4770 6982
274 577 328 629 An.
343 579 373 630 C.
399 581 465 632 1814

333 2704 366 2744 111Ι
391 2703 477 2746 tritanu

266 2753 388 2815 dloeresls
400 2758 478 2799 11111111-

268 2815 410 2852 [1111161616.

285 4673 341 4713 11116
358 4674 481 4724 1116116116-

269 4723 336 4767 lillrtt
360 4724 478 4768 blrtirntti

268 4778 479 4832 Arvlriepisrupl

268 4829 380 4877 subiicit.

515 578 574 641 396

497 715 676 794 expeditius
703 716 880 794 maiorique
902 717 1128 780 commoditate
1156 715 1243 778 illius

497 809 679 872 dioeceseos
701 811 882 887 procuratio
901 818 998 888 queat
1019 811 1125 888 aliquo
1148 811 1244 872 modo

497 903 685 974 continuari,
703 903 871 964 statuimus
892 904 1073 980 legitimum
1098 905 1242 966 eiusdem

496 995 679 1056 dioeceseos
701 995 992 1058 administratorem
1021 1013 1094 1058 cum
1117 998 1244 1060 1666116-

497 1087 580 1150 tibus
603 1089 859 1168 competentibus
881 1091 920 1152 de
942 1091 1013 1152 iure
1035 1090 1088 1152 vel
1111 1091 1149 1152 de
1165 1091 1244 1166 legi-

497 1181 572 1243 tima
594 1183 827 1245 consuetudine
843 1184 1000 1262 protinus,
1022 1185 1124 1246 donec
1139 1200 1243 1246 novus

496 1275 605 1336 Pastor
626 1276 685 1354 ipsi
700 1278 892 1356 episcopatui
910 1278 970 1338 rite
986 1278 1165 1356 praelectus
1176 1279 1244 1340 lue·

496 1371 548 1442 rit,
574 1371 720 1434 luturum
751 1388 819 1433 esse
845 1373 937 1438 illum
967 1372 1076 1450 quiin
1107 1389 1243 1434 munere

496 1470 591 1540 atque
614 1466 767 1528 exercitio
783 1465 897 1527 Vicarii
921 1467 1081 1543 generalis
1098 1467 1243 1545 Episcopi

496 1559 535 1620 de
558 1557 640 1620 Vera
662 1559 764 1622 Cruce
787 1561 930 1622 extiterit
951 1577 988 1622 eo
1012 1567 1244 1638 temporeque

496 1651 595 1729 ipsius
612 1653 811 1731 episcopatus
830 1655 980 1716 acciderit
995 1655 1132 1728 vacati03
1150 1654 1175 1714 si
1191 1669 1244 1716 ve-

497 1761 533 1806 ro
556 1746 664 1808 nullus
688 1763 727 1808 eo
750 1748 904 1826 temporis
937 1755 1103 1810 momento
1124 1747 1167 1809 ibi
1194 1749 1244 1810 ad-

496 1839 595 1901 iuerit
610 1839 752 1902 Vioarius
769 1842 939 1918 generalis,
960 1851 1034 1904 tunc
1049 1843 1178 1919 quidem
1196 1859 1245 1904 re-

497 1951 628 1996 cursum
653 1935 763 1997 baberi
785 1937 936 1998 volumus
966 1937 1002 1998 ad
1026 1935 1244 2016 archiepisco—

497 2045 574 2108 pum
598 2046 655 2108 pro
678 2039 824 2108 tempore
841 2031 1052 2103 llexicanum,
1073 2031 1163 2092 cuius
1180 2048 1245 2093 rne-

498 2124 697 2202 tropolitlcae
729 2124 959 2194 iurisdictioni,
990 2125 1083 2186 sicuti
1111 2125 1246 2186 interius

498 2218 653 2290 edicctur,
676 2218 816 2280 subiecta
840 2219 901 2280 erit
917 2218 993 2280 baec
1017 2235 1097 2280 nova
1115 2219 1246 2280 ecclesia

498 2313 536 2374 tle
560 2310 641 2374 Vera
664 2311 777 2384 Cruce,
802 2329 858 2373 seu
881 2313 918 2374 ad
942 2313 1001 2374 boc
1020 2313 1124 2391 ipsum
1149 2329 1246 2388 nego·

497 2405 581 2467 ciunt
595 2405 681 2467 iuxta
695 2405 945 2466 circumstantias
959 2405 1064 2468 forsan
1077 2405 1246 2482 aliquando

498 2500 651 2561 extituras
683 2506 770 2560 recte
800 2499 958 2577 planeque
988 2507 1162 2560 serventur
1191 2515 1243 2570 ea,

499 2609 579 2670 quae
601 2593 633 2654 in
656 2593 686 2654 id
712 2593 902 2670 praescripta
924 2591 1146 2654 inveniuntur.

538 2691 555 2760 s}
573 2687 619 2748 ltt.
630 2687 893 2764 Quandoquidem
907 2688 1202 2765 p1·olectoaequum
1216 2693 1248 2749 et

498 2782 631 2858 dignum
647 2787 809 2852 censetur,
826 2787 862 2842 ut
878 2798 917 2842 ex
933 2798 994 2843 una
1011 2789 1099 2859 parte
1115 2782 1247 2844 admini-

497 2877 625 2936 stratori
648 2875 805 2936 eiusmodi
831 2891 1011 2950 congruum
1036 2875 1245 2937 bonorarlum

498 2985 556 3048 pro
575 2970 694 3031 muniis
710 2970 926 3047 oneribusque
942 2969 980 3030 ab
996 2987 1034 3031 66
1051 2971 1247 3032 exantlamlis

498 3065 531 3124 in
554 3063 691 3142 praelata
713 3063 857 3125 eiusdem
874 3064 1073 3142 episcopatus
1088 3081 1144 3125 seu
1161 3065 1246 3127 dioe-

499 3157 578 3220 cesis
590 3156 865 3218 administratione
877 3159 1075 3235 procuranda
1090 3159 1247 3221 tribuatur

500 3269 539 3313 ex
561 3251 717 3313 reditibus
739 3251 824 3312 illins
841 3267 970 3313 mensae
993 3252 1189 3331 episcopalis,
1207 3271 1246 3316 ex

499 3346 597 3407 altera
626 3352 733 3406 autem
762 3353 851 3423 parte
878 3361 1016 3422 aequum
1045 3345 1191 3408 videatur
1212 3355 1247 3409 ut

499 3439 597 3517 ipsius
621 3455 750 3502 mensae
772 3439 894 3500 reditus
911 3447 1056 3517 tempore
1077 3441 1247 3503 irritationis

499 3533 654 3612 Episcopo
690 3533 764 3595 dein
796 3549 985 3594 successuro
1017 3541 1245 3608 reserventur,

499 3627 615 3704 quibus
638 3625 760 3688 facilius
776 3642 947 3688 occurrere
966 3627 1050 3688 idem
1077 3628 1247 3705 6661111111-

499 3721 605 3800 pensis
631 3723 663 3782 in
692 3721 877 3799 receptione
907 3737 940 3780 ac
969 3727 1051 3782 statu
1086 3723 1246 3798 dignitatis

499 3816 686 3894 episcopalis
708 3815 944 3885 substinendiS,
970 3815 1181 3893 praecipimus
1203 3824 1247 3877 at-

498 3926 561 3987 que
597 3909 786 3978 statuimus,
823 3917 858 3969 nt
893 3915 1040 3986 tempore
1077 3911 1246 3972 vacationis

499 4004 644 4066 eiusdem
680 4002 879 4080 episcopatus
912 4004 1065 4065 medietas
1102 4004 1246 4066 omnium

499 4096 721 4174 quorumlibet
741 4094 828 4156 illius
852 4111 981 4156 mensae
1004 4097 1167 4158 redituum
1191 4114 1247 4175 pro

499 4197 565 4252 rata
588 4189 743 4267 temporis
759 4189 931 4252 vacationis
946 4189 1137 4251 attribuatur
1153 4199 1248 4268 atque

499 4285 699 4347 adiudicetur
722 4283 935 4361 praeiudicato
965 4283 1089 4344 11166116
1111 4300 1168 4346 seu
1198 4287 1248 4346 ad-

500 4377 724 4451 ministratori;
749 4377 846 4439 altera
868 4391 946 4438 vero
973 4379 1126 4439 medietas
1149 4380 1248 4442 fideli-

501 4479 550 4550 ter
579 4473 769 4535 adservetur
797 4471 953 4549 Episcopo
977 4471 1015 4532 de
1038 4471 1120 4534 Vera
1146 4473 1248 4537 Cruce

500 4567 635 4628 subinde
658 4566 881 4643 praeficiendo.

540 4663 558 4736 ἓ
576 4659 622 4721 lb.
636 4659 756 4734 Quibus
768 4661 975 4736 praestitutis,
986 4661 1137 4724 volumus
1154 4663 1248 4724 etiam

501 4761 536 4815 ut
551 4751 735 4830 episcopalis
755 4751 887 4812 ecclesia
909 4752 947 4813 de
968 4753 1048 4815 Vera
1065 4754 1248 4818 111666166-

501 4847 682 4926 tropolitico
702 4847 764 4907 iuri
780 4846 1016 4926 trctrteptscopi
1031 4865 1088 4926 pro
1103 4855 1248 4928 tempore

501 4941 654 5004 lilexicani
677 4941 817 5002 subiecta
839 4941 889 5012 sit,
914 4942 1052 5019 ideoque
1077 4943 1142 5020 ipsa
1165 4944 1248 5006 1166-

502 5041 554 5096 161
577 5035 613 5096 iis
638 5035 786 5096 omnibus
806 5033 1018 5106 facultatibus,
1036 5037 1248 5114 exemptioni-

501 5130 570 5201 bus,
586 5129 815 5207 praerogativis
832 5135 863 5190 et
878 5129 1002 5190 iuribus
1026 5145 1106 5206 quae
1128 5131 1164 5192 ad
1181 5149 1248 5192 cae-

500 5231 583 5285 teras
599 5224 815 5299 sullraganeas
829 5222 981 5284 blericani
995 5222 1245 5303 llrcbiepiscopi,

500 5319 592 5380 sicuti
618 5320 717 5379 moris
744 5324 776 5379 et
797 5317 876 5378 iuris
898 5324 956 5388 est,
981 5317 1126 5394 legitime
1152 5320 1248 5399 perti-

500 5419 589 5484 nent,
613 5413 665 5473 vel
688 5412 852 5490 pertinere
876 5411 1059 5488 eontigerit.

540 5509 558 5578 ξ
582 5505 628 5566 ll.
653 5505 788 5566 Fructus
811 5519 890 5565 vero
913 5504 1057 5566 eiusdem
1081 5521 1182 5566 1161166
1199 5523 1247 5567 66-

501 5597 612 5659 clesiae
636 5599 674 5658 de
697 5597 779 5658 Vara
798 5597 901 5659 Crtrce
918 5599 956 5659 de
973 5614 1063 5659 more
1080 5599 1247 5660 1611611116-

501 5708 596 5752 renos
619 5693 686 5752 auri
710 5692 748 5752 de
771 5691 903 5752 Camera
926 5691 1056 5768 triginta
1079 5699 1144 5752 tres
1173 5710 1245 5754 curn

501 5785 593 5846 tertia
615 5785 713 5862 ipsius
740 5785 854 5846 lloreni
876 5791 983 5863 parte,
1014 5791 1108 5862 atque
1139 5787 1247 5848 buius-

501 5879 586 5939 modi
604 5885 705 5939 taxam
721 5882 753 5940 111
770 5879 859 5940 libris
875 5879 1028 5942 Gamerae
1048 5879 1247 5958 Apostolicao

500 5977 577 6033 ets.
601 5971 737 6049 Collegii
759 5973 895 6034 describi
918 5974 1079 6036 iubemus.

1016 597 1081 642 lUll.
1105 597 1197 643 ΡΟΝΤ.
1221 599 1261 642 DE
1283 599 1313 644 P.
1337 601 1367 644 F.
1392 601 1475 644 PARS
1496 601 1518 645 l.

2079 589 2133 638 Aa.
2151 587 2184 638 C.
2214 585 2294 634 1844

1340 719 1359 793 ,ξ
1382 717 1429 779 18.
1454 719 1494 780 111
1516 735 1594 782 vero
1617 727 1728 782 cuncta
1750 739 1765 782 a
1788 721 1878 783 nobis
1898 721 2049 800 disposita
2094 739 2254 806 laruarum
2279 745 2303 774 a·

1300 812 1333 872 in
1355 829 1451 890 supra
1473 814 1609 874 exaratis
1632 815 1773 876 articulis
1796 816 1831 876 ad
1860 830 1955 876 snum
1978 789 2164 892 661-ξξξω1·
2196 799 2304 832 “W

1301 907 1457 967 ducantur
1480 907 1641 980 ellectum,
1671 923 1745 969 ven.
1770 908 1858 968 lratri
1882 908 2048 970 Francisco

1301 999 1397 1060 Paulo
1420 997 1565 1076 Vasquez
1589 999 1746 1062 bodierno
1768 1001 1926 1080 Episcopo
1949 1001 2048 1063 eccle-

1300 1093 1363 1154 siae
1386 1093 1591 1164 llascalensis‚
1608 1109 1704 1172 quem
1729 1095 1843 1157 barum
1867 1097 2048 1157 litterarum

1301 1193 1483 1247 nostrarum
1497 1187 1528 1247 vi
1541 1195 1776 1264 exequutorem
1790 1189 1940 1267 eligimus
1952 1207 1986 1250 ac
1998 1191 2049 1251 de-

1302 1287 1461 1358 putamus
1476 1283 1669 1342 necessarias
1686 1299 1797 1344 omnes
1814 1291 1845 1345 et
1858 1291 2050 1362 opportunas

1301 1373 1339 1434 ad
1362 1375 1609 1451 praemissorum
1634 1376 1783 1437 ellectum
1813 1377 1955 1454 plenarie
1978 1393 2050 1437 con-

1301 1467 1502 1543 sequendum
1521 1467 1693 1530 tribuimus
1709 1468 1883 1541 facultates,
1898 1477 1934 1531 ut
1949 1485 2051 1547 perse

1302 1561 1353 1622 vel
1377 1576 1434 1638 per
1456 1562 1548 1624 aliam
1572 1579 1741 1640 personam
1764 1564 1797 1625 in
1815 1565 1988 1626 ecclesiast.
2007 1564 2050 1624 111-

1303 1655 1423 1732 gnitate
1446 1657 1651 1718 constitutam
1671 1657 1708 1718 ab
1725 1674 1763 1718 eo
1779 1657 2050 1734 subdelegandam

1304 1748 1409 1809 omnia
1438 1755 1579 1810 statuere
1602 1767 1635 1810 ac
1664 1751 1840 1812 decernere
1869 1750 1989 1822 valeat,
2018 1767 2052 1811 ac

1304 1843 1397 1904 etiam
1431 1859 1503 1904 cum
1537 1843 1685 1905 lacultate
1721 1844 1826 1905 eidem
1860 1847 2052 1920 exequutori

1303 1939 1370 1999 sive
1387 1938 1455 1999 eius
1471 1937 1681 2014 srrltdelegato
1696 1938 1873 2009 definitive,
1895 1938 1996 2000 libere
2019 1955 2053 1999 ac

1304 2032 1388 2094 licite
1411 2032 1639 2110 pronuntiandi
1661 2047 1759 2110 super
1774 2047 1976 2110 quacumque
1999 2049 2053 2110 op-

1304 2126 1461 2204 positione
1477 2126 1509 2187 in
1525 2131 1595 2187 actu
1609 2128 1836 2201 exequutionis
1852 2127 2052 2202 quomodoli-

1304 2219 1357 2281 bet
1370 2219 1476 2280 lorsan
1490 2221 1622 2294 oritura3
1633 2219 1773 2280 iniuncta
1785 2220 1843 2298 ipsi
1857 2219 2051 2296 obligatione

1304 2311 1477 2388 diligenter
1500 2313 1532 2374 in
1555 2315 1685 2374 decreto
1705 2313 1913 2374 executoriali
1935 2314 2052 2374 descri-

1303 2405 1399 2468 bendi
1416 2405 1496 2466 fines
1510 2421 1611 2468 novae
1627 2405 1782 2467 dioecesis
1798 2407 1837 2467 de
1853 2407 1935 2469 Vera
1950 2405 2052 2469 Cruce

1303 2515 1337 2558 ac
1359 2498 1507 2559 mittendi
1530 2499 1566 2560 ad
1590 2499 1802 2576 apostolicam
1831 2499 1946 2562 Sedem
1971 2503 2051 2564 intra

1304 2607 1360 2653 sex
1383 2607 1511 2652 menses
1534 2592 1571 2654 ab
1588 2593 1713 2669 expleta
1730 2593 1911 2656 litterarum
1929 2603 2052 2672 apostu-

1303 2685 1436 2748 licarum
1461 2685 1650 2747 executione
1678 2687 1844 2764 exemplar
1872 2687 2052 2750 authentica

1304 2780 1406 2841 lorma
1442 2786 1605 2840 exaratum
1642 2781 1848 2842 decretorum
1884 2783 2049 2854 omniurn,

1304 2875 1439 2950 quaein
1463 2875 1576 2934 irarum
1599 2874 1780 2936 litterarum
1800 2877 2051 2953 exequutionem

1304 2969 1439 3040 emittet,
1454 2975 1490 3028 ut
1506 2968 1538 3029 in
1554 2968 1709 3030 tabulario
1721 2969 1987 3046 congregationis
2003 2987 2052 3033 re-

1304 3061 1362 3123 bus
1385 3063 1659 3124 consistorialibus
1682 3064 1880 3141 praepositae
1900 3065 1938 3126 de
1961 3081 2052 3127 more

1303 3163 1499 3218 asservetur.

1343 3251 1361 3324 ἓ
1386 3248 1433 3310 te.
1457 3249 1736 3312 Praesentesvero
1759 3251 1880 3312 litteras
1904 3257 1936 3312 et
1958 3252 1989 3314 111
2006 3254 2051 3314 eis
2084 3271 2242 3332 ,alterarum
2263 3283 2304 3312 aa·

1304 3351 1453 3406 contenta
1475 3361 1708 3422 quaecumque,
1724 3345 1819 3407 etiam
1843 3363 1882 3408 ex
1905 3364 1943 3409 eo
1966 3349 2050 3425 quod
2071 3323 2203 3424 ζ’ὲῖζξῗξθω
2253 3326 2303 3369 “”“

1304 3439 1440 3515 quilibet
1472 3439 1629 3501 interesse
1663 3439 1817 3501 babentes
1848 3442 1900 3503 vel
1934 3441 2051 3503 babere

1304 3533 1552 3612 praetendentes
1584 3532 1686 3594 vocati
1713 3539 1744 3594 et
1772 3534 1870 3596 auditi
1892 3551 1957 3596 non
1984 3535 2051 3597 lue-

1304 3627 1369 3688 rint
1391 3644 1424 3688 66
1447 3627 1613 3704 promissis
1636 3643 1700 3688 non
1728 3629 1968 3701 consenserint,
2000 3646 2051 3690 eo·

1305 3735 1377 3780 rum
1395 3720 1578 3788 consensui,
1593 3727 1750 3796 quatenus
1767 3737 1845 3798 opus
1860 3721 1911 3792 sit,
1926 3723 1965 3783 de
1980 3739 2051 3800 apo-

1304 3815 1433 3875 stolicae
1450 3813 1614 3890 potestatis
1635 3813 1834 3890 plenitudine
1851 3815 2048 3892 supplentes,

1305 3907 1395 3969 nullo
1408 3923 1549 3983 unquam
1561 3914 1705 3985 tempore
1719 3907 1757 3968 de
1770 3907 1986 3986 subreptionis
1999 3910 2049 3971 vel

1306 4001 1502 4078 obreptionis
1515 4008 1568 4061 aut
1580 3999 1734 4062 nullitatis
1747 4001 1824 4060 vitio
1837 4003 2052 4064 1611111166ῑί6-

1305 4095 1354 4156 nis
1380 4101 1507 4154 nostrae
1530 4093 1583 4154 vel
1606 4093 1711 4170 aliquo
1735 4094 1830 4154 ctiam
1853 4095 2051 4158 substantiali

1305 4189 1431 4252 delectu
1452 4190 1566 4259 notari,
1591 4187 1774 4264 impugnari
1797 4195 1850 4248 aut
1872 4187 1903 4250 in
1926 4197 2051 4251 contro·

1305 4283 1442 4344 versiam
1460 4281 1566 4342 vocari
1591 4298 1693 4359 posse,
1711 4281 1767 4343 sed
1789 4297 1919 4360 semper
1934 4289 1966 4344 et
1981 4299 2052 4361 per-

1305 4384 1402 4456 petuo
1424 4376 1542 4437 validas
1556 4381 1588 4436 et
1604 4376 1744 4436 efficaces
1760 4376 1899 4438 existere
1921 4395 1955 4439 ac
1971 4378 2050 4450 lore,

1305 4487 1446 4548 suosque
1462 4470 1622 4548 plenarios
1638 4476 1670 4530 et
1684 4469 1828 4546 integros
1841 4471 2053 4534 6166166561-

1307 4566 1356 4627 tiri
1382 4573 1413 4626 et
1439 4565 1596 4637 obtinere,
1625 4563 1718 4624 acab
1741 4565 1889 4625 omnibus
1911 4567 1947 4628 ad
1972 4583 2051 4644 quos

1304 4665 1424 4738 spectat
1438 4658 1667 4721 inviolabiliter
1683 4659 1847 4720 observari
1864 4659 1982 4724 debere
1997 4677 2052 4723 vo-

1306 4753 1413 4814 lumus
1436 4761 1531 4830 atque
1554 4753 1769 4814 decernimus.

1345 4851 1363 4923 ἓ
1385 4845 1434 4908 ab.
1459 4847 1530 4908 Non
1552 4847 1750 4908 obstantibus
1766 4847 1805 4907 de
1821 4847 1891 4908 iure
1908 4851 2052 4924 quaesito
2099 4861 2249 4907 clausurae.

1306 4959 1370 5005 non
1383 4942 1537 5012 tollendo,
1553 4942 1592 5002 de
1607 4941 1887 5018 suppressionibus
1908 4945 2053 5006 6611111111-

1306 5037 1409 5098 tendis
1426 5036 1461 5096 ad
1479 5042 1595 5112 partes,
1614 5036 1732 5096 vocatis
1749 5051 1887 5111 quorum
1904 5038 2049 5112 interest,

1305 5131 1439 5207 allisque
1460 5130 1578 5192 nostris
1595 5137 1625 5190 et
1641 5129 1847 5191 cancellariae
1862 5131 2052 5208 apostolicae

1305 5225 1427 5300 regulis
1451 5241 1484 5284 ac
1499 5225 1532 5284 in
1548 5223 1765 5300 synodalibus,
1790 5223 2051 5300 provincialibus,

1304 5317 1610 5394 universalibusque
1632 5316 1774 5378 conciliis
1797 5315 1889 5378 editis
1912 5318 2052 5395 speciali-

1305 5413 1364 5473 bus
1397 5411 1449 5472 vcl
1479 5411 1686 5487 generalibus
1715 5411 1999 5473 constitutionibus
2023 5420 2054 5474 et

1305 5506 1560 5567 ordinationibus
1583 5505 1761 5583 apostolicis
1784 5511 1816 5565 et
1837 5505 2003 5582 quibusvis
2025 5523 2054 5567 6-

1304 5600 1354 5661 liis
1376 5599 1593 5661 Romanorum
1616 5598 1805 5658 Pontificum
1833 5599 2054 5676 praedecesso-

1305 5709 1376 5754 rum
1402 5699 1586 5754 nostrorum
1610 5691 1883 5769 dispositionibus,
1907 5693 2054 5754 caeteris-

1305 5803 1367 5864 que
1390 5786 1557 5848 contrariis
1580 5785 1849 5863 quibuscumque.
1938 5847 1940 5850 .

1343 5881 1432 5955 §El
1458 5880 1614 5941 Volumus
1638 5887 1801 5957 praeterea
1823 5887 1858 5941 ut
1880 5881 1994 5942 barum
2017 5880 2053 5941 li-
2076 5957 2082 5965 Ἰ
2117 5889 2189 5966 ranas
2213 5895 2291 5936 aran-

1304 5979 1447 6037 terarum
1464 5975 1672 6051 transumptis
1689 5973 1783 6035 etiam
1800 5974 1974 6052 impressis,
1990 5989 2052 6034 nra·
2072 5949 2188 6000 ⁸¹¹“¹¹'¹¹³'
