4822 6986
951 625 1126 673 cumoculos
1148 627 1199 672 PP.
1224 627 1289 672 xvl.

343 755 382 801 ex
403 741 460 806 sni
481 744 682 808 contessione
703 745 873 822 redargui;
897 752 939 818 et,
963 745 990 806 si
1013 759 1093 822 opus

343 833 453 908 luerit,
478 837 516 900 ad
541 853 635 900 reum
664 838 921 902 convincendum
952 855 1094 916 eumque

344 929 381 990 ad
404 930 575 994 veritatem
597 931 763 996 dicendam
779 932 1008 1003 inducendum,
1026 939 1094 1010 pot-

345 1031 442 1087 erunt
464 1040 570 1088 coram
587 1041 625 1088 eo
641 1025 774 1104 produci
790 1032 899 1098 testes,
917 1027 972 1103 qui
987 1026 1093 1105 ipsum

345 1117 547 1182 convincant.

74 1219 326 1318 “grffiffiffiti
385 1227 414 1270 v.
438 1210 542 1280 vintru
555 1211 714 1282 examine,
732 1213 871 1275 dandum
888 1214 950 1276 erit
964 1215 1024 1292 ipsi
1036 1230 1093 1276 reo

73 1324 294 1378 ‹topiosirtones
345 1306 510 1384 exemplar
525 1297 763 1384 dep'ositionum
787 1309 918 1374 testium
935 1309 1093 1372 examina-

344 1406 453 1462 torum
475 1400 545 1464 siue
567 1416 682 1462 eorum
710 1403 907 1475 nominibus
931 1419 1005 1466 cum
1032 1413 1093 1466 ter-

345 1492 433 1555 mino
455 1494 651 1574 competenti
665 1495 701 1556 ad
717 1495 875 1558 faciendas
897 1513 970 1559 suas
985 1498 1094 1561 delen-

344 1587 468 1662 siones3
494 1595 536 1662 et,
559 1588 585 1650 si
607 1589 721 1651 delicta
743 1589 803 1652 sibi
825 1590 948 1653 obiecta
969 1608 1034 1654 non
1049 1593 1093 1655 di-

344 1680 421 1752 luat,
445 1697 546 1760 eaque
574 1682 639 1744 sint
663 1682 793 1760 probata
822 1685 1019 1748 sufficienter
1040 1687 1091 1749 vel

343 1789 401 1851 per
423 1775 471 1836 rei
493 1775 741 1850 confessionem,
756 1783 810 1838 aut
825 1793 882 1857 per
904 1784 1001 1842 testes
1017 1795 1092 1842 reus

343 1868 442 1932 luerit
453 1870 630 1943 convictus
645 1871 774 1949 poterit,
789 1873 917 1949 praeviat
929 1873 1090 1948 citatione,

343 1964 380 2023 ad
401 1963 595 2026 senteutiam
619 1964 776 2036 deveniri,
795 1972 827 2028 et
841 1981 916 2028 reus
935 1967 969 2028 in
991 1970 1093 2046 poena

343 2056 412 2118 eius
435 2057 551 2120 delicto
577 2057 682 2120 debitat
709 2059 928 2127 condemnari.
959 2059 992 2123 Si
1013 2077 1092 2124 vero

343 2150 475 2212 diluerit
488 2151 645 2228 legitime,
665 2152 727 2214 erit
740 2153 954 2217 absolvendus
971 2163 1024 2218 aut
1040 2157 1092 2220 de-

343 2245 509 2308 clarandus
532 2246 699 2308 innocens.
724 2246 755 2310 Si
778 2255 883 2310 autern
899 2250 938 2311 de
961 2251 1030 2314 eius
1046 2252 1090 2314 iu·

343 2339 489 2401 nocentia
512 2356 577 2402 non
600 2341 695 2418 piene
716 2343 907 2416 constiterit,
932 2345 1091 2407 debelab-

342 2432 425 2494 solvi
456 2432 684 2505 nihilominus,
715 2437 855 2513 apposita
885 2437 1024 2500 clausula
1053 2457 1092 2502 eor

343 2528 498 2590 dustanus
509 2527 663 2598 declinetis,
677 2529 750 2606 quia
765 2529 948 2593 innocentia
964 2532 1011 2594 rei
1027 2549 1092 2594 nou

343 2621 403 2683 iuit
425 2621 520 2699 plene
543 2621 684 2699 probata.

383 2733 424 2776 vr.
450 2714 481 2778 Si
511 2715 605 2778 abbas
637 2717 798 2794 generalis
829 2725 883 2780 aut
915 2719 1092 2797 hegumeni

343 2810 396 2872 vel
418 2810 512 2872 abbas
534 2811 717 2889 provinciae
747 2814 970 2876 commiserint
998 2816 1092 2878 alicui

342 2911 379 2968 ut
399 2921 524 2968 causam
547 2907 709 2969 examinet
730 2914 762 2970 et
780 2907 934 2970 iudicium
956 2909 1048 2982 ierat,
1066 2911 1091 2971 is

343 2999 448 3074 debet,
466 3001 581 3078 primo,
596 3003 753 3064 terminos
768 3001 923 3065 facultatis
937 3021 1012 3067 suae
1027 3021 1092 3068 non

343 3095 513 3166 excedere,
536 3095 594 3157 sed
615 3095 697 3157 intra
710 3111 766 3158 eos
789 3113 822 3158 se
846 3099 1027 3162 continere:
1046 3099 1091 3160 ni-

343 3188 474 3262 mirum,
492 3189 518 3250 si
534 3205 670 3250 examen
687 3191 911 3253 tantummodo
933 3191 993 3271 ipsi
1008 3209 1092 3256 com·

343 3281 477 3344 missum
500 3280 608 3354 luerit,
623 3298 688 3344 uon
710 3281 805 3345 debet
826 3285 1018 3348 sententiam
1031 3287 1093 3348 ier-

343 3391 397 3451 re;
421 3375 574 3447 secundo,
589 3376 771 3439 coriiectum
791 3385 944 3456 utsupra
965 3395 1092 3457 proces-

343 3485 416 3532 sum
430 3468 624 3540 iudicialem,
639 3471 833 3550 propriaque
845 3488 941 3534 manu
954 3473 1092 3537 subscri-

343 3569 434 3642 ptum
448 3569 480 3625 et
491 3563 597 3641 sigillo
611 3565 797 3626 monasterii
807 3566 980 3643 signatum,
992 3576 1092 3632 trans·

343 3659 449 3720 mittat
468 3659 506 3720 ad
528 3656 742 3736 superiorem.

382 3769 437 3814 vvr.
462 3752 606 3814 llonacbi
622 3769 735 3815 omues
750 3770 863 3817 curare
879 3756 1011 3819 debent:
1030 3761 1093 3838 pri-

343 3863 408 3916 mo,
431 3852 468 3907 ut
489 3845 734 3924 delinquentem
757 3849 921 3912 caritative
940 3861 1093 3916 moneant

342 3940 430 4002 iuxta
451 3945 597 4002 sanctum
619 3940 844 4018 Evangelium
858 3950 1030 4022 antequam
1045 3963 1093 4009 ac-

343 4041 474 4096 cusetur
502 4034 555 4096 vel
584 4034 815 4120 denunciatum
846 4039 1006 4112 secundo,
1037 4047 1098 4114 ut,-

344 4135 499 4206 quantum
521 4129 592 4191 fieri
615 4135 731 4208 potest,
749 4131 872 4193 evitent
893 4132 1029 4195 formam
1045 4135 1092 4199 iu·

344 4223 427 4296 dicii,
451 4224 620 4301 multoque
643 4226 743 4301 magis
770 4227 986 4304 exceptiones
1010 4244 1091 4305 quae

343 4318 410 4380 dari
431 4317 537 4380 solent
558 4319 611 4381 vel
633 4325 888 4397 possuntcontra
908 4321 1092 4386 solemnita-

343 4417 440 4474 tatem
463 4413 542 4473 iuris
564 4413 597 4474 in
621 4429 771 4491 processu
790 4414 871 4475 lacto
888 4422 919 4476 et
933 4420 1092 4480 sententia

343 4507 418 4582 lata3
443 4523 515 4568 narn
538 4507 723 4569 institutum
752 4509 980 4584 monasticum,
1005 4515 1091 4589 quod

342 4603 562 4679 assumpsere,
594 4602 688 4663 docet
716 4617 770 4662 eos
797 4619 863 4664 uon
894 4607 1091 4669 contendere

343 4695 471 4768 iudicio,
484 4696 539 4756 sed
553 4695 700 4773 propriae
716 4696 874 4758 voluntati
887 4699 1088 4773 renunciare,

343 4789 574 4867 poenitentiam
596 4805 694 4866 agere
717 4797 749 4852 et
770 4807 827 4868 pro
850 4791 986 4854 Domino
1015 4795 1089 4872 pati.

114 4897 325 5006 „xgrggfpcsst'pdaqr
384 4899 451 4943 l'lll.
476 4881 546 4943 Non
569 4882 665 4944 debet
685 4883 718 4944 in
733 4899 769 4944 re
792 4883 856 4945 levi
872 4885 925 4946 vel
947 4903 986 4948 ex
1002 4889 1091 4949 merri

115 5007 138 5052 ln
168 5009 242 5050 testes
272 5015 323 5050 non

115 5060 273 5105 ³¹¹¹¹¹³¹¹⁰⁰¹¹l
342 5070 453 5135 sedin
482 5069 597 5131 delicto
631 5069 720 5145 gravi
746 5077 778 5131 et
804 5077 892 5132 certo
918 5071 971 5133 vel
1001 5074 1090 5150 quasi

343 4975 523 5054 suspicione
545 4975 616 5036 fieri
631 4978 787 5038 accusatio
802 4983 856 5038 aut
870 4977 1089 5056 denunciatio;

343 5169 442 5226 certo.
473 5163 552 5225 ltern
579 5163 618 5224 ab
646 5164 845 5226 accusatione
875 5165 1091 5229 excluduntur

342 5257 471 5328 ebriosi,
496 5258 702 5328 detractores,
726 5257 880 5332 iracundi,
904 5266 959 5322 aut
980 5260 1090 5323 simili·

341 5351 401 5414 bus
423 5350 509 5413 vitiis
532 5350 724 5424 laborantes,
739 5351 805 5428 qui,
829 5353 917 5430 prius
940 5353 1091 5432 irequen-

342 5451 392 5506 ter
413 5444 539 5515 moniti,
558 5444 718 5506 emendati
741 5461 805 5506 non
828 5446 962 5510 luerint:
989 5451 1090 5527 etqui

341 5554 420 5600 voce
442 5539 541 5600 activa
557 5545 589 5600 et
603 5539 725 5616 passiva
746 5538 861 5618 privati
883 5547 968 5613 sunt,
992 5543 1089 5606 iidem

341 5650 406 5694 non
429 5633 548 5696 debent
569 5651 584 5694 a
607 5633 711 5696 iudice
732 5634 770 5695 ad
796 5635 1017 5698 testimonium
1039 5639 1090 5700 ad-

322 5794 326 5801 ,
341 5725 693 5797 mitti,beneta1neuad
705 5727 1090 5802 informationemtluau-

342 5821 380 5882 de
402 5835 480 5881 vero
504 5837 543 5882 ex
565 5835 717 5898 processu
739 5821 917 5883 constiterit
938 5822 1089 5886 innocen·

341 5915 383 5976 tia
404 5914 556 5986 accusati,
586 5913 682 5976 debet
702 5932 719 5977 a
739 5915 843 5978 iudice
872 5923 1033 5980 accusator
1055 5918 1088 5980 iu

341 6010 442 6089 poena
464 6007 591 6071 talionis
613 6009 831 6072 condemnari.

1820 603 1878 666 427

1189 761 1233 808 rx.
1259 742 1292 806 Si
1313 743 1477 816 delictum,
1495 743 1535 804 de
1556 757 1619 820 quo
1639 740 1710 818 quis
1733 743 1898 801 accusatur

1149 844 1204 900 aut
1225 838 1436 900 denunciatur
1457 836 1511 898 vel
1532 833 1725 912 inquiratur,
1743 848 1808 894 nou
1830 830 1898 892 iue-

1150 932 1192 993 rit
1213 932 1388 1010 publicum,
1408 945 1520 993 curare
1538 929 1634 992 debet
1647 928 1746 990 iudex
1761 942 1802 988 ne
1817 925 1896 987 illud

1151 1024 1297 1102 evulget,
1321 1025 1378 1088 sed
1399 1029 1562 1087 secretum
1591 1028 1717 1094 servet,
1742 1025 1898 1099 quantum

1150 1107 1221 1180 fieri
1243 1123 1359 1196 potest.

1191 1227 1222 1272 x.
1239 1209 1297 1284 Qui
1312 1209 1543 1290 poenitentiam
1559 1215 1674 1288 sponte
1689 1209 1794 1274 iacere
1808 1223 1899 1270 recu·

1150 1305 1285 1378 saverit,
1319 1304 1470 1382 compelli
1497 1304 1617 1382 poterit
1644 1319 1702 1382 per
1734 1317 1896 1364 censuras.

1150 1397 1239 1472 Quod
1259 1398 1286 1459 si
1307 1398 1380 1460 istus
1403 1404 1556 1476 proterve
1576 1397 1754 1475 spreverit,
1778 1395 1899 1458 acriora

1150 1493 1292 1554 remedia
1314 1492 1542 1566 adhibeantur3
1566 1505 1696 1569 semper
1717 1497 1824 1552 tamen
1846 1489 1899 1550 ba-

1150 1585 1217 1648 bito
1238 1591 1385 1665 respectu
1408 1585 1665 1649 circumstantiae
1686 1583 1759 1658 loci,
1776 1589 1899 1664 tempo·

1150 1679 1194 1740 ris
1217 1685 1249 1742 et
1270 1695 1436 1759 personae.

1175 1851 1178 1857 ’
1230 1869 1309 1932 Car,
1333 1869 1369 1932 ll.
1393 1902 1430 1916 —
1453 1868 1497 1931 Dc
1518 1869 1621 1950 culpis
1642 1871 1672 1930 ct
1694 1866 1815 1948 poenis.

1189 2059 1269 2121 Cum
1292 2059 1538 2122 constitutiones
1560 2057 1663 2118 nostri
1685 2055 1810 2118 Ordinis
1833 2071 1898 2117 non

1150 2153 1294 2230 obligent
1316 2155 1353 2214 ad
1376 2153 1512 2231 culpant,
1528 2151 1589 2214 nisi
1611 2157 1743 2230 propter
1756 2155 1898 2212 contem-

1150 2253 1240 2325 ptum
1264 2254 1295 2308 et
1316 2246 1517 2318 scandalum,
1542 2246 1598 2307 sed
1620 2245 1727 2306 solum
1753 2242 1899 2319 obligent

1149 2340 1186 2401 ad
1209 2355 1344 2417 poenam
1366 2337 1659 2416 transgressoribus
1675 2336 1895 2413 infligendam,

1149 2435 1221 2496 ideo
1243 2433 1414 2496 dicendum
1438 2450 1523 2495 nuno
1545 2439 1594 2494 est
1616 2433 1655 2494 de
1678 2430 1790 2510 poeuis
1816 2443 1897 2506 quae

1149 2529 1187 2590 ad
1209 2528 1447 2606 correptionem
1463 2527 1629 2605 culparum
1652 2526 1875 2603 imponuntur.

1190 2642 1210 2685 r.
1235 2624 1269 2685 ln
1292 2623 1404 2702 primis
1425 2623 1610 2702 superiores
1629 2618 1822 2695 intelligant,
1837 2616 1898 2678 sibi
1935 2623 2129 2721 {igggjfffiseffle

1926 2729 2036 2777 ribendo.

1149 2734 1222 2782 cum
1246 2717 1398 2779 iratribus
1410 2717 1572 2794 agendum
1593 2715 1626 2776 in
1649 2713 1764 2792 spiritu
1786 2687 1931 2776 lenita-l1

1150 2813 1200 2886 tis,
1224 2827 1294 2883 nec,
1319 2811 1381 2872 nisi
1403 2811 1493 2872 causti
1516 2815 1636 2871 attente
1659 2807 1836 2886 perspecti,
1860 2805 1896 2867 ad

1149 2905 1270 2967 acriora
1280 2903 1422 2966 remedia
1435 2919 1504 2965 esse
1517 2899 1803 2981 progrediendum.
1820 2897 1898 2972 Qua-

1149 3017 1184 3062 re
1207 3001 1400 3079 plerumque
1422 2995 1655 3076 praemittenda
1678 2995 1741 3057 erit
1755 2993 1898 3072 admoni-

1151 3095 1193 3156 tio
1215 3093 1401 3156 charitativa
1421 3108 1478 3154 seu
1507 3105 1565 3168 per
1587 3105 1622 3151 se
1643 3105 1701 3150 seu
1723 3104 1781 3167 per
1807 3089 1896 3160 alioS,

1149 3189 1228 3251 itaut
1242 3186 1389 3250 subditus
1404 3187 1556 3249 doceatur
1571 3183 1830 3246 emendationem
1846 3183 1899 3244 de-

1149 3283 1298 3346 lictorum
1321 3299 1337 3344 a
1359 3280 1528 3360 superiore
1551 3278 1679 3356 quaeri,
1704 3294 1769 3348 non
1798 3277 1899 3339 delin-

1149 3377 1319 3454 quentium
1341 3375 1481 3437 ruinam.
1892 3433 1894 3437 .

1190 3488 1224 3531 11.
1247 3469 1432 3547 intelligant
1442 3468 1561 3548 pariter
1577 3466 1707 3539 subditi,
1722 3465 1832 3528 eadem
1849 3464 1899 3542 pit

1149 3565 1247 3626 animi
1269 3564 1509 3649 praeparatione
1529 3561 1589 3624 sibi
1606 3560 1808 3638 suscipienda
1829 3575 1898 3622 esse
1941 3593 1943 3596 ·

1148 3660 1207 3722 ista
1228 3659 1365 3721 caritatis
1393 3657 1554 3730 remedia,
1584 3671 1656 3717 cum
1686 3669 1747 3732 qua
1769 3673 1785 3716 a
1805 3669 1899 3732 supe-

1149 3754 1236 3817 riore
1267 3753 1321 3815 illa
1348 3752 1497 3831 applicari
1523 3752 1645 3814 iustum
1675 3757 1724 3812 est
1750 3750 1896 3822 credere,

1149 3863 1222 3908 curn
1242 3862 1359 3924 magno
1374 3845 1496 3908 scilicet
1518 3846 1677 3914 desiderio
1693 3844 1815 3923 proprii
1827 3860 1898 3923 pro-

1150 3939 1250 4005 iectus
1280 3947 1312 4002 et
1341 3940 1591 4014 emendationis3
1622 3953 1728 4015 neque
1757 3939 1898 4000 dandum

1149 4034 1256 4096 locum
1273 4034 1398 4097 diabolo
1414 4033 1605 4110 suggerenti
1625 4032 1734 4096 iutiles
1750 4033 1898 4110 querelas

1149 4130 1303 4192 adversus
1321 4129 1517 4207 superiores,
1534 4134 1589 4191 aut
1602 4144 1712 4190 secum
1728 4128 1814 4208 ipsis,
1831 4133 1895 4200 aut,

1149 4225 1235 4302 quod
1265 4224 1397 4285 omniuo
1426 4223 1605 4286 cavendum
1633 4229 1691 4296 est,
1716 4239 1789 4285 cum
1817 4223 1895 4295 aliis,

1149 4319 1337 4398 praesertim
1351 4317 1504 4390 externis,
1514 4319 1638 4380 etiamsi
1649 4317 1813 4396 contingat
1824 4334 1897 4396 poe-

1148 4413 1299 4476 nitentias
1321 4411 1447 4489 iniungi
1476 4412 1656 4496 insontibus
1682 4428 1722 4474 ex
1750 4413 1837 4486 falsat,
1862 4419 1898 4475 ut

1149 4507 1317 4584 aliquando
1339 4507 1482 4568 accidere
1503 4522 1632 4568 necesse
1655 4513 1713 4580 est,
1738 4507 1897 4571 delatione

1149 4606 1181 4662 et
1202 4617 1325 4662 errore.

1188 4713 1235 4756 111.
1260 4695 1427 4758 Praeterea
1442 4695 1627 4773 superiores
1643 4696 1832 4774 frequenter
1847 4713 1896 4760 re-

1148 4789 1301 4865 cogitent,
1316 4805 1350 4850 se
1366 4790 1405 4851 de
1416 4789 1482 4851 suis
1504 4790 1639 4852 subditis
1661 4791 1819 4854 rationem
1831 4791 1897 4854 Deo
1962 4834 1964 4842 ·

1148 4883 1347 4956 reddituros;
1371 4899 1405 4944 ac
1434 4883 1568 4962 proinde
1595 4884 1769 4961 diligenter
1798 4886 1897 4948 serio-

1149 4991 1212 5052 que
1241 4983 1389 5048 caveant,
1414 4993 1455 5038 ne
1477 4993 1517 5038 ex
1539 4977 1666 5056 propria
1695 4978 1896 5055 indulgentia

1149 5075 1181 5130 et
1195 5071 1387 5132 remissione
1403 5061 1561 5149 regularis
1577 5073 1742 5152 disciplina
1757 5073 1893 5136 laxetur:

1148 5162 1225 5224 dum
1239 5164 1394 5226 nimirum
1406 5165 1535 5238 subditi,
1546 5167 1772 5244 impunitatem
1784 5167 1844 5229 sibi
1857 5185 1895 5230 ex

1148 5257 1325 5334 superioris
1347 5259 1551 5322 conniventia
1573 5260 1772 5338 pollicentes,
1798 5263 1896 5338 quod-

1148 5349 1227 5412 libet
1247 5353 1365 5414 audere
1389 5353 1539 5431 paulatim
1562 5361 1753 5416 assuescant.
1784 5354 1897 5428 Quam-

1149 5445 1260 5508 obrem
1283 5453 1373 5509 caute
1395 5449 1691 5529 circumspecteque
1719 5450 1893 5522 attendant,

1148 5555 1188 5600 ue
1211 5541 1282 5616 quis
1297 5547 1407 5602 contra
1429 5542 1673 5604 constitutiones
1685 5541 1802 5604 abusus
1818 5557 1896 5619 quo-

1147 5634 1195 5695 vis
1217 5641 1371 5712 praetexu
1401 5636 1586 5712 inducatur3
1617 5637 1833 5714 noverintque
1856 5655 1895 5700 ex

1148 5728 1253 5805 parvis
1286 5719 1596 5806 transgressionibus
1624 5747 1772 5808 maguam
1798 5748 1895 5808 quan-

1147 5824 1252 5901 doque
1275 5824 1400 5886 ruinam
1424 5825 1608 5902 disciplinae
1627 5826 1771 5900 regulari
1790 5827 1895 5888 immi-

1147 5933 1241 5993 nere;
1264 5917 1361 5994 idque
1388 5919 1414 5979 si
1435 5917 1580 5996 ipsorum
1608 5919 1688 5980 vitio
1716 5920 1892 5998 contingat,

1117 6083 1120 6090 ,
1147 6011 1353 6089 gravissimae
1375 6013 1460 6091 ipsos
1482 6027 1584 6074 noxae
1606 6028 1679 6074 reos
1701 6012 1782 6075 lore.
