4822 6986
125 2841 174 2886 uisi
190 2848 248 2896 post
267 2843 339 2887 emis·
377 2870 382 2879 -

125 2905 176 2939 sam
205 2897 338 2948 professio
358 2876 409 2940 Sit,

126 2961 180 2992 rtem
194 2948 228 2992 ad
241 2953 337 2995 statum

122 3001 274 3048 clericorum
299 3004 337 3048 uel

970 591 1145 638 essecutus
1166 591 1217 636 PP.
1241 593 1306 638 XVI.

364 710 490 774 docebit
512 713 689 775 orationem
712 713 886 775 mentalem
903 716 934 773 et
953 707 1108 780 vocalem,

364 805 540 867 doctrinam
563 807 786 878 christianam,
811 813 842 867 et
865 805 992 884 regulas
1016 809 1110 881 atque

364 905 478 961 statuta
500 901 601 962 nostri
617 898 755 973 Ordinis,
777 901 964 979 praesertim
988 914 1049 975 qua
1063 913 1110 957 ra-

364 991 451 1054 tione
463 993 613 1054 accedere
629 993 765 1055 debeant
777 994 813 1054 ad
826 998 1022 1054 sacramenta
1037 1007 1110 1052 con-

364 1085 510 1147 fessionis
523 1091 554 1148 et
569 1087 788 1158 eucharistiae,
804 1093 836 1148 et
847 1086 1009 1162 quomodo
1022 1085 1110 1145 lieris

363 1179 522 1242 canonicis
538 1185 570 1240 et
583 1197 688 1241 sacrae
710 1180 860 1256 liturgiae
882 1180 1038 1241 interesse
1055 1193 1109 1239 eos

362 1273 548 1348 conveniat3
573 1274 628 1351 qui
642 1280 749 1336 autem
765 1275 886 1338 litteras
902 1273 1059 1344 nesciunt,
1074 1273 1109 1334 il-

363 1367 409 1428 los
430 1373 561 1428 statutas
584 1383 694 1445 preces
717 1368 851 1429 recitare
874 1367 1010 1428 docebit.

403 1478 457 1521 vu.
482 1459 611 1522 abbatis
635 1467 806 1523 estunam
830 1478 869 1522 ex
891 1461 1109 1523 sacerdotibus

363 1555 567 1626 monasterii,
591 1557 645 1632 qui
668 1556 709 1617 sit
730 1573 804 1634 prae
834 1557 949 1618 ceteris
980 1571 1108 1618 morum

261 1650 265 1656 '
363 1649 520 1726 probitate
542 1655 574 1710 et
595 1649 738 1711 doctrina
768 1651 1021 1722 commendatae,
1046 1665 1109 1710 ma-

363 1743 499 1818 gistrum
523 1743 720 1805 novitiorum
741 1745 921 1822 designare.
945 1743 1035 1806 Hunc
1057 1760 1109 1804 au-

363 1842 438 1908 tem,
453 1837 478 1896 si
501 1837 724 1912 negligentem
742 1837 774 1898 in
790 1837 918 1898 novitiis
940 1837 1108 1897 instituen-

362 1929 420 2000 dis,
435 1935 488 1989 aut
504 1930 610 1990 minus
627 1931 819 2007 prudentem
836 1931 867 1990 in
885 1930 930 1990 eis
945 1929 1108 2006 corrigen-

361 2023 408 2083 dis
431 2023 699 2101 deprehenderit,
730 2039 793 2108 pro
815 2023 966 2100 qualitate
997 2024 1108 2101 culpae

361 2115 485 2193 puniat3
509 2116 606 2193 idque
622 2131 727 2178 coram
744 2117 903 2195 professis,
922 2134 984 2178 non
1001 2133 1106 2178 coram

1838 574 1896 641 389

1167 715 1199 771 et
1227 715 1486 790 congregationis
1518 715 1749 777 monachorum
1783 711 1914 774 arbitrio

1167 805 1373 883 relinquitur,
1387 814 1423 869 ut
1437 807 1542 886 ipsum
1566 809 1603 869 ab
1622 807 1779 870 ulteriore
1802 807 1914 868 ordine

1166 897 1347 976 accipiendo
1360 901 1396 960 ad
1410 907 1549 979 ternpus
1564 901 1616 962 rol
1632 901 1727 962 etiarn
1744 905 1912 978 perpetuo,

1165 998 1307 1065 arceant3
1333 991 1429 1068 idque
1459 993 1661 1071 potissimum
1684 993 1722 1054 de
1749 993 1914 1054 ordinibus

1165 1081 1247 1143 infra
1269 1084 1469 1147 diaconatum
1485 1085 1733 1163 intelligendum
1758 1092 1823 1160 est3
1840 1101 1913 1146 nam

1165 1175 1231 1251 qui,
1243 1178 1378 1238 servatis
1390 1179 1567 1246 servandis.
1580 1180 1615 1241 ad
1629 1180 1828 1242 diaconatum
1842 1195 1914 1260 pro-

1165 1275 1272 1332 motus
1294 1277 1353 1343 est,
1371 1273 1396 1332 is
1411 1291 1427 1333 a
1442 1273 1619 1334 sacerdotio
1642 1273 1834 1351 accipiendo,
1853 1273 1912 1334 nisi

1165 1365 1391 1439 urgentissima
1413 1367 1451 1427 de
1468 1367 1570 1438 causi,
1585 1383 1786 1444 nequaquam
1808 1383 1913 1428 remo-

1165 1463 1289 1520 ventur.

1205 1569 1247 1612 rv.
1272 1553 1341 1614 Pari
1364 1555 1498 1628 ratione,
1523 1557 1578 1632 qui
1601 1557 1653 1618 diu
1677 1556 1709 1618 in
1732 1555 1912 1618 ministerio

1165 1643 1319 1707 laicorum
1343 1649 1507 1720 deserviit,
1526 1650 1553 1711 si
1574 1650 1710 1712 idoneus
1734 1656 1841 1727 postea
1863 1666 1913 1711 re-

1165 1746 1275 1815 pertus
1288 1739 1397 1814 fuerit,
1410 1749 1513 1821 potest
1524 1743 1562 1805 ab
1574 1743 1685 1805 abbate
1698 1749 1731 1805 et
1742 1744 1912 1805 monacho-

1164 1845 1237 1891 rum
1260 1837 1510 1912 congregatione
1526 1837 1562 1898 ad
1586 1837 1714 1898 ordines
1731 1837 1825 1898 etiam
1849 1853 1912 1897 ma-

1164 1924 1248 1986 iores
1272 1931 1474 2006 promoveri;
1499 1931 1675 1992 dummodo
1691 1937 1809 2001 tamen,
1828 1936 1912 2008 post-

1135 2082 1137 2109 ,
1164 2033 1258 2094 quarn
1288 2021 1326 2080 ab
1354 2021 1466 2084 abbate
1492 2025 1528 2084 ad
1559 2024 1775 2086 ministerium
1803 2023 1911 2085 laicale

1135 2113 1137 2155 ¹
1163 2111 1304 2175 addictus
1320 2121 1377 2188 est,
1395 2133 1454 2176 nec
1476 2117 1597 2178 litteras
1621 2117 1777 2188 didicerit,
1802 2133 1861 2178 nec
1877 2117 1911 2178 li-

361 2209 490 2271 novitiis
512 2210 575 2270 frat.
606 2210 689 2270 Eum
711 2225 790 2272 vero
812 2211 849 2271 ab
879 2211 981 2272 officio
1003 2226 1108 2271 remo·
1134 2228 1136 2255 ι
1164 2205 1237 2266 bros
1261 2206 1387 2283 legerit,
1413 2210 1473 2271 nisi
1495 2211 1564 2289 ipso
1586 2211 1744 2272 corisulto.

359 2317 437 2363 uere
459 2319 523 2364 non
546 2303 674 2380 poterit,
692 2303 754 2364 nisi
775 2304 1025 2380 congregatione
1041 2319 1108 2364 rno-

359 2397 535 2458 naclrorum
558 2397 712 2460 consulta.

497 2586 577 2648 Car.
602 2585 651 2648 lll.
675 2617 712 2631 -
735 2586 780 2646 De
798 2585 960 2666 professis.

142 2787 260 2832 stonacnt
277 2799 340 2833 non·
399 2793 421 2836 1.
446 2777 613 2851 Postquam
628 2774 769 2836 novitius
782 2774 1014 2851 professionem
1028 2775 1105 2834 enri-

358 2963 536 3024 ministerio
565 2963 711 3034 fratrum,
736 2963 804 3023 site
827 2963 858 3022 in
880 2961 993 3022 studiis
1021 2960 1105 3024 litte·
1131 2976 1134 3031 t

117 3055 264 3155 'lgiitrlg'rigim
289 3059 337 3102 au·
358 3072 467 3116 rarum
491 3063 690 3126 exerceatur,
710 3061 744 3116 ut
758 3063 917 3133 appareat,
933 3071 971 3114 an
990 3054 1025 3114 ad
1043 3053 1104 3115 cle-

357 3149 497 3209 ricorum
532 3149 678 3210 ordinem
708 3147 948 3226 promovendus
977 3147 1032 3218 sit,
1065 3163 1103 3207 an

357 3257 436 3304 vero
457 3242 490 3303 in
513 3243 666 3303 laicorum
695 3248 788 3302 coetu
811 3257 942 3302 manere
971 3240 1101 3315 debeat;

357 3353 452 3397 nemo
475 3337 559 3396 enirn
583 3335 616 3396 in
635 3337 743 3397 nostrai
765 3335 1015 3411 congregatione
1030 3343 1103 3395 ante

356 3431 546 3492 novitiatnm
559 3430 596 3490 ad
618 3435 736 3490 statum
752 3429 943 3490 clericorum
967 3428 1034 3488 sive
1050 3428 1103 3502 lai-

355 3541 466 3586 corum
479 3525 661 3602 deputatur,
679 3524 734 3585 sed
752 3539 863 3584 omnes
880 3523 1103 3583 indifferenter

354 3621 390 3681 ad
414 3633 653 3695 quemcumque
674 3623 792 3678 statum
814 3617 1046 3690 admittuntur3
1071 3623 1103 3677 et

355 3715 459 3776 solum
482 3719 552 3792 post
573 3719 732 3792 peractam
755 3711 1001 3790 professionem,
1020 3719 1102 3790 post·

354 3824 416 3885 que
433 3808 516 3869 edita
528 3807 709 3868 idoneitatis
722 3823 797 3866 suae
810 3805 910 3883 signa,
925 3805 962 3866 ab
977 3807 1099 3880 abbate,

354 3901 497 3963 consulta
519 3901 751 3962 monachorum
778 3900 1040 3977 congregatione,
1064 3902 1101 3962 ad

353 3993 537 4058 clericatum
560 3995 628 4056 sive
650 3995 687 4056 ad
703 4001 820 4056 statum
843 3994 998 4056 laicorum
1021 3994 1102 4057 desi-

354 4096 504 4167 gnantur.
542 4089 603 4152 llac
637 4095 743 4150 tamen
775 4089 808 4150 in
841 4105 876 4150 re
909 4089 1102 4151 conscientia

353 4183 451 4260 ipsius
480 4183 600 4245 abbatis
630 4189 799 4253 oneratur,
825 4189 860 4243 ut
888 4182 1042 4243 nimirum
1070 4189 1102 4242 et

352 4276 507 4338 rationem
523 4275 702 4337 idoneitatis
719 4275 971 4352 uniuscuiusque
989 4275 1102 4336 lrabeat

353 4375 384 4429 et
397 4370 582 4430 monasterii
595 4368 836 4431 necessitatibus
853 4369 891 4430 de
908 4368 1101 4430 convenien-

353 4471 383 4525 te
407 4480 543 4524 numero
566 4465 778 4535 sacerdotum,
793 4463 984 4524 clericorum
1001 4470 1032 4524 et
1048 4463 1101 4524 lai-

352 4574 463 4618 corum
487 4557 642 4619 consulat.

392 4669 426 4711 11.
451 4652 631 4727 Antequam
650 4667 729 4712 vero
753 4651 913 4728 professus
929 4652 965 4711 ad
983 4657 1099 4712 statum

351 4746 491 4822 aliquem
504 4745 891 4823 determinetur,sernper
904 4745 1100 4806 maneatsnlt

351 4839 491 4901 custodit
514 4845 545 4900 et
567 4839 641 4900 cura
664 4839 773 4900 vicarii
795 4839 924 4911 abbatis,
950 4845 982 4901 et
1003 4854 1100 4914 quan-

352 4941 419 4994 tum
437 4934 507 4995 freri
522 4940 636 5012 potest,
654 4933 781 4994 nullum
797 4933 1028 4994 commercium
1048 4932 1099 4992 lra-

351 5029 424 5090 beat
444 5029 496 5089 vel
519 5045 590 5089 cunt
615 5028 744 5088 novitiis
772 5027 823 5087 vel
846 5043 917 5088 cum
943 5027 1010 5088 aliis
1033 5043 1099 5088 rno-

351 5123 476 5193 naclris,
508 5121 567 5182 nisi
598 5137 670 5182 curn
702 5121 827 5198 paribus
857 5129 888 5182 et
915 5121 1098 5198 aequalibus

349 5217 426 5286 suis,
444 5221 498 5278 aut
512 5232 585 5277 cum
608 5217 645 5275 iis
662 5217 763 5292 quiin
781 5217 893 5278 eodem
920 5216 1098 5277 ministeriu

350 5318 404 5372 aut
424 5311 538 5372 studiis
560 5311 673 5372 iisdem
695 5317 876 5371 versantur.

390 5423 437 5466 111.
461 5405 657 5482 Quamquam
671 5410 777 5465 autem
795 5405 866 5480 quis
882 5405 919 5466 ab
935 5405 1045 5466 abbate
1061 5405 1097 5467 ad

349 5505 466 5561 statum
490 5499 681 5560 clericorum
705 5497 873 5576 deputatus
895 5499 945 5570 sit,
961 5505 992 5560 et
1015 5499 1097 5560 ordi-

349 5609 424 5655 nem
447 5593 542 5654 etiam
565 5592 705 5668 aliquem
735 5591 983 5653 ecclesiasticum
1013 5609 1096 5653 acce-

349 5687 442 5764 perit,
457 5687 617 5762 intelligat
639 5691 745 5746 tamen
767 5687 803 5747 ad
819 5685 1010 5746 ulteriorem
1028 5703 1097 5762 gra-

349 5782 425 5842 durn
448 5781 507 5841 sibi
530 5771 650 5841 aditum
674 5795 874 5856 nequaquam
897 5786 1017 5858 patere,
1037 5781 1095 5841 nisi

348 5875 439 5935 illum
464 5874 555 5935 bonis
577 5873 721 5934 moribus
737 5881 769 5933 et
784 5875 961 5950 comparati
977 5889 1016 5934 ex
1031 5881 1096 5935 stu-

349 5967 407 6028 diis
429 5967 560 6030 scientia
582 5967 812 6044 promeruerit.
843 5965 972 6028 Abbatis
994 5967 1095 6044 igitur

1212 2395 1291 2457 Can.
1316 2397 1367 2460 lV.
1392 2431 1429 2444 -
1453 2399 1497 2462 De
1518 2401 1642 2463 clericis
1663 2400 1864 2465 studentibus

1421 2497 1451 2553 et
1472 2495 1648 2574 magistris.

1202 2695 1223 2737 1.
1248 2677 1350 2741 Nemo
1363 2681 1399 2741 ad
1413 2682 1560 2742 ordinem
1573 2683 1820 2746 ecclesiasticum
1838 2702 1909 2763 pro-

1132 2828 1134 2837 .
1162 2780 1347 2846 moveatur,
1379 2774 1440 2835 nisi
1472 2781 1573 2836 aetate
1595 2793 1610 2836 a
1633 2777 1728 2838 sacris
1759 2779 1909 2841 Consiliis

433 2869 634 2946 aliquandiu,
659 2868 777 2929 abbatis
804 2868 955 2938 arbitrio,
982 2869 1105 2928 sivein
1132 2881 1134 2963 1
1161 2867 1368 2944 praescripti,
1392 2875 1445 2930 aut
1467 2868 1702 2946 dispensatione
1724 2889 1739 2932 a
1762 2871 1909 2949 legitimo

1161 2959 1328 3036 superiore
1352 2961 1491 3032 obtenta,
1510 2969 1543 3024 et
1565 2963 1603 3024 de
1626 2963 1754 3026 licentii
1775 2982 1909 3043 congre-

1161 3051 1295 3126 gationis
1325 3055 1556 3118 monachorum
1578 3064 1673 3134 atque
1699 3059 1829 3131 abbatis,
1855 3061 1908 3137 qui

1161 3146 1373 3209 ordinandum
1396 3165 1469 3211 curn
1498 3150 1615 3212 littoris
1644 3151 1909 3214 testimonialibus

1160 3238 1196 3299 ad
1219 3239 1411 3320 Episcopum
1434 3243 1495 3305 loci
1524 3249 1577 3306 aut
1599 3245 1907 3308 reverendissimum

1160 3331 1327 3396 dominum
1349 3335 1562 3399 Patriarcbam
1585 3339 1714 3400 mittere
1736 3341 1841 3414 debet,
1864 3349 1908 3404 te-

1159 3426 1246 3486 noris
1268 3430 1450 3506 sequentis:

1199 3518 1467 3584 Neoereudissime
1489 3543 1527 3586 uc
1551 3525 1787 3605 religiosissime
1808 3527 1906 3588 dorici·
1964 3544 2046 3603 ream·
2067 3543 2138 3586 resu-

1158 3631 1197 3676 ue
1219 3615 1257 3675 N.
1278 3615 1429 3696 Episcopi
1451 3617 1593 3680 civitatis
1607 3619 1660 3687 N.,
1681 3627 1734 3682 aut
1755 3621 1906 3684 Beatissi-
1925 3597 2138 3704 illlil'fl'lld.''⁰

1158 3725 1205 3768 me
1227 3707 1426 3772 Putr‘iurcitu
1446 3717 1565 3782 aester,
1582 3713 1706 3775 domiue
1727 3715 1766 3776 N.
1784 3747 1821 3760 -
1841 3717 1905 3778 Nos

1158 3803 1306 3866 abbaset
1327 3805 1475 3865 monachi
1500 3803 1625 3867 Ordinis
1649 3805 1753 3869 Sancti
1776 3810 1905 3872 Antonii

1157 3896 1424 3974 Congregationis
1458 3900 1572 3962 Montis
1605 3899 1715 3963 Libani
1748 3913 1905 3967 monaste-

1157 3991 1195 4051 rii
1219 3991 1256 4052 N.
1287 3998 1441 4054 testamur
1470 3995 1686 4056 reverendum
1716 4003 1839 4074 patrem
1866 3999 1903 4060 N.
1998 4049 1999 4052 ,

1158 4087 1350 4149 monachum
1384 4076 1564 4165 professum
1595 4090 1697 4151 nostri
1720 4089 1846 4154 Ordinis
1873 4093 1905 4153 in

1158 4179 1300 4256 legitima
1330 4187 1430 4242 aetate
1460 4183 1671 4244 constitutum
1699 4184 1759 4262 (oct
1781 4185 1906 4262 dispen-

1157 4275 1313 4336 sationem
1336 4276 1445 4336 aetatis
1470 4276 1519 4337 iric
1541 4293 1697 4338 annexam
1720 4279 1907 4360 nabentem)

1158 4374 1189 4429 et
1210 4367 1381 4430 sufficienti
1410 4369 1552 4432 doctrina
1575 4371 1732 4450 bonisque
1763 4374 1905 4435 moribus

1158 4461 1347 4538 praeditum,
1370 4463 1525 4541 nulloque
1547 4465 1779 4543 impedimento
1801 4455 1907 4529 irretiss

1157 4561 1237 4626 tum,
1262 4555 1396 4632 dignum
1420 4573 1489 4618 esse
1511 4559 1566 4635 qui
1589 4559 1734 4621 ordinem
1758 4561 1794 4622 N.
1819 4580 1834 4622 a
1856 4579 1906 4623 re-

1157 4643 1386 4710 verendissima
1403 4651 1619 4714 dominatione
1642 4655 1695 4716 tua
1716 4654 1775 4734 (oct
1797 4673 1813 4716 a
1836 4654 1905 4716 bea-

1158 4741 1294 4803 titudine
1317 4743 1382 4822 tui)
1403 4745 1542 4823 accipiat.
1567 4746 1780 4820 Quamobrem
1798 4750 1852 4811 bas
1876 4751 1905 4811 ei

1156 4837 1276 4898 litteras
1295 4846 1439 4916 patentes
1454 4841 1611 4912 dedimus,
1625 4842 1732 4919 sigillo
1748 4852 1905 4906 monaste-

1155 4933 1194 4992 rii
1217 4931 1319 4993 nostri
1341 4933 1480 4994 munitas
1497 4942 1528 4996 et
1543 4935 1778 5014 subscriptione
1803 4939 1904 5000 nostri

1155 5026 1274 5087 abbatis
1286 5028 1437 5100 firmatas
1453 5029 1503 5089 die
1516 5029 1565 5098 N.,
1581 5046 1692 5092 mense
1705 5030 1755 5103 N.,
1770 5049 1852 5093 anno
1865 5032 1902 5093 N.

1155 5119 1381 5200 Lucci-sipilli.

1439 5217 1476 5277 N.
1501 5217 1594 5278 abbas
1618 5221 1802 5281 monasterii
1825 5221 1861 5282 N.

1195 5328 1229 5370 11.
1254 5310 1287 5371 ln
1310 5311 1392 5372 libro
1416 5312 1600 5373 monasterii
1623 5313 1826 5375 adnotabitur
1849 5333 1904 5377 no-

1155 5419 1229 5465 men
1244 5405 1379 5467 ordinati
1393 5405 1579 5484 etEpiscopi
1593 5407 1769 5468 ordinantis
1782 5415 1813 5470 et
1823 5410 1901 5483 dies,

1154 5499 1273 5560 mensis
1295 5508 1327 5560 et
1348 5516 1460 5560 annus.

1193 5610 1241 5653 111.
1267 5591 1393 5670 Siquis
1423 5609 1463 5654 ex
1485 5594 1633 5672 professis
1663 5596 1847 5674 permiserit
1868 5613 1902 5658 se
1976 5614 2054 5673 remo
2070 5611 2124 5656 orat

1154 5687 1294 5747 ordinari
1310 5687 1428 5763 absque
1444 5687 1570 5750 licentia
1587 5689 1706 5750 abbatis
1722 5696 1754 5750 et
1769 5705 1902 5766 congre·
1922 5665 2122 5764 ζ’[ῗιῖἓῗῦὲῗξὲῃ
2140 5689 2144 5696 ’

1154 5779 1288 5855 gationis
1312 5781 1556 5853 monachorum,
1581 5783 1749 5858 negotium
1773 5784 1901 5845 eiusad

1152 5874 1297 5936 abbatem
1321 5875 1504 5951 generalem
1533 5877 1707 5948 deferatur,
1731 5877 1786 5954 qni
1808 5877 1900 5939 illum

1152 5967 1189 6028 ab
1218 5968 1371 6030 exercitio
1398 5967 1517 6030 ordinis
1546 5969 1735 6048 suspendat,
1768 5970 1901 6048 aliisque
