<?xml version="1.0" encoding="UTF-8"?>
<!DOCTYPE html PUBLIC "-//W3C//DTD XHTML 1.0 Transitional//EN"
    "http://www.w3.org/TR/xhtml1/DTD/xhtml1-transitional.dtd">
<html xmlns="http://www.w3.org/1999/xhtml" xml:lang="en" lang="en">
 <head>
  <title>
</title>
<meta http-equiv="Content-Type" content="text/html;charset=utf-8" />
  <meta name='ocr-system' content='tesseract 3.04.00' />
  <meta name='ocr-capabilities' content='ocr_page ocr_carea ocr_par ocr_line ocrx_word'/>
</head>
<body>
  <div class='ocr_page' id='page_1' title='image "./iurispontificii01martgoog_0400.png"; bbox 0 0 4822 6986; ppageno 0'>
   <div class='ocr_carea' id='block_1_1' title="bbox 582 533 641 595">
    <p class='ocr_par' dir='ltr' id='par_1_1' title="bbox 582 533 641 595">
     <span class='ocr_line' id='line_1_1' title="bbox 582 533 641 595; baseline -0.017 0"><span class='ocrx_word' id='word_1_1' title='bbox 582 533 641 595; x_wconf 79' lang='lat'>390</span> 
     </span>
    </p>
   </div>
   <div class='ocr_carea' id='block_1_2' title="bbox 265 669 1313 6007">
    <p class='ocr_par' dir='ltr' id='par_1_2' title="bbox 562 669 1313 920">
     <span class='ocr_line' id='line_1_2' title="bbox 564 669 1312 753; baseline 0.009 -22"><span class='ocrx_word' id='word_1_2' title='bbox 564 669 674 746; x_wconf 88' lang='lat' dir='ltr'>poenis</span> <span class='ocrx_word' id='word_1_3' title='bbox 698 673 824 751; x_wconf 90' lang='lat' dir='ltr'>plectat,</span> <span class='ocrx_word' id='word_1_4' title='bbox 841 674 926 736; x_wconf 83' lang='lat' dir='ltr'>salva</span> <span class='ocrx_word' id='word_1_5' title='bbox 948 675 1149 751; x_wconf 83' lang='lat' dir='ltr'>indulgentia</span> <span class='ocrx_word' id='word_1_6' title='bbox 1171 691 1266 753; x_wconf 90' lang='lat' dir='ltr'>quam</span> <span class='ocrx_word' id='word_1_7' title='bbox 1283 676 1312 738; x_wconf 95' lang='lat' dir='ltr'>ei</span> 
     </span>
     <span class='ocr_line' id='line_1_3' title="bbox 562 767 1313 832; baseline 0.013 -9"><span class='ocrx_word' id='word_1_8' title='bbox 562 767 854 828; x_wconf 89' lang='lat' dir='ltr'>reverendissimus</span> <span class='ocrx_word' id='word_1_9' title='bbox 876 767 1027 830; x_wconf 92' lang='lat' dir='ltr'>dominus</span> <span class='ocrx_word' id='word_1_10' title='bbox 1043 767 1219 830; x_wconf 86' lang='lat' dir='ltr'>Patriarcha</span> <span class='ocrx_word' id='word_1_11' title='bbox 1240 787 1313 832; x_wconf 87' lang='lat' dir='ltr'>con-</span> 
     </span>
     <span class='ocr_line' id='line_1_4' title="bbox 562 859 705 920; baseline 0.021 -3"><span class='ocrx_word' id='word_1_12' title='bbox 562 859 705 920; x_wconf 90' lang='lat' dir='ltr'>cesserit.</span> 
     </span>
    </p>

    <p class='ocr_par' dir='ltr' id='par_1_3' title="bbox 561 951 1311 1498">
     <span class='ocr_line' id='line_1_5' title="bbox 603 951 1311 1028; baseline 0.011 -18"><span class='ocrx_word' id='word_1_13' title='bbox 603 968 643 1010; x_wconf 86' lang='lat' dir='ltr'>iv.</span> <span class='ocrx_word' id='word_1_14' title='bbox 668 951 701 1014; x_wconf 93' lang='lat' dir='ltr'>ln</span> <span class='ocrx_word' id='word_1_15' title='bbox 725 954 869 1028; x_wconf 89' lang='lat' dir='ltr'>quolibet</span> <span class='ocrx_word' id='word_1_16' title='bbox 899 955 1093 1017; x_wconf 89' lang='lat' dir='ltr'>monasterio</span> <span class='ocrx_word' id='word_1_17' title='bbox 1122 956 1245 1018; x_wconf 78' lang='lat' dir='ltr'><strong>clericis</strong></span> <span class='ocrx_word' id='word_1_18' title='bbox 1274 958 1311 1018; x_wconf 91' lang='lat' dir='ltr'>ab</span> 
     </span>
     <span class='ocr_line' id='line_1_6' title="bbox 561 1043 1308 1126; baseline 0.011 -22"><span class='ocrx_word' id='word_1_19' title='bbox 561 1043 672 1105; x_wconf 92' lang='lat' dir='ltr'>abbate</span> <span class='ocrx_word' id='word_1_20' title='bbox 685 1047 837 1121; x_wconf 89' lang='lat' dir='ltr'>magister</span> <span class='ocrx_word' id='word_1_21' title='bbox 850 1048 1034 1126; x_wconf 85' lang='lat' dir='ltr'>deputetur,</span> <span class='ocrx_word' id='word_1_22' title='bbox 1050 1049 1104 1126; x_wconf 89' lang='lat' dir='ltr'>qui</span> <span class='ocrx_word' id='word_1_23' title='bbox 1121 1065 1175 1110; x_wconf 91' lang='lat' dir='ltr'>eos</span> <span class='ocrx_word' id='word_1_24' title='bbox 1189 1051 1308 1122; x_wconf 89' lang='lat' dir='ltr'>doceat,</span> 
     </span>
     <span class='ocr_line' id='line_1_7' title="bbox 562 1137 1310 1220; baseline 0.011 -24"><span class='ocrx_word' id='word_1_25' title='bbox 562 1144 594 1196; x_wconf 91' lang='lat' dir='ltr'>et</span> <span class='ocrx_word' id='word_1_26' title='bbox 605 1137 664 1214; x_wconf 90' lang='lat' dir='ltr'>ipsi</span> <span class='ocrx_word' id='word_1_27' title='bbox 676 1137 799 1200; x_wconf 76' lang='lat' dir='ltr'><strong>litteras</strong></span> <span class='ocrx_word' id='word_1_28' title='bbox 815 1141 989 1217; x_wconf 80' lang='lat' dir='ltr'>diligenter</span> <span class='ocrx_word' id='word_1_29' title='bbox 1001 1143 1158 1215; x_wconf 82' lang='lat' dir='ltr'>excolant,</span> <span class='ocrx_word' id='word_1_30' title='bbox 1173 1159 1310 1220; x_wconf 89' lang='lat' dir='ltr'>quarum</span> 
     </span>
     <span class='ocr_line' id='line_1_8' title="bbox 562 1231 1311 1308; baseline 0.011 -18"><span class='ocrx_word' id='word_1_31' title='bbox 562 1245 622 1308; x_wconf 89' lang='lat' dir='ltr'>ope</span> <span class='ocrx_word' id='word_1_32' title='bbox 637 1231 735 1293; x_wconf 84' lang='lat' dir='ltr'>choro</span> <span class='ocrx_word' id='word_1_33' title='bbox 752 1233 918 1296; x_wconf 89' lang='lat' dir='ltr'>deservire</span> <span class='ocrx_word' id='word_1_34' title='bbox 940 1235 1078 1306; x_wconf 81' lang='lat' dir='ltr'>valeant,</span> <span class='ocrx_word' id='word_1_35' title='bbox 1096 1243 1128 1298; x_wconf 93' lang='lat' dir='ltr'>et</span> <span class='ocrx_word' id='word_1_36' title='bbox 1142 1237 1311 1298; x_wconf 86' lang='lat' dir='ltr'>sacerdotii</span> 
     </span>
     <span class='ocr_line' id='line_1_9' title="bbox 562 1326 1310 1408; baseline 0.011 -24"><span class='ocrx_word' id='word_1_37' title='bbox 562 1341 660 1386; x_wconf 91' lang='lat' dir='ltr'>onera</span> <span class='ocrx_word' id='word_1_38' title='bbox 681 1326 779 1403; x_wconf 84' lang='lat' dir='ltr'>digne</span> <span class='ocrx_word' id='word_1_39' title='bbox 805 1328 909 1400; x_wconf 89' lang='lat' dir='ltr'>ferre,</span> <span class='ocrx_word' id='word_1_40' title='bbox 934 1329 1069 1406; x_wconf 90' lang='lat' dir='ltr'>eiusque</span> <span class='ocrx_word' id='word_1_41' title='bbox 1091 1345 1227 1392; x_wconf 91' lang='lat' dir='ltr'>munera</span> <span class='ocrx_word' id='word_1_42' title='bbox 1252 1346 1310 1408; x_wconf 94' lang='lat' dir='ltr'>pro</span> 
     </span>
     <span class='ocr_line' id='line_1_10' title="bbox 562 1417 867 1498; baseline 0.02 -21"><span class='ocrx_word' id='word_1_43' title='bbox 562 1417 716 1494; x_wconf 80' lang='lat' dir='ltr'>dignitate</span> <span class='ocrx_word' id='word_1_44' title='bbox 739 1423 867 1498; x_wconf 82' lang='lat' dir='ltr'>exequi.</span> 
     </span>
    </p>

    <p class='ocr_par' dir='ltr' id='par_1_4' title="bbox 265 1513 1311 4879">
     <span class='ocr_line' id='line_1_11' title="bbox 380 1513 1307 1596; baseline 0.011 -26"><span class='ocrx_word' id='word_1_45' title='bbox 380 1528 407 1588; x_wconf 75' lang='lat' dir='ltr'>ip</span> <span class='ocrx_word' id='word_1_46' title='bbox 426 1527 543 1592; x_wconf 68' lang='lat' dir='ltr'>quatiunt</span> <span class='ocrx_word' id='word_1_47' title='bbox 602 1531 632 1573; x_wconf 89' lang='lat' dir='ltr'>v.</span> <span class='ocrx_word' id='word_1_48' title='bbox 656 1513 690 1574; x_wconf 96' lang='lat' dir='ltr'>ln</span> <span class='ocrx_word' id='word_1_49' title='bbox 713 1515 855 1590; x_wconf 91' lang='lat' dir='ltr'>qualibet</span> <span class='ocrx_word' id='word_1_50' title='bbox 874 1517 1047 1594; x_wconf 81' lang='lat' dir='ltr'>provincia,</span> <span class='ocrx_word' id='word_1_51' title='bbox 1066 1518 1091 1577; x_wconf 91' lang='lat' dir='ltr'>si</span> <span class='ocrx_word' id='word_1_52' title='bbox 1107 1517 1177 1578; x_wconf 85' lang='lat' dir='ltr'>fieri</span> <span class='ocrx_word' id='word_1_53' title='bbox 1194 1524 1307 1596; x_wconf 89' lang='lat' dir='ltr'>potest,</span> 
     </span>
     <span class='ocr_line' id='line_1_12' title="bbox 330 1583 1310 1697; baseline -0.004 -21"><span class='ocrx_word' id='word_1_54' title='bbox 330 1591 461 1697; x_wconf 59' lang='grc' dir='ltr'>ἓῖιῗιῖἷιίἰᾞῖἶ</span> <span class='ocrx_word' id='word_1_55' title='bbox 481 1583 665 1680; x_wconf 55' lang='lat' dir='ltr'>‘1¹,ssssl&#39;unum</span> <span class='ocrx_word' id='word_1_56' title='bbox 688 1624 727 1669; x_wconf 87' lang='lat' dir='ltr'>ex</span> <span class='ocrx_word' id='word_1_57' title='bbox 751 1610 953 1672; x_wconf 88' lang='lat' dir='ltr'>monasteriis</span> <span class='ocrx_word' id='word_1_58' title='bbox 975 1609 1250 1687; x_wconf 80' lang='lat' dir='ltr'>frequentioribus</span> <span class='ocrx_word' id='word_1_59' title='bbox 1272 1611 1310 1672; x_wconf 92' lang='lat' dir='ltr'>ab</span> 
     </span>
     <span class='ocr_line' id='line_1_13' title="bbox 329 1691 1310 1789; baseline 0.007 -32"><span class='ocrx_word' id='word_1_60' title='bbox 329 1691 544 1789; x_wconf 40' lang='lat' dir='ltr'>gfflssflffltfflsffl</span> <span class='ocrx_word' id='word_1_61' title='bbox 562 1698 674 1762; x_wconf 89' lang='lat' dir='ltr'>abbate</span> <span class='ocrx_word' id='word_1_62' title='bbox 697 1703 840 1776; x_wconf 87' lang='lat' dir='ltr'>generali</span> <span class='ocrx_word' id='word_1_63' title='bbox 855 1703 891 1764; x_wconf 91' lang='lat' dir='ltr'>ad</span> <span class='ocrx_word' id='word_1_64' title='bbox 909 1703 1083 1765; x_wconf 85' lang='lat' dir='ltr'>excolenda</span> <span class='ocrx_word' id='word_1_65' title='bbox 1105 1705 1208 1766; x_wconf 90' lang='lat' dir='ltr'>studia</span> <span class='ocrx_word' id='word_1_66' title='bbox 1230 1705 1310 1765; x_wconf 91' lang='lat' dir='ltr'>desi-</span> 
     </span>
     <span class='ocr_line' id='line_1_14' title="bbox 265 1794 1310 1874; baseline 0.007 -23"><span class='ocrx_word' id='word_1_67' title='bbox 265 1805 270 1813; x_wconf 88' lang='grc'><strong><em>’</em></strong></span> <span class='ocrx_word' id='word_1_68' title='bbox 330 1794 381 1840; x_wconf 67' lang='lat' dir='ltr'>dit·</span> <span class='ocrx_word' id='word_1_69' title='bbox 563 1800 692 1868; x_wconf 87' lang='lat' dir='ltr'>gnetur,</span> <span class='ocrx_word' id='word_1_70' title='bbox 707 1795 739 1856; x_wconf 97' lang='lat' dir='ltr'>in</span> <span class='ocrx_word' id='word_1_71' title='bbox 762 1810 836 1871; x_wconf 92' lang='lat' dir='ltr'>quo,</span> <span class='ocrx_word' id='word_1_72' title='bbox 856 1804 983 1874; x_wconf 89' lang='lat' dir='ltr'>praeter</span> <span class='ocrx_word' id='word_1_73' title='bbox 998 1797 1189 1874; x_wconf 90' lang='lat' dir='ltr'>magistrum</span> <span class='ocrx_word' id='word_1_74' title='bbox 1207 1813 1310 1874; x_wconf 90' lang='lat' dir='ltr'>gram-</span> 
     </span>
     <span class='ocr_line' id='line_1_15' title="bbox 562 1887 1310 1967; baseline 0.007 -20"><span class='ocrx_word' id='word_1_75' title='bbox 562 1887 704 1958; x_wconf 76' lang='lat' dir='ltr'>mathae,</span> <span class='ocrx_word' id='word_1_76' title='bbox 727 1889 790 1950; x_wconf 89' lang='lat' dir='ltr'>siut</span> <span class='ocrx_word' id='word_1_77' title='bbox 812 1890 906 1952; x_wconf 87' lang='lat' dir='ltr'>etiam</span> <span class='ocrx_word' id='word_1_78' title='bbox 929 1889 980 1952; x_wconf 95' lang='lat' dir='ltr'>alii</span> <span class='ocrx_word' id='word_1_79' title='bbox 1003 1891 1067 1952; x_wconf 75' lang='lat' dir='ltr'>cluo</span> <span class='ocrx_word' id='word_1_80' title='bbox 1088 1891 1244 1967; x_wconf 79' lang='lat' dir='ltr'>magistri,</span> <span class='ocrx_word' id='word_1_81' title='bbox 1269 1891 1310 1952; x_wconf 94' lang='lat' dir='ltr'>al-</span> 
     </span>
     <span class='ocr_line' id='line_1_16' title="bbox 564 1981 1310 2063; baseline 0.007 -23"><span class='ocrx_word' id='word_1_82' title='bbox 564 1987 611 2042; x_wconf 86' lang='lat' dir='ltr'>ter</span> <span class='ocrx_word' id='word_1_83' title='bbox 645 1981 825 2046; x_wconf 70' lang='lat' dir='ltr'>dialecticae</span> <span class='ocrx_word' id='word_1_84' title='bbox 855 1991 887 2046; x_wconf 91' lang='lat' dir='ltr'>et</span> <span class='ocrx_word' id='word_1_85' title='bbox 914 1985 1145 2063; x_wconf 89' lang='lat' dir='ltr'>philosophiae,</span> <span class='ocrx_word' id='word_1_86' title='bbox 1170 1992 1202 2046; x_wconf 90' lang='lat' dir='ltr'>et</span> <span class='ocrx_word' id='word_1_87' title='bbox 1230 1985 1310 2047; x_wconf 91' lang='lat' dir='ltr'>alter</span> 
     </span>
     <span class='ocr_line' id='line_1_17' title="bbox 562 2075 1311 2156; baseline 0.008 -20"><span class='ocrx_word' id='word_1_88' title='bbox 562 2075 754 2151; x_wconf 83' lang='lat' dir='ltr'>theologiae,</span> <span class='ocrx_word' id='word_1_89' title='bbox 769 2078 821 2138; x_wconf 91' lang='lat' dir='ltr'>vel</span> <span class='ocrx_word' id='word_1_90' title='bbox 837 2079 951 2140; x_wconf 90' lang='lat' dir='ltr'>saltem</span> <span class='ocrx_word' id='word_1_91' title='bbox 966 2095 1050 2140; x_wconf 91' lang='lat' dir='ltr'>unus</span> <span class='ocrx_word' id='word_1_92' title='bbox 1066 2079 1228 2155; x_wconf 90' lang='lat' dir='ltr'>magister,</span> <span class='ocrx_word' id='word_1_93' title='bbox 1240 2085 1311 2156; x_wconf 89' lang='lat' dir='ltr'>post</span> 
     </span>
     <span class='ocr_line' id='line_1_18' title="bbox 561 2173 1310 2252; baseline 0.004 -22"><span class='ocrx_word' id='word_1_94' title='bbox 561 2177 726 2246; x_wconf 87' lang='lat' dir='ltr'>peractum</span> <span class='ocrx_word' id='word_1_95' title='bbox 750 2174 984 2248; x_wconf 87' lang='lat' dir='ltr'>grammaticae,</span> <span class='ocrx_word' id='word_1_96' title='bbox 1003 2173 1183 2235; x_wconf 86' lang='lat' dir='ltr'>dialecticae</span> <span class='ocrx_word' id='word_1_97' title='bbox 1196 2181 1228 2234; x_wconf 94' lang='lat' dir='ltr'>et</span> <span class='ocrx_word' id='word_1_98' title='bbox 1243 2173 1310 2252; x_wconf 93' lang='lat' dir='ltr'>phi-</span> 
     </span>
     <span class='ocr_line' id='line_1_19' title="bbox 561 2261 1309 2343; baseline 0.008 -22"><span class='ocrx_word' id='word_1_99' title='bbox 561 2261 723 2340; x_wconf 90' lang='lat' dir='ltr'>losophiao</span> <span class='ocrx_word' id='word_1_100' title='bbox 746 2265 955 2338; x_wconf 90' lang='lat' dir='ltr'>curriculum,</span> <span class='ocrx_word' id='word_1_101' title='bbox 969 2281 1089 2328; x_wconf 92' lang='lat' dir='ltr'>sacram</span> <span class='ocrx_word' id='word_1_102' title='bbox 1114 2267 1309 2343; x_wconf 81' lang='lat' dir='ltr'>theologiam</span> 
     </span>
     <span class='ocr_line' id='line_1_20' title="bbox 561 2359 1310 2438; baseline 0.007 -21"><span class='ocrx_word' id='word_1_103' title='bbox 561 2363 699 2435; x_wconf 80' lang='lat' dir='ltr'>exponat</span> <span class='ocrx_word' id='word_1_104' title='bbox 721 2365 754 2418; x_wconf 88' lang='lat' dir='ltr'>et</span> <span class='ocrx_word' id='word_1_105' title='bbox 776 2359 986 2434; x_wconf 83' lang='lat' dir='ltr'>dogmaticam</span> <span class='ocrx_word' id='word_1_106' title='bbox 1007 2361 1195 2438; x_wconf 90' lang='lat' dir='ltr'>praesertim</span> <span class='ocrx_word' id='word_1_107' title='bbox 1215 2368 1310 2438; x_wconf 89' lang='lat' dir='ltr'>atque</span> 
     </span>
     <span class='ocr_line' id='line_1_21' title="bbox 561 2451 1309 2522; baseline 0.007 -12"><span class='ocrx_word' id='word_1_108' title='bbox 561 2451 728 2522; x_wconf 84' lang='lat' dir='ltr'>moralem,</span> <span class='ocrx_word' id='word_1_109' title='bbox 746 2451 834 2512; x_wconf 84' lang='lat' dir='ltr'>iuxta</span> <span class='ocrx_word' id='word_1_110' title='bbox 856 2453 1045 2514; x_wconf 85' lang='lat' dir='ltr'>methodum</span> <span class='ocrx_word' id='word_1_111' title='bbox 1068 2453 1106 2515; x_wconf 92' lang='lat' dir='ltr'>ab</span> <span class='ocrx_word' id='word_1_112' title='bbox 1128 2455 1242 2515; x_wconf 91' lang='lat' dir='ltr'>eodem</span> <span class='ocrx_word' id='word_1_113' title='bbox 1258 2455 1309 2516; x_wconf 93' lang='lat' dir='ltr'>ab·</span> 
     </span>
     <span class='ocr_line' id='line_1_22' title="bbox 561 2543 1308 2623; baseline 0.008 -19"><span class='ocrx_word' id='word_1_114' title='bbox 561 2543 631 2605; x_wconf 90' lang='lat' dir='ltr'>bate</span> <span class='ocrx_word' id='word_1_115' title='bbox 655 2545 798 2621; x_wconf 89' lang='lat' dir='ltr'>generali</span> <span class='ocrx_word' id='word_1_116' title='bbox 821 2545 1110 2623; x_wconf 85' lang='lat' dir='ltr'>praescribendam.</span> <span class='ocrx_word' id='word_1_117' title='bbox 1141 2548 1308 2610; x_wconf 89' lang='lat' dir='ltr'>Praeterea</span> 
     </span>
     <span class='ocr_line' id='line_1_23' title="bbox 560 2638 1308 2716; baseline 0.008 -19"><span class='ocrx_word' id='word_1_118' title='bbox 560 2638 773 2699; x_wconf 87' lang='lat' dir='ltr'>constituatur</span> <span class='ocrx_word' id='word_1_119' title='bbox 796 2638 973 2716; x_wconf 89' lang='lat' dir='ltr'>praefectus</span> <span class='ocrx_word' id='word_1_120' title='bbox 994 2640 1194 2712; x_wconf 86' lang='lat' dir='ltr'>studiorum,</span> <span class='ocrx_word' id='word_1_121' title='bbox 1219 2643 1308 2703; x_wconf 87' lang='lat' dir='ltr'>cuius</span> 
     </span>
     <span class='ocr_line' id='line_1_24' title="bbox 559 2732 1307 2804; baseline 0.009 -14"><span class='ocrx_word' id='word_1_122' title='bbox 559 2745 635 2791; x_wconf 89' lang='lat' dir='ltr'>cura</span> <span class='ocrx_word' id='word_1_123' title='bbox 651 2747 722 2792; x_wconf 88' lang='lat' dir='ltr'>esse</span> <span class='ocrx_word' id='word_1_124' title='bbox 739 2732 844 2804; x_wconf 86' lang='lat' dir='ltr'>debet,</span> <span class='ocrx_word' id='word_1_125' title='bbox 860 2739 895 2793; x_wconf 91' lang='lat' dir='ltr'>ut</span> <span class='ocrx_word' id='word_1_126' title='bbox 912 2738 979 2794; x_wconf 89' lang='lat' dir='ltr'>tum</span> <span class='ocrx_word' id='word_1_127' title='bbox 995 2751 1011 2794; x_wconf 91' lang='lat' dir='ltr'>a</span> <span class='ocrx_word' id='word_1_128' title='bbox 1027 2734 1225 2796; x_wconf 86' lang='lat' dir='ltr'>scholaribus</span> <span class='ocrx_word' id='word_1_129' title='bbox 1239 2742 1307 2797; x_wconf 90' lang='lat' dir='ltr'>tum</span> 
     </span>
     <span class='ocr_line' id='line_1_25' title="bbox 558 2824 1308 2902; baseline 0.011 -19"><span class='ocrx_word' id='word_1_130' title='bbox 558 2825 596 2884; x_wconf 91' lang='lat' dir='ltr'>ah</span> <span class='ocrx_word' id='word_1_131' title='bbox 619 2824 736 2887; x_wconf 93' lang='lat' dir='ltr'>horum</span> <span class='ocrx_word' id='word_1_132' title='bbox 760 2827 919 2902; x_wconf 86' lang='lat' dir='ltr'>magistris</span> <span class='ocrx_word' id='word_1_133' title='bbox 940 2835 1077 2890; x_wconf 90' lang='lat' dir='ltr'>statutus</span> <span class='ocrx_word' id='word_1_134' title='bbox 1106 2830 1184 2891; x_wconf 92' lang='lat' dir='ltr'>ordo</span> <span class='ocrx_word' id='word_1_135' title='bbox 1206 2836 1238 2889; x_wconf 90' lang='lat' dir='ltr'>et</span> <span class='ocrx_word' id='word_1_136' title='bbox 1259 2845 1308 2891; x_wconf 91' lang='lat' dir='ltr'>re-</span> 
     </span>
     <span class='ocr_line' id='line_1_26' title="bbox 560 2918 1307 3004; baseline 0.009 -26"><span class='ocrx_word' id='word_1_137' title='bbox 560 2918 634 2994; x_wconf 87' lang='lat' dir='ltr'>gula</span> <span class='ocrx_word' id='word_1_138' title='bbox 649 2919 831 2981; x_wconf 91' lang='lat' dir='ltr'>studiorum</span> <span class='ocrx_word' id='word_1_139' title='bbox 847 2931 1015 2997; x_wconf 88' lang='lat' dir='ltr'>servetur;</span> <span class='ocrx_word' id='word_1_140' title='bbox 1033 2924 1184 3000; x_wconf 84' lang='lat' dir='ltr'>idemque</span> <span class='ocrx_word' id='word_1_141' title='bbox 1200 2939 1307 3004; x_wconf 88' lang='lat' dir='ltr'>praee·</span> 
     </span>
     <span class='ocr_line' id='line_1_27' title="bbox 558 3011 1308 3078; baseline 0.008 -8"><span class='ocrx_word' id='word_1_142' title='bbox 558 3011 601 3071; x_wconf 91' lang='lat' dir='ltr'>rit</span> <span class='ocrx_word' id='word_1_143' title='bbox 623 3012 773 3074; x_wconf 91' lang='lat' dir='ltr'>omnibus</span> <span class='ocrx_word' id='word_1_144' title='bbox 800 3014 921 3075; x_wconf 90' lang='lat' dir='ltr'>actibus</span> <span class='ocrx_word' id='word_1_145' title='bbox 948 3015 1111 3077; x_wconf 90' lang='lat' dir='ltr'>litterariis</span> <span class='ocrx_word' id='word_1_146' title='bbox 1134 3025 1166 3076; x_wconf 94' lang='lat' dir='ltr'>et</span> <span class='ocrx_word' id='word_1_147' title='bbox 1191 3017 1308 3078; x_wconf 81' lang='lat' dir='ltr'>exanti-</span> 
     </span>
     <span class='ocr_line' id='line_1_28' title="bbox 559 3104 1308 3171; baseline 0.009 -8"><span class='ocrx_word' id='word_1_148' title='bbox 559 3104 741 3166; x_wconf 81' lang='lat' dir='ltr'>nationibus</span> <span class='ocrx_word' id='word_1_149' title='bbox 763 3105 970 3168; x_wconf 87' lang='lat' dir='ltr'>scholarium.</span> <span class='ocrx_word' id='word_1_150' title='bbox 999 3109 1064 3170; x_wconf 84' lang='lat' dir='ltr'>Etsi</span> <span class='ocrx_word' id='word_1_151' title='bbox 1088 3117 1195 3170; x_wconf 88' lang='lat' dir='ltr'>autem</span> <span class='ocrx_word' id='word_1_152' title='bbox 1217 3110 1308 3171; x_wconf 89' lang='lat' dir='ltr'>ahba-</span> 
     </span>
     <span class='ocr_line' id='line_1_29' title="bbox 559 3199 1307 3280; baseline 0.008 -22"><span class='ocrx_word' id='word_1_153' title='bbox 559 3202 625 3258; x_wconf 88' lang='lat' dir='ltr'>tem</span> <span class='ocrx_word' id='word_1_154' title='bbox 659 3199 845 3274; x_wconf 88' lang='lat' dir='ltr'>generalem</span> <span class='ocrx_word' id='word_1_155' title='bbox 874 3209 995 3278; x_wconf 90' lang='lat' dir='ltr'>spectat</span> <span class='ocrx_word' id='word_1_156' title='bbox 1016 3209 1079 3263; x_wconf 91' lang='lat' dir='ltr'>tam</span> <span class='ocrx_word' id='word_1_157' title='bbox 1110 3203 1307 3280; x_wconf 88' lang='lat' dir='ltr'>praefectum</span> 
     </span>
     <span class='ocr_line' id='line_1_30' title="bbox 558 3290 1307 3373; baseline 0.011 -24"><span class='ocrx_word' id='word_1_158' title='bbox 558 3290 740 3352; x_wconf 88' lang='lat' dir='ltr'>studiorum</span> <span class='ocrx_word' id='word_1_159' title='bbox 757 3305 851 3368; x_wconf 88' lang='lat' dir='ltr'>quam</span> <span class='ocrx_word' id='word_1_160' title='bbox 868 3294 1039 3370; x_wconf 89' lang='lat' dir='ltr'>magistros</span> <span class='ocrx_word' id='word_1_161' title='bbox 1062 3296 1238 3373; x_wconf 89' lang='lat' dir='ltr'>praedictos</span> <span class='ocrx_word' id='word_1_162' title='bbox 1255 3296 1307 3358; x_wconf 88' lang='lat' dir='ltr'>de-</span> 
     </span>
     <span class='ocr_line' id='line_1_31' title="bbox 559 3385 1307 3461; baseline 0.008 -19"><span class='ocrx_word' id='word_1_163' title='bbox 559 3389 682 3461; x_wconf 88' lang='lat' dir='ltr'>putare,</span> <span class='ocrx_word' id='word_1_164' title='bbox 707 3385 739 3446; x_wconf 96' lang='lat' dir='ltr'>in</span> <span class='ocrx_word' id='word_1_165' title='bbox 763 3387 875 3448; x_wconf 92' lang='lat' dir='ltr'>mortis</span> <span class='ocrx_word' id='word_1_166' title='bbox 903 3393 1009 3448; x_wconf 91' lang='lat' dir='ltr'>tamen</span> <span class='ocrx_word' id='word_1_167' title='bbox 1031 3395 1086 3450; x_wconf 91' lang='lat' dir='ltr'>aut</span> <span class='ocrx_word' id='word_1_168' title='bbox 1113 3389 1307 3450; x_wconf 86' lang='lat' dir='ltr'>infirmitatis</span> 
     </span>
     <span class='ocr_line' id='line_1_32' title="bbox 558 3475 1306 3559; baseline 0.011 -23"><span class='ocrx_word' id='word_1_169' title='bbox 558 3475 690 3538; x_wconf 91' lang='lat' dir='ltr'>alicuius</span> <span class='ocrx_word' id='word_1_170' title='bbox 713 3493 828 3540; x_wconf 90' lang='lat' dir='ltr'>eorum</span> <span class='ocrx_word' id='word_1_171' title='bbox 857 3495 944 3553; x_wconf 90' lang='lat' dir='ltr'>casu,</span> <span class='ocrx_word' id='word_1_172' title='bbox 969 3483 1177 3559; x_wconf 90' lang='lat' dir='ltr'>congregatio</span> <span class='ocrx_word' id='word_1_173' title='bbox 1200 3499 1306 3544; x_wconf 89' lang='lat' dir='ltr'>mona-</span> 
     </span>
     <span class='ocr_line' id='line_1_33' title="bbox 558 3571 1305 3640; baseline 0.005 -8"><span class='ocrx_word' id='word_1_174' title='bbox 558 3571 694 3632; x_wconf 89' lang='lat' dir='ltr'>chorum</span> <span class='ocrx_word' id='word_1_175' title='bbox 715 3575 777 3634; x_wconf 77' lang='lat' dir='ltr'>una</span> <span class='ocrx_word' id='word_1_176' title='bbox 793 3591 866 3636; x_wconf 84' lang='lat' dir='ltr'>eum</span> <span class='ocrx_word' id='word_1_177' title='bbox 882 3575 993 3637; x_wconf 89' lang='lat' dir='ltr'>abbate</span> <span class='ocrx_word' id='word_1_178' title='bbox 1015 3577 1101 3638; x_wconf 87' lang='lat' dir='ltr'>illius</span> <span class='ocrx_word' id='word_1_179' title='bbox 1120 3577 1305 3640; x_wconf 87' lang='lat' dir='ltr'>monasterii</span> 
     </span>
     <span class='ocr_line' id='line_1_34' title="bbox 557 3666 1304 3749; baseline 0.007 -23"><span class='ocrx_word' id='word_1_180' title='bbox 557 3666 654 3728; x_wconf 92' lang='lat' dir='ltr'>alium</span> <span class='ocrx_word' id='word_1_181' title='bbox 678 3666 710 3727; x_wconf 93' lang='lat' dir='ltr'>in</span> <span class='ocrx_word' id='word_1_182' title='bbox 737 3668 804 3729; x_wconf 91' lang='lat' dir='ltr'>eius</span> <span class='ocrx_word' id='word_1_183' title='bbox 833 3669 940 3730; x_wconf 91' lang='lat' dir='ltr'>locum</span> <span class='ocrx_word' id='word_1_184' title='bbox 969 3671 1146 3748; x_wconf 90' lang='lat' dir='ltr'>subrogare</span> <span class='ocrx_word' id='word_1_185' title='bbox 1176 3671 1304 3749; x_wconf 90' lang='lat' dir='ltr'>poterit,</span> 
     </span>
     <span class='ocr_line' id='line_1_35' title="bbox 558 3761 1305 3838; baseline 0.012 -18"><span class='ocrx_word' id='word_1_186' title='bbox 558 3761 659 3824; x_wconf 87' lang='lat' dir='ltr'>donec</span> <span class='ocrx_word' id='word_1_187' title='bbox 690 3761 784 3824; x_wconf 87' lang='lat' dir='ltr'>abbas</span> <span class='ocrx_word' id='word_1_188' title='bbox 814 3765 953 3838; x_wconf 89' lang='lat' dir='ltr'>gneralis</span> <span class='ocrx_word' id='word_1_189' title='bbox 982 3766 1183 3828; x_wconf 88' lang='lat' dir='ltr'>consulatur:</span> <span class='ocrx_word' id='word_1_190' title='bbox 1216 3768 1305 3829; x_wconf 90' lang='lat' dir='ltr'>cuius</span> 
     </span>
     <span class='ocr_line' id='line_1_36' title="bbox 558 3857 1303 3939; baseline 0.008 -22"><span class='ocrx_word' id='word_1_191' title='bbox 558 3857 620 3917; x_wconf 89' lang='lat' dir='ltr'>orit</span> <span class='ocrx_word' id='word_1_192' title='bbox 651 3857 789 3936; x_wconf 89' lang='lat' dir='ltr'>spatium</span> <span class='ocrx_word' id='word_1_193' title='bbox 819 3857 913 3919; x_wconf 91' lang='lat' dir='ltr'>etiam</span> <span class='ocrx_word' id='word_1_194' title='bbox 944 3876 1101 3921; x_wconf 90' lang='lat' dir='ltr'>annorum</span> <span class='ocrx_word' id='word_1_195' title='bbox 1131 3862 1303 3939; x_wconf 87' lang='lat' dir='ltr'>assignare,</span> 
     </span>
     <span class='ocr_line' id='line_1_37' title="bbox 558 3951 1306 4032; baseline 0.009 -21"><span class='ocrx_word' id='word_1_196' title='bbox 558 3967 622 4027; x_wconf 90' lang='lat' dir='ltr'>quo</span> <span class='ocrx_word' id='word_1_197' title='bbox 645 3951 879 4027; x_wconf 84' lang='lat' dir='ltr'>grammaticae,</span> <span class='ocrx_word' id='word_1_198' title='bbox 905 3953 1124 4032; x_wconf 77' lang='lat' dir='ltr'>philosophiae</span> <span class='ocrx_word' id='word_1_199' title='bbox 1147 3963 1179 4018; x_wconf 92' lang='lat' dir='ltr'>et</span> <span class='ocrx_word' id='word_1_200' title='bbox 1200 3973 1306 4018; x_wconf 90' lang='lat' dir='ltr'>sacrae</span> 
     </span>
     <span class='ocr_line' id='line_1_38' title="bbox 558 4046 1306 4124; baseline 0.009 -18"><span class='ocrx_word' id='word_1_201' title='bbox 558 4046 740 4124; x_wconf 87' lang='lat' dir='ltr'>theologiae</span> <span class='ocrx_word' id='word_1_202' title='bbox 762 4046 903 4108; x_wconf 93' lang='lat' dir='ltr'>studium</span> <span class='ocrx_word' id='word_1_203' title='bbox 933 4049 1132 4124; x_wconf 87' lang='lat' dir='ltr'>perficiatur,</span> <span class='ocrx_word' id='word_1_204' title='bbox 1157 4050 1306 4112; x_wconf 88' lang='lat' dir='ltr'>distribu-</span> 
     </span>
     <span class='ocr_line' id='line_1_39' title="bbox 559 4140 1306 4219; baseline 0.009 -19"><span class='ocrx_word' id='word_1_205' title='bbox 559 4140 679 4200; x_wconf 86' lang='lat' dir='ltr'>tionem</span> <span class='ocrx_word' id='word_1_206' title='bbox 713 4155 842 4216; x_wconf 91' lang='lat' dir='ltr'>quoque</span> <span class='ocrx_word' id='word_1_207' title='bbox 875 4141 1029 4219; x_wconf 89' lang='lat' dir='ltr'>temporis</span> <span class='ocrx_word' id='word_1_208' title='bbox 1062 4149 1125 4203; x_wconf 91' lang='lat' dir='ltr'>tam</span> <span class='ocrx_word' id='word_1_209' title='bbox 1159 4145 1306 4206; x_wconf 90' lang='lat' dir='ltr'>matutini</span> 
     </span>
     <span class='ocr_line' id='line_1_40' title="bbox 558 4233 1307 4318; baseline 0.007 -24"><span class='ocrx_word' id='word_1_210' title='bbox 558 4249 654 4310; x_wconf 90' lang='lat' dir='ltr'>quam</span> <span class='ocrx_word' id='word_1_211' title='bbox 677 4233 899 4311; x_wconf 90' lang='lat' dir='ltr'>pomeridiani,</span> <span class='ocrx_word' id='word_1_212' title='bbox 918 4236 1141 4318; x_wconf 70' lang='lat' dir='ltr'>oquacationes</span> <span class='ocrx_word' id='word_1_213' title='bbox 1157 4253 1214 4314; x_wconf 92' lang='lat' dir='ltr'>per</span> <span class='ocrx_word' id='word_1_214' title='bbox 1230 4239 1307 4299; x_wconf 94' lang='lat' dir='ltr'>heb-</span> 
     </span>
     <span class='ocr_line' id='line_1_41' title="bbox 559 4327 1306 4408; baseline 0.007 -20"><span class='ocrx_word' id='word_1_215' title='bbox 559 4327 707 4388; x_wconf 90' lang='lat' dir='ltr'>domadas</span> <span class='ocrx_word' id='word_1_216' title='bbox 729 4335 761 4390; x_wconf 92' lang='lat' dir='ltr'>et</span> <span class='ocrx_word' id='word_1_217' title='bbox 783 4345 921 4402; x_wconf 81' lang='lat' dir='ltr'>annum3</span> <span class='ocrx_word' id='word_1_218' title='bbox 945 4330 986 4390; x_wconf 90' lang='lat' dir='ltr'>ita</span> <span class='ocrx_word' id='word_1_219' title='bbox 1010 4335 1116 4390; x_wconf 91' lang='lat' dir='ltr'>tamen</span> <span class='ocrx_word' id='word_1_220' title='bbox 1138 4336 1174 4392; x_wconf 92' lang='lat' dir='ltr'>ut</span> <span class='ocrx_word' id='word_1_221' title='bbox 1200 4345 1306 4408; x_wconf 89' lang='lat' dir='ltr'>noque</span> 
     </span>
     <span class='ocr_line' id='line_1_42' title="bbox 558 4421 1305 4502; baseline 0.009 -22"><span class='ocrx_word' id='word_1_222' title='bbox 558 4421 711 4482; x_wconf 91' lang='lat' dir='ltr'>horarum</span> <span class='ocrx_word' id='word_1_223' title='bbox 734 4423 958 4484; x_wconf 89' lang='lat' dir='ltr'>canonicarum</span> <span class='ocrx_word' id='word_1_224' title='bbox 982 4429 1014 4484; x_wconf 93' lang='lat' dir='ltr'>et</span> <span class='ocrx_word' id='word_1_225' title='bbox 1035 4438 1141 4484; x_wconf 91' lang='lat' dir='ltr'>sacrae</span> <span class='ocrx_word' id='word_1_226' title='bbox 1156 4423 1305 4502; x_wconf 89' lang='lat' dir='ltr'>liturgiae</span> 
     </span>
     <span class='ocr_line' id='line_1_43' title="bbox 558 4515 1306 4593; baseline 0.009 -18"><span class='ocrx_word' id='word_1_227' title='bbox 558 4521 721 4592; x_wconf 88' lang='lat' dir='ltr'>tempora,</span> <span class='ocrx_word' id='word_1_228' title='bbox 752 4515 876 4593; x_wconf 91' lang='lat' dir='ltr'>aliaque</span> <span class='ocrx_word' id='word_1_229' title='bbox 899 4519 1071 4580; x_wconf 89' lang='lat' dir='ltr'>monastica</span> <span class='ocrx_word' id='word_1_230' title='bbox 1097 4519 1265 4591; x_wconf 67' lang='lat' dir='ltr'>exercitia,</span> <span class='ocrx_word' id='word_1_231' title='bbox 1290 4539 1306 4582; x_wconf 91' lang='lat' dir='ltr'>a</span> 
     </span>
     <span class='ocr_line' id='line_1_44' title="bbox 558 4611 1305 4693; baseline 0.005 -20"><span class='ocrx_word' id='word_1_232' title='bbox 558 4611 721 4672; x_wconf 82' lang='lat' dir='ltr'>communi</span> <span class='ocrx_word' id='word_1_233' title='bbox 744 4612 856 4686; x_wconf 84' lang='lat' dir='ltr'>regula</span> <span class='ocrx_word' id='word_1_234' title='bbox 873 4617 905 4673; x_wconf 92' lang='lat' dir='ltr'>et</span> <span class='ocrx_word' id='word_1_235' title='bbox 919 4613 1201 4675; x_wconf 89' lang='lat' dir='ltr'>constitutionibus</span> <span class='ocrx_word' id='word_1_236' title='bbox 1217 4631 1305 4693; x_wconf 92' lang='lat' dir='ltr'>prae-</span> 
     </span>
     <span class='ocr_line' id='line_1_45' title="bbox 556 4705 1305 4783; baseline 0.005 -19"><span class='ocrx_word' id='word_1_237' title='bbox 556 4705 683 4782; x_wconf 90' lang='lat' dir='ltr'>scripta,</span> <span class='ocrx_word' id='word_1_238' title='bbox 698 4705 942 4782; x_wconf 84' lang='lat' dir='ltr'>perturbentur,</span> <span class='ocrx_word' id='word_1_239' title='bbox 957 4723 1063 4783; x_wconf 91' lang='lat' dir='ltr'>neque</span> <span class='ocrx_word' id='word_1_240' title='bbox 1078 4708 1163 4768; x_wconf 84' lang='lat' dir='ltr'>vires</span> <span class='ocrx_word' id='word_1_241' title='bbox 1175 4708 1305 4770; x_wconf 89' lang='lat' dir='ltr'>studen-</span> 
     </span>
     <span class='ocr_line' id='line_1_46' title="bbox 558 4799 1222 4879; baseline 0.008 -21"><span class='ocrx_word' id='word_1_242' title='bbox 558 4799 638 4859; x_wconf 91' lang='lat' dir='ltr'>tium</span> <span class='ocrx_word' id='word_1_243' title='bbox 661 4805 714 4860; x_wconf 92' lang='lat' dir='ltr'>ant</span> <span class='ocrx_word' id='word_1_244' title='bbox 736 4799 962 4875; x_wconf 89' lang='lat' dir='ltr'>magistrorum</span> <span class='ocrx_word' id='word_1_245' title='bbox 990 4802 1222 4879; x_wconf 91' lang='lat' dir='ltr'>opprimantur.</span> 
     </span>
    </p>

    <p class='ocr_par' dir='ltr' id='par_1_5' title="bbox 556 4892 1305 5615">
     <span class='ocr_line' id='line_1_47' title="bbox 599 4892 1305 4976; baseline 0.011 -25"><span class='ocrx_word' id='word_1_246' title='bbox 599 4909 639 4953; x_wconf 87' lang='lat' dir='ltr'>vr.</span> <span class='ocrx_word' id='word_1_247' title='bbox 664 4892 813 4966; x_wconf 85' lang='lat' dir='ltr'>Quolibet</span> <span class='ocrx_word' id='word_1_248' title='bbox 840 4909 952 4955; x_wconf 90' lang='lat' dir='ltr'>mense</span> <span class='ocrx_word' id='word_1_249' title='bbox 981 4896 1151 4974; x_wconf 90' lang='lat' dir='ltr'>disputatio</span> <span class='ocrx_word' id='word_1_250' title='bbox 1181 4898 1305 4976; x_wconf 91' lang='lat' dir='ltr'>publica</span> 
     </span>
     <span class='ocr_line' id='line_1_48' title="bbox 557 4986 1303 5056; baseline 0.003 -8"><span class='ocrx_word' id='word_1_251' title='bbox 557 4987 620 5056; x_wconf 90' lang='lat' dir='ltr'>fiat,</span> <span class='ocrx_word' id='word_1_252' title='bbox 640 4993 671 5048; x_wconf 90' lang='lat' dir='ltr'>et</span> <span class='ocrx_word' id='word_1_253' title='bbox 686 4986 733 5048; x_wconf 88' lang='lat' dir='ltr'>bis</span> <span class='ocrx_word' id='word_1_254' title='bbox 749 4987 782 5047; x_wconf 93' lang='lat' dir='ltr'>in</span> <span class='ocrx_word' id='word_1_255' title='bbox 797 5004 880 5048; x_wconf 90' lang='lat' dir='ltr'>anno</span> <span class='ocrx_word' id='word_1_256' title='bbox 893 5003 1045 5056; x_wconf 77' lang='lat' dir='ltr'>eramen:</span> <span class='ocrx_word' id='word_1_257' title='bbox 1070 4989 1182 5050; x_wconf 88' lang='lat' dir='ltr'>diebus</span> <span class='ocrx_word' id='word_1_258' title='bbox 1197 4997 1303 5052; x_wconf 91' lang='lat' dir='ltr'>autem</span> 
     </span>
     <span class='ocr_line' id='line_1_49' title="bbox 557 5081 1305 5146; baseline 0.007 -5"><span class='ocrx_word' id='word_1_259' title='bbox 557 5081 724 5143; x_wconf 90' lang='lat' dir='ltr'>dominicis</span> <span class='ocrx_word' id='word_1_260' title='bbox 736 5081 915 5142; x_wconf 88' lang='lat' dir='ltr'>habeantur</span> <span class='ocrx_word' id='word_1_261' title='bbox 936 5081 1120 5144; x_wconf 91' lang='lat' dir='ltr'>collationes</span> <span class='ocrx_word' id='word_1_262' title='bbox 1136 5084 1189 5146; x_wconf 92' lang='lat' dir='ltr'>vel</span> <span class='ocrx_word' id='word_1_263' title='bbox 1205 5084 1244 5145; x_wconf 89' lang='lat' dir='ltr'>de</span> <span class='ocrx_word' id='word_1_264' title='bbox 1259 5101 1305 5146; x_wconf 90' lang='lat' dir='ltr'>sa-</span> 
     </span>
     <span class='ocr_line' id='line_1_50' title="bbox 557 5173 1302 5253; baseline 0.004 -17"><span class='ocrx_word' id='word_1_265' title='bbox 557 5177 607 5236; x_wconf 82' lang='lat' dir='ltr'>cra</span> <span class='ocrx_word' id='word_1_266' title='bbox 631 5174 787 5253; x_wconf 79' lang='lat' dir='ltr'>Sriptura,</span> <span class='ocrx_word' id='word_1_267' title='bbox 806 5173 857 5236; x_wconf 88' lang='lat' dir='ltr'>vel</span> <span class='ocrx_word' id='word_1_268' title='bbox 881 5176 920 5236; x_wconf 92' lang='lat' dir='ltr'>de</span> <span class='ocrx_word' id='word_1_269' title='bbox 942 5177 1064 5237; x_wconf 87' lang='lat' dir='ltr'>casibus</span> <span class='ocrx_word' id='word_1_270' title='bbox 1080 5179 1302 5252; x_wconf 91' lang='lat' dir='ltr'>conscientiae,</span> 
     </span>
     <span class='ocr_line' id='line_1_51' title="bbox 556 5268 1304 5348; baseline 0.004 -17"><span class='ocrx_word' id='word_1_271' title='bbox 556 5277 610 5332; x_wconf 93' lang='lat' dir='ltr'>aut</span> <span class='ocrx_word' id='word_1_272' title='bbox 638 5271 866 5332; x_wconf 89' lang='lat' dir='ltr'>controversiis</span> <span class='ocrx_word' id='word_1_273' title='bbox 896 5271 927 5332; x_wconf 93' lang='lat' dir='ltr'>in</span> <span class='ocrx_word' id='word_1_274' title='bbox 957 5268 1087 5332; x_wconf 89' lang='lat' dir='ltr'>Oriente</span> <span class='ocrx_word' id='word_1_275' title='bbox 1118 5271 1304 5348; x_wconf 84' lang='lat' dir='ltr'>rigentibus</span> 
     </span>
     <span class='ocr_line' id='line_1_52' title="bbox 557 5365 1305 5436; baseline 0.001 -8"><span class='ocrx_word' id='word_1_276' title='bbox 557 5367 710 5428; x_wconf 89' lang='lat' dir='ltr'>adversus</span> <span class='ocrx_word' id='word_1_277' title='bbox 732 5365 959 5436; x_wconf 89' lang='lat' dir='ltr'>schismaticos,</span> <span class='ocrx_word' id='word_1_278' title='bbox 984 5365 1159 5427; x_wconf 89' lang='lat' dir='ltr'>haereticos</span> <span class='ocrx_word' id='word_1_279' title='bbox 1183 5375 1214 5428; x_wconf 94' lang='lat' dir='ltr'>et</span> <span class='ocrx_word' id='word_1_280' title='bbox 1236 5369 1305 5429; x_wconf 90' lang='lat' dir='ltr'>infr-</span> 
     </span>
     <span class='ocr_line' id='line_1_53' title="bbox 557 5459 1305 5538; baseline 0.003 -16"><span class='ocrx_word' id='word_1_281' title='bbox 557 5461 644 5522; x_wconf 91' lang='lat' dir='ltr'>deles</span> <span class='ocrx_word' id='word_1_282' title='bbox 667 5461 754 5520; x_wconf 80' lang='lat' dir='ltr'>iuxta</span> <span class='ocrx_word' id='word_1_283' title='bbox 776 5459 985 5520; x_wconf 90' lang='lat' dir='ltr'>directionem</span> <span class='ocrx_word' id='word_1_284' title='bbox 1013 5459 1163 5538; x_wconf 89' lang='lat' dir='ltr'>praefecti</span> <span class='ocrx_word' id='word_1_285' title='bbox 1186 5463 1305 5524; x_wconf 92' lang='lat' dir='ltr'>studio·</span> 
     </span>
     <span class='ocr_line' id='line_1_54' title="bbox 556 5570 640 5615; baseline 0 -2"><span class='ocrx_word' id='word_1_286' title='bbox 556 5570 640 5615; x_wconf 89' lang='lat' dir='ltr'>rum.</span> 
     </span>
    </p>

    <p class='ocr_par' dir='ltr' id='par_1_6' title="bbox 558 5648 1304 6007">
     <span class='ocr_line' id='line_1_55' title="bbox 597 5648 1304 5726; baseline 0.007 -19"><span class='ocrx_word' id='word_1_287' title='bbox 597 5664 653 5708; x_wconf 91' lang='lat' dir='ltr'>vu.</span> <span class='ocrx_word' id='word_1_288' title='bbox 677 5648 806 5708; x_wconf 89' lang='lat' dir='ltr'>Praeter</span> <span class='ocrx_word' id='word_1_289' title='bbox 835 5649 987 5726; x_wconf 76' lang='lat' dir='ltr'>syriacam</span> <span class='ocrx_word' id='word_1_290' title='bbox 1013 5655 1045 5709; x_wconf 92' lang='lat' dir='ltr'>et</span> <span class='ocrx_word' id='word_1_291' title='bbox 1066 5649 1222 5711; x_wconf 86' lang='lat' dir='ltr'>arabicam</span> <span class='ocrx_word' id='word_1_292' title='bbox 1245 5651 1304 5712; x_wconf 95' lang='lat' dir='ltr'>lin-</span> 
     </span>
     <span class='ocr_line' id='line_1_56' title="bbox 558 5741 1304 5817; baseline 0.003 -15"><span class='ocrx_word' id='word_1_293' title='bbox 558 5757 664 5817; x_wconf 87' lang='lat' dir='ltr'>guam,</span> <span class='ocrx_word' id='word_1_294' title='bbox 683 5757 759 5817; x_wconf 90' lang='lat' dir='ltr'>quas</span> <span class='ocrx_word' id='word_1_295' title='bbox 781 5741 961 5804; x_wconf 89' lang='lat' dir='ltr'>necessario</span> <span class='ocrx_word' id='word_1_296' title='bbox 977 5742 1093 5803; x_wconf 88' lang='lat' dir='ltr'>callere</span> <span class='ocrx_word' id='word_1_297' title='bbox 1107 5743 1235 5816; x_wconf 85' lang='lat' dir='ltr'>debent,</span> <span class='ocrx_word' id='word_1_298' title='bbox 1252 5761 1304 5804; x_wconf 92' lang='lat' dir='ltr'>cu-</span> 
     </span>
     <span class='ocr_line' id='line_1_57' title="bbox 558 5835 1303 5913; baseline 0.007 -19"><span class='ocrx_word' id='word_1_299' title='bbox 558 5835 674 5895; x_wconf 91' lang='lat' dir='ltr'>rabunt</span> <span class='ocrx_word' id='word_1_300' title='bbox 688 5836 784 5896; x_wconf 90' lang='lat' dir='ltr'>etiam</span> <span class='ocrx_word' id='word_1_301' title='bbox 801 5836 924 5896; x_wconf 84' lang='lat' dir='ltr'>discere</span> <span class='ocrx_word' id='word_1_302' title='bbox 949 5836 1138 5908; x_wconf 90' lang='lat' dir='ltr'>hebraicam,</span> <span class='ocrx_word' id='word_1_303' title='bbox 1158 5853 1303 5913; x_wconf 90' lang='lat' dir='ltr'>graecam</span> 
     </span>
     <span class='ocr_line' id='line_1_58' title="bbox 559 5927 1303 6007; baseline 0.004 -21"><span class='ocrx_word' id='word_1_304' title='bbox 559 5933 590 5986; x_wconf 90' lang='lat' dir='ltr'>et</span> <span class='ocrx_word' id='word_1_305' title='bbox 612 5927 751 6000; x_wconf 91' lang='lat' dir='ltr'>latinam,</span> <span class='ocrx_word' id='word_1_306' title='bbox 775 5935 812 5990; x_wconf 90' lang='lat' dir='ltr'>ut</span> <span class='ocrx_word' id='word_1_307' title='bbox 833 5944 934 5990; x_wconf 90' lang='lat' dir='ltr'>sacras</span> <span class='ocrx_word' id='word_1_308' title='bbox 957 5927 1135 6007; x_wconf 87' lang='lat' dir='ltr'>Scripturas</span> <span class='ocrx_word' id='word_1_309' title='bbox 1152 5936 1184 5990; x_wconf 93' lang='lat' dir='ltr'>et</span> <span class='ocrx_word' id='word_1_310' title='bbox 1199 5935 1303 6007; x_wconf 88' lang='lat' dir='ltr'>patres</span> 
     </span>
    </p>
   </div>
   <div class='ocr_carea' id='block_1_3' title="bbox 324 5654 538 5809">
    <p class='ocr_par' dir='ltr' id='par_1_7' title="bbox 324 5654 538 5809">
     <span class='ocr_line' id='line_1_59' title="bbox 357 5654 538 5702; baseline -0.022 0"><span class='ocrx_word' id='word_1_311' title='bbox 357 5655 475 5702; x_wconf 88' lang='lat' dir='ltr'>Studium</span> <span class='ocrx_word' id='word_1_312' title='bbox 493 5654 538 5698; x_wconf 89' lang='lat' dir='ltr'>lin-</span> 
     </span>
     <span class='ocr_line' id='line_1_60' title="bbox 324 5719 537 5764; baseline -0.009 -10"><span class='ocrx_word' id='word_1_313' title='bbox 324 5719 434 5764; x_wconf 81' lang='lat' dir='ltr'>guarum</span> <span class='ocrx_word' id='word_1_314' title='bbox 457 5719 537 5752; x_wconf 88' lang='lat' dir='ltr'>sacra-</span> 
     </span>
     <span class='ocr_line' id='line_1_61' title="bbox 326 5775 390 5809; baseline -0.016 -1"><span class='ocrx_word' id='word_1_315' title='bbox 326 5775 390 5809; x_wconf 91' lang='lat' dir='ltr'>rum.</span> 
     </span>
    </p>
   </div>
   <div class='ocr_carea' id='block_1_4' title="bbox 1084 555 1587 603">
    <p class='ocr_par' dir='ltr' id='par_1_8' title="bbox 1084 555 1587 603">
     <span class='ocr_line' id='line_1_62' title="bbox 1084 555 1587 603; baseline -0.002 -3"><span class='ocrx_word' id='word_1_316' title='bbox 1084 555 1148 600; x_wconf 86' lang='lat' dir='ltr'>run.</span> <span class='ocrx_word' id='word_1_317' title='bbox 1173 557 1265 602; x_wconf 79' lang='lat' dir='ltr'>PON&#39;l&#39;.</span> <span class='ocrx_word' id='word_1_318' title='bbox 1290 557 1330 602; x_wconf 83' lang='lat' dir='ltr'>DE</span> <span class='ocrx_word' id='word_1_319' title='bbox 1352 558 1381 603; x_wconf 76' lang='grc' dir='ltr'>Ρ.</span> <span class='ocrx_word' id='word_1_320' title='bbox 1407 558 1436 602; x_wconf 77' lang='lat' dir='ltr'>F.</span> <span class='ocrx_word' id='word_1_321' title='bbox 1461 555 1544 602; x_wconf 78' lang='lat' dir='ltr'>PARS</span> <span class='ocrx_word' id='word_1_322' title='bbox 1565 555 1587 600; x_wconf 92' lang='lat'>1.</span> 
     </span>
    </p>
   </div>
   <div class='ocr_carea' id='block_1_5' title="bbox 1362 676 2356 4317">
    <p class='ocr_par' dir='ltr' id='par_1_9' title="bbox 1362 676 2356 4317">
     <span class='ocr_line' id='line_1_63' title="bbox 1370 676 2133 758; baseline 0.001 -19"><span class='ocrx_word' id='word_1_323' title='bbox 1370 678 1583 753; x_wconf 89' lang='lat' dir='ltr'>doctoresque</span> <span class='ocrx_word' id='word_1_324' title='bbox 1605 676 1717 754; x_wconf 89' lang='lat' dir='ltr'>legere</span> <span class='ocrx_word' id='word_1_325' title='bbox 1732 685 1827 757; x_wconf 89' lang='lat' dir='ltr'>atque</span> <span class='ocrx_word' id='word_1_326' title='bbox 1846 677 2060 758; x_wconf 87' lang='lat' dir='ltr'>interpretari</span> <span class='ocrx_word' id='word_1_327' title='bbox 2078 693 2133 740; x_wconf 88' lang='lat' dir='ltr'>va·</span> 
     </span>
     <span class='ocr_line' id='line_1_64' title="bbox 1369 771 1877 832; baseline 0 0"><span class='ocrx_word' id='word_1_328' title='bbox 1369 771 1465 832; x_wconf 92' lang='lat' dir='ltr'>leant.</span> <span class='ocrx_word' id='word_1_329' title='bbox 1874 825 1877 832; x_wconf 87' lang='lat'>.</span> 
     </span>
     <span class='ocr_line' id='line_1_65' title="bbox 1409 862 2133 929; baseline 0.003 -5"><span class='ocrx_word' id='word_1_330' title='bbox 1409 882 1477 925; x_wconf 86' lang='lat' dir='ltr'>vni.</span> <span class='ocrx_word' id='word_1_331' title='bbox 1502 862 1613 926; x_wconf 86' lang='lat' dir='ltr'>Omnia</span> <span class='ocrx_word' id='word_1_332' title='bbox 1636 866 1673 926; x_wconf 92' lang='lat' dir='ltr'>ad</span> <span class='ocrx_word' id='word_1_333' title='bbox 1692 866 1835 928; x_wconf 89' lang='lat' dir='ltr'>studium</span> <span class='ocrx_word' id='word_1_334' title='bbox 1852 867 2032 929; x_wconf 89' lang='lat' dir='ltr'>necessaria</span> <span class='ocrx_word' id='word_1_335' title='bbox 2051 864 2133 926; x_wconf 89' lang='lat' dir='ltr'>sub-</span> 
     </span>
     <span class='ocr_line' id='line_1_66' title="bbox 1368 958 2129 1041; baseline -0.003 -22"><span class='ocrx_word' id='word_1_336' title='bbox 1368 958 1446 1020; x_wconf 88' lang='lat' dir='ltr'>sidia</span> <span class='ocrx_word' id='word_1_337' title='bbox 1467 959 1504 1020; x_wconf 89' lang='lat' dir='ltr'>ab</span> <span class='ocrx_word' id='word_1_338' title='bbox 1526 959 1638 1022; x_wconf 88' lang='lat' dir='ltr'>abbate</span> <span class='ocrx_word' id='word_1_339' title='bbox 1660 961 1864 1024; x_wconf 90' lang='lat' dir='ltr'>studentibus</span> <span class='ocrx_word' id='word_1_340' title='bbox 1890 965 2129 1041; x_wconf 87' lang='lat' dir='ltr'>procurentur.</span> 
     </span>
     <span class='ocr_line' id='line_1_67' title="bbox 1370 1051 2131 1132; baseline -0.004 -18"><span class='ocrx_word' id='word_1_341' title='bbox 1370 1051 1541 1115; x_wconf 90' lang='lat' dir='ltr'>Studeutes</span> <span class='ocrx_word' id='word_1_342' title='bbox 1562 1068 1642 1114; x_wconf 86' lang='lat' dir='ltr'>vero</span> <span class='ocrx_word' id='word_1_343' title='bbox 1668 1061 1798 1116; x_wconf 85' lang='lat' dir='ltr'>curent:</span> <span class='ocrx_word' id='word_1_344' title='bbox 1825 1054 1940 1132; x_wconf 93' lang='lat' dir='ltr'>primo,</span> <span class='ocrx_word' id='word_1_345' title='bbox 1963 1061 2000 1115; x_wconf 88' lang='lat' dir='ltr'>ut</span> <span class='ocrx_word' id='word_1_346' title='bbox 2022 1051 2131 1114; x_wconf 89' lang='lat' dir='ltr'>animi</span> 
     </span>
     <span class='ocr_line' id='line_1_68' title="bbox 1369 1145 2131 1222; baseline 0 -16"><span class='ocrx_word' id='word_1_347' title='bbox 1369 1147 1540 1222; x_wconf 91' lang='lat' dir='ltr'>puritatem</span> <span class='ocrx_word' id='word_1_348' title='bbox 1564 1153 1596 1207; x_wconf 92' lang='lat' dir='ltr'>et</span> <span class='ocrx_word' id='word_1_349' title='bbox 1623 1153 1740 1208; x_wconf 91' lang='lat' dir='ltr'>rectam</span> <span class='ocrx_word' id='word_1_350' title='bbox 1771 1147 1804 1208; x_wconf 96' lang='lat' dir='ltr'>in</span> <span class='ocrx_word' id='word_1_351' title='bbox 1825 1147 1937 1209; x_wconf 91' lang='lat' dir='ltr'>studiis</span> <span class='ocrx_word' id='word_1_352' title='bbox 1967 1145 2131 1208; x_wconf 91' lang='lat' dir='ltr'>intentio-</span> 
     </span>
     <span class='ocr_line' id='line_1_69' title="bbox 1369 1237 2164 1314; baseline -0.001 -15"><span class='ocrx_word' id='word_1_353' title='bbox 1369 1253 1443 1300; x_wconf 89' lang='lat' dir='ltr'>nem</span> <span class='ocrx_word' id='word_1_354' title='bbox 1467 1239 1619 1314; x_wconf 80' lang='lat' dir='ltr'>habeant3</span> <span class='ocrx_word' id='word_1_355' title='bbox 1643 1240 1794 1311; x_wconf 89' lang='lat' dir='ltr'>secundo,</span> <span class='ocrx_word' id='word_1_356' title='bbox 1816 1245 1853 1302; x_wconf 93' lang='lat' dir='ltr'>ut</span> <span class='ocrx_word' id='word_1_357' title='bbox 1868 1237 1978 1302; x_wconf 88' lang='lat' dir='ltr'>fervor</span> <span class='ocrx_word' id='word_1_358' title='bbox 1999 1238 2131 1300; x_wconf 89' lang='lat' dir='ltr'>studio·</span> <span class='ocrx_word' id='word_1_359' title='bbox 2159 1278 2164 1292; x_wconf 87' lang='lat'>.</span> 
     </span>
     <span class='ocr_line' id='line_1_70' title="bbox 1368 1331 2129 1410; baseline 0.001 -19"><span class='ocrx_word' id='word_1_360' title='bbox 1368 1346 1441 1392; x_wconf 92' lang='lat' dir='ltr'>rum</span> <span class='ocrx_word' id='word_1_361' title='bbox 1465 1347 1529 1392; x_wconf 92' lang='lat' dir='ltr'>non</span> <span class='ocrx_word' id='word_1_362' title='bbox 1558 1331 1727 1410; x_wconf 87' lang='lat' dir='ltr'>extinguat</span> <span class='ocrx_word' id='word_1_363' title='bbox 1748 1339 1802 1394; x_wconf 91' lang='lat' dir='ltr'>aut</span> <span class='ocrx_word' id='word_1_364' title='bbox 1822 1333 1946 1394; x_wconf 90' lang='lat' dir='ltr'>minuat</span> <span class='ocrx_word' id='word_1_365' title='bbox 1974 1345 2129 1394; x_wconf 89' lang='lat' dir='ltr'>amorem</span> 
     </span>
     <span class='ocr_line' id='line_1_71' title="bbox 1367 1423 2130 1500; baseline 0.001 -15"><span class='ocrx_word' id='word_1_366' title='bbox 1367 1425 1542 1486; x_wconf 91' lang='lat' dir='ltr'>solidarum</span> <span class='ocrx_word' id='word_1_367' title='bbox 1573 1425 1750 1500; x_wconf 84' lang='lat' dir='ltr'>virtutum;</span> <span class='ocrx_word' id='word_1_368' title='bbox 1776 1427 1882 1498; x_wconf 88' lang='lat' dir='ltr'>tertio,</span> <span class='ocrx_word' id='word_1_369' title='bbox 1905 1427 2000 1488; x_wconf 90' lang='lat' dir='ltr'>utils</span> <span class='ocrx_word' id='word_1_370' title='bbox 2023 1423 2130 1486; x_wconf 88' lang='lat' dir='ltr'>facul-</span> 
     </span>
     <span class='ocr_line' id='line_1_72' title="bbox 1369 1517 2130 1596; baseline 0 -18"><span class='ocrx_word' id='word_1_371' title='bbox 1369 1517 1484 1579; x_wconf 92' lang='lat' dir='ltr'>tatibus</span> <span class='ocrx_word' id='word_1_372' title='bbox 1509 1533 1638 1596; x_wconf 89' lang='lat' dir='ltr'>operam</span> <span class='ocrx_word' id='word_1_373' title='bbox 1661 1519 1747 1590; x_wconf 88' lang='lat' dir='ltr'>dent,</span> <span class='ocrx_word' id='word_1_374' title='bbox 1766 1535 1884 1596; x_wconf 90' lang='lat' dir='ltr'>eosque</span> <span class='ocrx_word' id='word_1_375' title='bbox 1906 1519 2037 1580; x_wconf 90' lang='lat' dir='ltr'>audiant</span> <span class='ocrx_word' id='word_1_376' title='bbox 2059 1535 2130 1578; x_wconf 90' lang='lat' dir='ltr'>rna-</span> 
     </span>
     <span class='ocr_line' id='line_1_73' title="bbox 1368 1612 2129 1689; baseline 0.003 -17"><span class='ocrx_word' id='word_1_377' title='bbox 1368 1613 1496 1688; x_wconf 74' lang='lat' dir='ltr'>gistros</span> <span class='ocrx_word' id='word_1_378' title='bbox 1512 1628 1591 1689; x_wconf 89' lang='lat' dir='ltr'>quos</span> <span class='ocrx_word' id='word_1_379' title='bbox 1614 1612 1708 1673; x_wconf 91' lang='lat' dir='ltr'>abbas</span> <span class='ocrx_word' id='word_1_380' title='bbox 1730 1613 1916 1688; x_wconf 88' lang='lat' dir='ltr'>destinabit;</span> <span class='ocrx_word' id='word_1_381' title='bbox 1940 1619 2070 1689; x_wconf 89' lang='lat' dir='ltr'>quarto,</span> <span class='ocrx_word' id='word_1_382' title='bbox 2090 1621 2129 1674; x_wconf 92' lang='lat' dir='ltr'>ut</span> 
     </span>
     <span class='ocr_line' id='line_1_74' title="bbox 1368 1704 2129 1782; baseline 0.004 -18"><span class='ocrx_word' id='word_1_383' title='bbox 1368 1705 1473 1777; x_wconf 92' lang='lat' dir='ltr'>horas,</span> <span class='ocrx_word' id='word_1_384' title='bbox 1487 1704 1593 1766; x_wconf 91' lang='lat' dir='ltr'>studio</span> <span class='ocrx_word' id='word_1_385' title='bbox 1611 1711 1672 1766; x_wconf 92' lang='lat' dir='ltr'>tam</span> <span class='ocrx_word' id='word_1_386' title='bbox 1696 1705 1860 1768; x_wconf 87' lang='lat' dir='ltr'>communi</span> <span class='ocrx_word' id='word_1_387' title='bbox 1882 1720 1977 1782; x_wconf 91' lang='lat' dir='ltr'>quam</span> <span class='ocrx_word' id='word_1_388' title='bbox 1993 1705 2129 1782; x_wconf 82' lang='lat' dir='ltr'>privato</span> 
     </span>
     <span class='ocr_line' id='line_1_75' title="bbox 1368 1797 2124 1877; baseline 0.003 -19"><span class='ocrx_word' id='word_1_389' title='bbox 1368 1797 1544 1871; x_wconf 87' lang='lat' dir='ltr'>attributas,</span> <span class='ocrx_word' id='word_1_390' title='bbox 1569 1798 1743 1874; x_wconf 89' lang='lat' dir='ltr'>diligenter</span> <span class='ocrx_word' id='word_1_391' title='bbox 1774 1798 1965 1870; x_wconf 70' lang='lat' dir='ltr'>observent,</span> <span class='ocrx_word' id='word_1_392' title='bbox 1990 1799 2124 1877; x_wconf 91' lang='lat' dir='ltr'>quinto,</span> 
     </span>
     <span class='ocr_line' id='line_1_76' title="bbox 1366 1892 2127 1968; baseline 0.003 -16"><span class='ocrx_word' id='word_1_393' title='bbox 1366 1899 1403 1952; x_wconf 89' lang='lat' dir='ltr'>ut</span> <span class='ocrx_word' id='word_1_394' title='bbox 1417 1893 1444 1954; x_wconf 90' lang='lat' dir='ltr'>si</span> <span class='ocrx_word' id='word_1_395' title='bbox 1459 1893 1629 1968; x_wconf 87' lang='lat' dir='ltr'>magistros</span> <span class='ocrx_word' id='word_1_396' title='bbox 1642 1892 1823 1954; x_wconf 91' lang='lat' dir='ltr'>studiorum</span> <span class='ocrx_word' id='word_1_397' title='bbox 1836 1894 1925 1954; x_wconf 82' lang='lat' dir='ltr'>causa</span> <span class='ocrx_word' id='word_1_398' title='bbox 1941 1893 2127 1954; x_wconf 87' lang='lat' dir='ltr'>convenire</span> 
     </span>
     <span class='ocr_line' id='line_1_77' title="bbox 1368 1985 2127 2056; baseline 0 -10"><span class='ocrx_word' id='word_1_399' title='bbox 1368 1985 1496 2056; x_wconf 90' lang='lat' dir='ltr'>debent,</span> <span class='ocrx_word' id='word_1_400' title='bbox 1522 1987 1632 2046; x_wconf 91' lang='lat' dir='ltr'>horam</span> <span class='ocrx_word' id='word_1_401' title='bbox 1656 1993 1777 2046; x_wconf 88' lang='lat' dir='ltr'>certam</span> <span class='ocrx_word' id='word_1_402' title='bbox 1793 1986 1830 2048; x_wconf 89' lang='lat' dir='ltr'>ab</span> <span class='ocrx_word' id='word_1_403' title='bbox 1845 1986 1957 2048; x_wconf 91' lang='lat' dir='ltr'>abbate</span> <span class='ocrx_word' id='word_1_404' title='bbox 1979 1986 2127 2048; x_wconf 88' lang='lat' dir='ltr'>destina-</span> 
     </span>
     <span class='ocr_line' id='line_1_78' title="bbox 1367 2079 2125 2155; baseline 0 -15"><span class='ocrx_word' id='word_1_405' title='bbox 1367 2085 1430 2140; x_wconf 91' lang='lat' dir='ltr'>tam</span> <span class='ocrx_word' id='word_1_406' title='bbox 1454 2079 1601 2150; x_wconf 91' lang='lat' dir='ltr'>habeant,</span> <span class='ocrx_word' id='word_1_407' title='bbox 1626 2085 1715 2140; x_wconf 85' lang='lat' dir='ltr'>extra</span> <span class='ocrx_word' id='word_1_408' title='bbox 1745 2094 1840 2155; x_wconf 89' lang='lat' dir='ltr'>quam</span> <span class='ocrx_word' id='word_1_409' title='bbox 1867 2079 1998 2141; x_wconf 93' lang='lat' dir='ltr'>illorum</span> <span class='ocrx_word' id='word_1_410' title='bbox 2022 2080 2125 2142; x_wconf 91' lang='lat' dir='ltr'>cellas</span> 
     </span>
     <span class='ocr_line' id='line_1_79' title="bbox 1366 2172 2012 2251; baseline 0.002 -18"><span class='ocrx_word' id='word_1_411' title='bbox 1366 2173 1435 2234; x_wconf 89' lang='lat' dir='ltr'>sine</span> <span class='ocrx_word' id='word_1_412' title='bbox 1458 2172 1610 2251; x_wconf 91' lang='lat' dir='ltr'>peculiari</span> <span class='ocrx_word' id='word_1_413' title='bbox 1632 2173 1780 2234; x_wconf 82' lang='lat' dir='ltr'>facultate</span> <span class='ocrx_word' id='word_1_414' title='bbox 1802 2189 1867 2234; x_wconf 90' lang='lat' dir='ltr'>non</span> <span class='ocrx_word' id='word_1_415' title='bbox 1889 2175 2012 2235; x_wconf 87' lang='lat' dir='ltr'>adeant.</span> 
     </span>
     <span class='ocr_line' id='line_1_80' title="bbox 1407 2266 2314 2344; baseline 0.003 -17"><span class='ocrx_word' id='word_1_416' title='bbox 1407 2284 1451 2328; x_wconf 86' lang='lat' dir='ltr'>rx.</span> <span class='ocrx_word' id='word_1_417' title='bbox 1469 2266 1502 2328; x_wconf 94' lang='lat' dir='ltr'>ln</span> <span class='ocrx_word' id='word_1_418' title='bbox 1519 2269 1627 2328; x_wconf 80' lang='lat' dir='ltr'>nostra</span> <span class='ocrx_word' id='word_1_419' title='bbox 1643 2266 1903 2343; x_wconf 85' lang='lat' dir='ltr'>Congregatione</span> <span class='ocrx_word' id='word_1_420' title='bbox 1919 2267 2029 2330; x_wconf 90' lang='lat' dir='ltr'>nullus</span> <span class='ocrx_word' id='word_1_421' title='bbox 2048 2283 2123 2344; x_wconf 87' lang='lat' dir='ltr'>gra·</span> <span class='ocrx_word' id='word_1_422' title='bbox 2157 2283 2269 2338; x_wconf 62' lang='lat' dir='ltr'>uaginis</span> <span class='ocrx_word' id='word_1_423' title='bbox 2280 2299 2314 2332; x_wconf 76' lang='lat' dir='ltr'>litu</span> 
     </span>
     <span class='ocr_line' id='line_1_81' title="bbox 1366 2337 2313 2444; baseline 0.006 -22"><span class='ocrx_word' id='word_1_424' title='bbox 1366 2362 1425 2422; x_wconf 92' lang='lat' dir='ltr'>dus</span> <span class='ocrx_word' id='word_1_425' title='bbox 1448 2367 1502 2422; x_wconf 90' lang='lat' dir='ltr'>aut</span> <span class='ocrx_word' id='word_1_426' title='bbox 1524 2362 1744 2440; x_wconf 85' lang='lat' dir='ltr'>praerogativa</span> <span class='ocrx_word' id='word_1_427' title='bbox 1759 2361 1920 2438; x_wconf 90' lang='lat' dir='ltr'>magistris</span> <span class='ocrx_word' id='word_1_428' title='bbox 1935 2360 2047 2424; x_wconf 87' lang='lat' dir='ltr'>aliisve</span> <span class='ocrx_word' id='word_1_429' title='bbox 2065 2363 2122 2424; x_wconf 91' lang='lat' dir='ltr'>de·</span> <span class='ocrx_word' id='word_1_430' title='bbox 2141 2337 2313 2444; x_wconf 59' lang='lat' dir='ltr'>ssss&#39;i¹,&#39;?,{&#39;&#39;m&#39;&#39;,&#39;0³,f,&#39;sj</span> 
     </span>
     <span class='ocr_line' id='line_1_82' title="bbox 1367 2432 2167 2533; baseline 0 -16"><span class='ocrx_word' id='word_1_431' title='bbox 1367 2455 1472 2526; x_wconf 88' lang='lat' dir='ltr'>betur,</span> <span class='ocrx_word' id='word_1_432' title='bbox 1495 2455 1549 2516; x_wconf 91' lang='lat' dir='ltr'>sed</span> <span class='ocrx_word' id='word_1_433' title='bbox 1571 2455 1676 2516; x_wconf 92' lang='lat' dir='ltr'>solum</span> <span class='ocrx_word' id='word_1_434' title='bbox 1699 2455 1802 2516; x_wconf 91' lang='lat' dir='ltr'>abbati</span> <span class='ocrx_word' id='word_1_435' title='bbox 1816 2432 1988 2531; x_wconf 69' lang='lat' dir='ltr'>&#39;generali3</span> <span class='ocrx_word' id='word_1_436' title='bbox 2013 2456 2121 2533; x_wconf 88' lang='lat' dir='ltr'>hegu-</span> <span class='ocrx_word' id='word_1_437' title='bbox 2142 2445 2167 2488; x_wconf 76' lang='lat'>‘¹¹</span> 
     </span>
     <span class='ocr_line' id='line_1_83' title="bbox 1366 2547 2121 2626; baseline 0.004 -17"><span class='ocrx_word' id='word_1_438' title='bbox 1366 2549 1469 2610; x_wconf 86' lang='lat' dir='ltr'>nienis</span> <span class='ocrx_word' id='word_1_439' title='bbox 1499 2555 1532 2610; x_wconf 92' lang='lat' dir='ltr'>et</span> <span class='ocrx_word' id='word_1_440' title='bbox 1556 2547 1720 2610; x_wconf 90' lang='lat' dir='ltr'>abbatibus</span> <span class='ocrx_word' id='word_1_441' title='bbox 1751 2548 1989 2626; x_wconf 87' lang='lat' dir='ltr'>provinciarum</span> <span class='ocrx_word' id='word_1_442' title='bbox 2018 2556 2121 2626; x_wconf 89' lang='lat' dir='ltr'>atque</span> 
     </span>
     <span class='ocr_line' id='line_1_84' title="bbox 1366 2641 2122 2719; baseline 0.001 -15"><span class='ocrx_word' id='word_1_443' title='bbox 1366 2642 1649 2714; x_wconf 84' lang='lat' dir='ltr'>nronasteriorum,</span> <span class='ocrx_word' id='word_1_444' title='bbox 1664 2643 1766 2704; x_wconf 91' lang='lat' dir='ltr'>donec</span> <span class='ocrx_word' id='word_1_445' title='bbox 1780 2641 1813 2703; x_wconf 95' lang='lat' dir='ltr'>in</span> <span class='ocrx_word' id='word_1_446' title='bbox 1829 2642 1863 2703; x_wconf 87' lang='lat' dir='ltr'>eai</span> <span class='ocrx_word' id='word_1_447' title='bbox 1876 2643 2031 2719; x_wconf 89' lang='lat' dir='ltr'>dignitate</span> <span class='ocrx_word' id='word_1_448' title='bbox 2048 2643 2122 2705; x_wconf 93' lang='lat' dir='ltr'>fue-</span> 
     </span>
     <span class='ocr_line' id='line_1_85' title="bbox 1366 2736 2120 2815; baseline 0.004 -18"><span class='ocrx_word' id='word_1_449' title='bbox 1366 2737 1447 2812; x_wconf 80' lang='lat' dir='ltr'>rint3</span> <span class='ocrx_word' id='word_1_450' title='bbox 1472 2743 1581 2815; x_wconf 89' lang='lat' dir='ltr'>postea</span> <span class='ocrx_word' id='word_1_451' title='bbox 1602 2737 1821 2798; x_wconf 89' lang='lat' dir='ltr'>sacerdotibus</span> <span class='ocrx_word' id='word_1_452' title='bbox 1848 2736 1997 2814; x_wconf 90' lang='lat' dir='ltr'>professis</span> <span class='ocrx_word' id='word_1_453' title='bbox 2027 2739 2120 2800; x_wconf 85' lang='lat' dir='ltr'>iuxta</span> 
     </span>
     <span class='ocr_line' id='line_1_86' title="bbox 1366 2829 2120 2908; baseline 0.003 -16"><span class='ocrx_word' id='word_1_454' title='bbox 1366 2838 1491 2908; x_wconf 90' lang='lat' dir='ltr'>tempus</span> <span class='ocrx_word' id='word_1_455' title='bbox 1508 2829 1732 2908; x_wconf 87' lang='lat' dir='ltr'>professionis;</span> <span class='ocrx_word' id='word_1_456' title='bbox 1757 2829 1873 2892; x_wconf 91' lang='lat' dir='ltr'>deinde</span> <span class='ocrx_word' id='word_1_457' title='bbox 1894 2830 2019 2892; x_wconf 86' lang='lat' dir='ltr'>clericis</span> <span class='ocrx_word' id='word_1_458' title='bbox 2035 2833 2120 2894; x_wconf 90' lang='lat' dir='ltr'>item</span> 
     </span>
     <span class='ocr_line' id='line_1_87' title="bbox 1366 2923 2119 3003; baseline 0.001 -17"><span class='ocrx_word' id='word_1_459' title='bbox 1366 2925 1535 3003; x_wconf 87' lang='lat' dir='ltr'>professis;</span> <span class='ocrx_word' id='word_1_460' title='bbox 1553 2943 1586 2986; x_wconf 90' lang='lat' dir='ltr'>ac</span> <span class='ocrx_word' id='word_1_461' title='bbox 1599 2932 1762 3002; x_wconf 88' lang='lat' dir='ltr'>postremo</span> <span class='ocrx_word' id='word_1_462' title='bbox 1775 2923 1872 2985; x_wconf 91' lang='lat' dir='ltr'>laicis.</span> <span class='ocrx_word' id='word_1_463' title='bbox 1891 2923 1994 2986; x_wconf 87' lang='lat' dir='ltr'>Abhas</span> <span class='ocrx_word' id='word_1_464' title='bbox 2007 2931 2119 2987; x_wconf 91' lang='lat' dir='ltr'>tamen</span> 
     </span>
     <span class='ocr_line' id='line_1_88' title="bbox 1366 3017 2120 3095; baseline 0.007 -17"><span class='ocrx_word' id='word_1_465' title='bbox 1366 3017 1525 3094; x_wconf 90' lang='lat' dir='ltr'>generalis</span> <span class='ocrx_word' id='word_1_466' title='bbox 1548 3017 1680 3088; x_wconf 88' lang='lat' dir='ltr'>curabit,</span> <span class='ocrx_word' id='word_1_467' title='bbox 1706 3033 1763 3095; x_wconf 94' lang='lat' dir='ltr'>pro</span> <span class='ocrx_word' id='word_1_468' title='bbox 1776 3017 1922 3079; x_wconf 91' lang='lat' dir='ltr'>laborum</span> <span class='ocrx_word' id='word_1_469' title='bbox 1935 3025 1967 3079; x_wconf 91' lang='lat' dir='ltr'>et</span> <span class='ocrx_word' id='word_1_470' title='bbox 1982 3020 2120 3082; x_wconf 89' lang='lat' dir='ltr'>merito·</span> 
     </span>
     <span class='ocr_line' id='line_1_89' title="bbox 1364 3112 2119 3188; baseline 0.003 -16"><span class='ocrx_word' id='word_1_471' title='bbox 1364 3127 1437 3172; x_wconf 94' lang='lat' dir='ltr'>rum</span> <span class='ocrx_word' id='word_1_472' title='bbox 1460 3113 1601 3184; x_wconf 83' lang='lat' dir='ltr'>ratione,</span> <span class='ocrx_word' id='word_1_473' title='bbox 1627 3119 1689 3172; x_wconf 91' lang='lat' dir='ltr'>tarn</span> <span class='ocrx_word' id='word_1_474' title='bbox 1721 3112 1890 3188; x_wconf 88' lang='lat' dir='ltr'>magistros</span> <span class='ocrx_word' id='word_1_475' title='bbox 1913 3127 2008 3188; x_wconf 89' lang='lat' dir='ltr'>quam</span> <span class='ocrx_word' id='word_1_476' title='bbox 2036 3113 2119 3174; x_wconf 88' lang='lat' dir='ltr'>alios</span> 
     </span>
     <span class='ocr_line' id='line_1_90' title="bbox 1364 3205 2119 3282; baseline 0.005 -17"><span class='ocrx_word' id='word_1_477' title='bbox 1364 3220 1585 3282; x_wconf 87' lang='lat' dir='ltr'>quoscumque</span> <span class='ocrx_word' id='word_1_478' title='bbox 1607 3206 1788 3267; x_wconf 91' lang='lat' dir='ltr'>sacerdotes</span> <span class='ocrx_word' id='word_1_479' title='bbox 1811 3205 1984 3268; x_wconf 91' lang='lat' dir='ltr'>monachos</span> <span class='ocrx_word' id='word_1_480' title='bbox 2006 3221 2119 3269; x_wconf 90' lang='lat' dir='ltr'>remu·</span> 
     </span>
     <span class='ocr_line' id='line_1_91' title="bbox 1364 3298 2115 3376; baseline 0.005 -18"><span class='ocrx_word' id='word_1_481' title='bbox 1364 3299 1471 3360; x_wconf 93' lang='lat' dir='ltr'>nerari</span> <span class='ocrx_word' id='word_1_482' title='bbox 1494 3313 1548 3359; x_wconf 91' lang='lat' dir='ltr'>eos</span> <span class='ocrx_word' id='word_1_483' title='bbox 1576 3298 1629 3359; x_wconf 88' lang='lat' dir='ltr'>vel</span> <span class='ocrx_word' id='word_1_484' title='bbox 1653 3298 1855 3360; x_wconf 87' lang='lat' dir='ltr'>monasteriis</span> <span class='ocrx_word' id='word_1_485' title='bbox 1885 3299 2115 3376; x_wconf 73' lang='lat' dir='ltr'>praeficiendo</span> 
     </span>
     <span class='ocr_line' id='line_1_92' title="bbox 1364 3392 2117 3472; baseline 0.007 -22"><span class='ocrx_word' id='word_1_486' title='bbox 1364 3393 1415 3454; x_wconf 89' lang='lat' dir='ltr'>vel</span> <span class='ocrx_word' id='word_1_487' title='bbox 1437 3392 1475 3453; x_wconf 91' lang='lat' dir='ltr'>ah</span> <span class='ocrx_word' id='word_1_488' title='bbox 1498 3393 1649 3454; x_wconf 90' lang='lat' dir='ltr'>oneribus</span> <span class='ocrx_word' id='word_1_489' title='bbox 1678 3409 1758 3469; x_wconf 92' lang='lat' dir='ltr'>quae</span> <span class='ocrx_word' id='word_1_490' title='bbox 1780 3393 1959 3454; x_wconf 91' lang='lat' dir='ltr'>iunioribus</span> <span class='ocrx_word' id='word_1_491' title='bbox 1990 3393 2117 3472; x_wconf 91' lang='lat' dir='ltr'>imponi</span> 
     </span>
     <span class='ocr_line' id='line_1_93' title="bbox 1362 3485 1685 3558; baseline 0.007 -12"><span class='ocrx_word' id='word_1_492' title='bbox 1362 3485 1478 3558; x_wconf 88' lang='lat' dir='ltr'>solent,</span> <span class='ocrx_word' id='word_1_493' title='bbox 1502 3487 1685 3550; x_wconf 82' lang='lat' dir='ltr'>eximendo.</span> 
     </span>
     <span class='ocr_line' id='line_1_94' title="bbox 1403 3580 2305 3660; baseline -0.003 -19"><span class='ocrx_word' id='word_1_494' title='bbox 1403 3597 1434 3642; x_wconf 83' lang='lat' dir='ltr'>x.</span> <span class='ocrx_word' id='word_1_495' title='bbox 1459 3580 1561 3642; x_wconf 87' lang='lat' dir='ltr'>Nemo</span> <span class='ocrx_word' id='word_1_496' title='bbox 1576 3597 1616 3642; x_wconf 81' lang='lat' dir='ltr'>ex</span> <span class='ocrx_word' id='word_1_497' title='bbox 1632 3582 1794 3644; x_wconf 88' lang='lat' dir='ltr'>monachis</span> <span class='ocrx_word' id='word_1_498' title='bbox 1814 3581 1934 3644; x_wconf 93' lang='lat' dir='ltr'>librum</span> <span class='ocrx_word' id='word_1_499' title='bbox 1957 3582 2113 3660; x_wconf 88' lang='lat' dir='ltr'>aliquem,</span> <span class='ocrx_word' id='word_1_500' title='bbox 2154 3597 2218 3642; x_wconf 76' lang='lat' dir='ltr'>ulau</span> <span class='ocrx_word' id='word_1_501' title='bbox 2233 3595 2305 3656; x_wconf 77' lang='lat' dir='ltr'>scutu-</span> 
     </span>
     <span class='ocr_line' id='line_1_95' title="bbox 1363 3650 2356 3750; baseline 0.001 -14"><span class='ocrx_word' id='word_1_502' title='bbox 1363 3683 1417 3736; x_wconf 90' lang='lat' dir='ltr'>ant</span> <span class='ocrx_word' id='word_1_503' title='bbox 1439 3681 1624 3748; x_wconf 85' lang='lat' dir='ltr'>tractatum,</span> <span class='ocrx_word' id='word_1_504' title='bbox 1649 3676 1918 3748; x_wconf 79' lang='lat' dir='ltr'>animationem,</span> <span class='ocrx_word' id='word_1_505' title='bbox 1942 3677 2010 3740; x_wconf 86' lang='lat' dir='ltr'>sire</span> <span class='ocrx_word' id='word_1_506' title='bbox 2038 3695 2116 3740; x_wconf 89' lang='lat' dir='ltr'>con·</span> <span class='ocrx_word' id='word_1_507' title='bbox 2134 3650 2302 3750; x_wconf 51' lang='lat' dir='ltr'>Ssssffih‘ss¹i&#39;iiff,s“&#39;</span> <span class='ocrx_word' id='word_1_508' title='bbox 2355 3743 2356 3746; x_wconf 8' lang='grc' dir='ltr'><strong>Ἴ</strong></span> 
     </span>
     <span class='ocr_line' id='line_1_96' title="bbox 1363 3758 2356 3850; baseline 0.004 -20"><span class='ocrx_word' id='word_1_509' title='bbox 1363 3769 1489 3831; x_wconf 91' lang='lat' dir='ltr'>cionem</span> <span class='ocrx_word' id='word_1_510' title='bbox 1512 3769 1638 3840; x_wconf 90' lang='lat' dir='ltr'>scribat,</span> <span class='ocrx_word' id='word_1_511' title='bbox 1663 3769 1722 3831; x_wconf 91' lang='lat' dir='ltr'>nisi</span> <span class='ocrx_word' id='word_1_512' title='bbox 1744 3770 1890 3832; x_wconf 90' lang='lat' dir='ltr'>consulto</span> <span class='ocrx_word' id='word_1_513' title='bbox 1912 3770 2034 3844; x_wconf 87' lang='lat' dir='ltr'>abbate,</span> <span class='ocrx_word' id='word_1_514' title='bbox 2056 3773 2115 3850; x_wconf 88' lang='lat' dir='ltr'>qui</span> <span class='ocrx_word' id='word_1_515' title='bbox 2135 3759 2200 3803; x_wconf 80' lang='lat'><strong>⁵⁰¹¹⁰</strong></span> <span class='ocrx_word' id='word_1_516' title='bbox 2214 3758 2278 3802; x_wconf 71' lang='lat' dir='ltr'>auia</span> <span class='ocrx_word' id='word_1_517' title='bbox 2355 3779 2356 3836; x_wconf 90' lang='lat' dir='ltr'>l</span> 
     </span>
     <span class='ocr_line' id='line_1_97' title="bbox 1364 3862 2356 3942; baseline 0.004 -16"><span class='ocrx_word' id='word_1_518' title='bbox 1364 3879 1442 3941; x_wconf 91' lang='lat' dir='ltr'>opus</span> <span class='ocrx_word' id='word_1_519' title='bbox 1464 3878 1522 3941; x_wconf 89' lang='lat' dir='ltr'>per</span> <span class='ocrx_word' id='word_1_520' title='bbox 1543 3879 1577 3924; x_wconf 91' lang='lat' dir='ltr'>se</span> <span class='ocrx_word' id='word_1_521' title='bbox 1593 3862 1689 3939; x_wconf 86' lang='lat' dir='ltr'>legat,</span> <span class='ocrx_word' id='word_1_522' title='bbox 1703 3869 1757 3924; x_wconf 92' lang='lat' dir='ltr'>aut</span> <span class='ocrx_word' id='word_1_523' title='bbox 1778 3863 1873 3925; x_wconf 90' lang='lat' dir='ltr'>alicui</span> <span class='ocrx_word' id='word_1_524' title='bbox 1894 3881 1933 3925; x_wconf 81' lang='lat' dir='ltr'>er</span> <span class='ocrx_word' id='word_1_525' title='bbox 1950 3866 2115 3942; x_wconf 84' lang='lat' dir='ltr'>magistris</span> <span class='ocrx_word' id='word_1_526' title='bbox 2355 3863 2356 3876; x_wconf 58' lang='lat'>¹</span> 
     </span>
     <span class='ocr_line' id='line_1_98' title="bbox 1363 3955 2115 4038; baseline 0.005 -20"><span class='ocrx_word' id='word_1_527' title='bbox 1363 3957 1539 4034; x_wconf 88' lang='lat' dir='ltr'>legendum</span> <span class='ocrx_word' id='word_1_528' title='bbox 1561 3957 1749 4018; x_wconf 91' lang='lat' dir='ltr'>committat.</span> <span class='ocrx_word' id='word_1_529' title='bbox 1773 3955 1854 4018; x_wconf 91' lang='lat' dir='ltr'>lllud</span> <span class='ocrx_word' id='word_1_530' title='bbox 1870 3965 1977 4020; x_wconf 90' lang='lat' dir='ltr'>autem</span> <span class='ocrx_word' id='word_1_531' title='bbox 1999 3959 2032 4020; x_wconf 96' lang='lat' dir='ltr'>in</span> <span class='ocrx_word' id='word_1_532' title='bbox 2055 3977 2115 4038; x_wconf 90' lang='lat' dir='ltr'>pu·</span> 
     </span>
     <span class='ocr_line' id='line_1_99' title="bbox 1363 4049 2114 4129; baseline 0.003 -17"><span class='ocrx_word' id='word_1_533' title='bbox 1363 4050 1482 4112; x_wconf 91' lang='lat' dir='ltr'>blicum</span> <span class='ocrx_word' id='word_1_534' title='bbox 1505 4049 1635 4129; x_wconf 88' lang='lat' dir='ltr'>prodire</span> <span class='ocrx_word' id='word_1_535' title='bbox 1657 4056 1711 4111; x_wconf 92' lang='lat' dir='ltr'>aut</span> <span class='ocrx_word' id='word_1_536' title='bbox 1725 4050 1808 4127; x_wconf 83' lang='lat' dir='ltr'>typis</span> <span class='ocrx_word' id='word_1_537' title='bbox 1830 4050 1973 4128; x_wconf 92' lang='lat' dir='ltr'>imprimi</span> <span class='ocrx_word' id='word_1_538' title='bbox 1996 4069 2059 4116; x_wconf 90' lang='lat' dir='ltr'>uon</span> <span class='ocrx_word' id='word_1_539' title='bbox 2077 4053 2114 4116; x_wconf 95' lang='lat' dir='ltr'>li-</span> 
     </span>
     <span class='ocr_line' id='line_1_100' title="bbox 1362 4143 2115 4224; baseline 0.001 -17"><span class='ocrx_word' id='word_1_540' title='bbox 1362 4143 1456 4214; x_wconf 84' lang='lat' dir='ltr'>cebit,</span> <span class='ocrx_word' id='word_1_541' title='bbox 1471 4145 1532 4206; x_wconf 89' lang='lat' dir='ltr'>nisi</span> <span class='ocrx_word' id='word_1_542' title='bbox 1549 4144 1637 4224; x_wconf 92' lang='lat' dir='ltr'>prius</span> <span class='ocrx_word' id='word_1_543' title='bbox 1653 4143 1690 4205; x_wconf 91' lang='lat' dir='ltr'>ab</span> <span class='ocrx_word' id='word_1_544' title='bbox 1706 4143 1817 4205; x_wconf 91' lang='lat' dir='ltr'>abbate</span> <span class='ocrx_word' id='word_1_545' title='bbox 1833 4145 1977 4222; x_wconf 89' lang='lat' dir='ltr'>generali</span> <span class='ocrx_word' id='word_1_546' title='bbox 1992 4153 2024 4207; x_wconf 90' lang='lat' dir='ltr'>et</span> <span class='ocrx_word' id='word_1_547' title='bbox 2039 4146 2115 4224; x_wconf 86' lang='lat' dir='ltr'>Epi·</span> 
     </span>
     <span class='ocr_line' id='line_1_101' title="bbox 1363 4237 2114 4317; baseline 0 -17"><span class='ocrx_word' id='word_1_548' title='bbox 1363 4255 1469 4317; x_wconf 90' lang='lat' dir='ltr'>scopo,</span> <span class='ocrx_word' id='word_1_549' title='bbox 1484 4245 1538 4300; x_wconf 91' lang='lat' dir='ltr'>aut</span> <span class='ocrx_word' id='word_1_550' title='bbox 1549 4237 1822 4299; x_wconf 84' lang='lat' dir='ltr'>reverendissimo</span> <span class='ocrx_word' id='word_1_551' title='bbox 1834 4238 1966 4300; x_wconf 90' lang='lat' dir='ltr'>domino</span> <span class='ocrx_word' id='word_1_552' title='bbox 1978 4239 2114 4300; x_wconf 88' lang='lat' dir='ltr'>Patriar-</span> 
     </span>
    </p>
   </div>
   <div class='ocr_carea' id='block_1_6' title="bbox 1362 4330 1995 4582">
    <p class='ocr_par' dir='ltr' id='par_1_10' title="bbox 1362 4330 1995 4582">
     <span class='ocr_line' id='line_1_102' title="bbox 1362 4330 1755 4410; baseline -0.013 -15"><span class='ocrx_word' id='word_1_553' title='bbox 1362 4333 1430 4404; x_wconf 89' lang='lat' dir='ltr'>cha,</span> <span class='ocrx_word' id='word_1_554' title='bbox 1454 4333 1624 4410; x_wconf 91' lang='lat' dir='ltr'>probatum</span> <span class='ocrx_word' id='word_1_555' title='bbox 1648 4330 1755 4392; x_wconf 87' lang='lat' dir='ltr'>fuerit.</span> 
     </span>
     <span class='ocr_line' id='line_1_103' title="bbox 1475 4518 1995 4582; baseline -0.004 0"><span class='ocrx_word' id='word_1_556' title='bbox 1475 4520 1555 4582; x_wconf 81' lang='lat' dir='ltr'>Gar.</span> <span class='ocrx_word' id='word_1_557' title='bbox 1581 4519 1617 4582; x_wconf 89' lang='lat' dir='ltr'>ll.</span> <span class='ocrx_word' id='word_1_558' title='bbox 1641 4552 1679 4565; x_wconf 93' lang='lat'>-</span> <span class='ocrx_word' id='word_1_559' title='bbox 1702 4519 1746 4581; x_wconf 84' lang='lat' dir='ltr'>Dr</span> <span class='ocrx_word' id='word_1_560' title='bbox 1766 4518 1995 4582; x_wconf 83' lang='lat' dir='ltr'>sacerdotibus.</span> 
     </span>
    </p>
   </div>
   <div class='ocr_carea' id='block_1_7' title="bbox 1360 4707 2114 5992">
    <p class='ocr_par' dir='ltr' id='par_1_11' title="bbox 1360 4707 2114 5148">
     <span class='ocr_line' id='line_1_104' title="bbox 1402 4707 2113 4786; baseline -0.001 -15"><span class='ocrx_word' id='word_1_561' title='bbox 1402 4728 1423 4772; x_wconf 88' lang='lat' dir='ltr'>r.</span> <span class='ocrx_word' id='word_1_562' title='bbox 1447 4709 1532 4783; x_wconf 81' lang='lat' dir='ltr'>Quae</span> <span class='ocrx_word' id='word_1_563' title='bbox 1555 4709 1594 4770; x_wconf 94' lang='lat' dir='ltr'>de</span> <span class='ocrx_word' id='word_1_564' title='bbox 1616 4708 1780 4786; x_wconf 84' lang='lat' dir='ltr'>disciplind</span> <span class='ocrx_word' id='word_1_565' title='bbox 1797 4707 1945 4784; x_wconf 85' lang='lat' dir='ltr'>religiosa</span> <span class='ocrx_word' id='word_1_566' title='bbox 1968 4716 2001 4770; x_wconf 90' lang='lat' dir='ltr'>et</span> <span class='ocrx_word' id='word_1_567' title='bbox 2022 4709 2113 4770; x_wconf 87' lang='lat' dir='ltr'>insti-</span> 
     </span>
     <span class='ocr_line' id='line_1_105' title="bbox 1363 4801 2114 4881; baseline -0.003 -13"><span class='ocrx_word' id='word_1_568' title='bbox 1363 4813 1432 4868; x_wconf 86' lang='lat' dir='ltr'>tuto</span> <span class='ocrx_word' id='word_1_569' title='bbox 1454 4810 1565 4866; x_wconf 93' lang='lat' dir='ltr'>nostro</span> <span class='ocrx_word' id='word_1_570' title='bbox 1587 4803 1743 4864; x_wconf 87' lang='lat' dir='ltr'>servanda</span> <span class='ocrx_word' id='word_1_571' title='bbox 1772 4801 1922 4864; x_wconf 90' lang='lat' dir='ltr'>omnibus</span> <span class='ocrx_word' id='word_1_572' title='bbox 1952 4803 2114 4881; x_wconf 88' lang='lat' dir='ltr'>proposita</span> 
     </span>
     <span class='ocr_line' id='line_1_106' title="bbox 1360 4897 2113 4975; baseline -0.004 -14"><span class='ocrx_word' id='word_1_573' title='bbox 1360 4907 1445 4971; x_wconf 88' lang='lat' dir='ltr'>sunt,</span> <span class='ocrx_word' id='word_1_574' title='bbox 1470 4915 1505 4960; x_wconf 89' lang='lat' dir='ltr'>ea</span> <span class='ocrx_word' id='word_1_575' title='bbox 1527 4897 1708 4959; x_wconf 89' lang='lat' dir='ltr'>sacerdotes</span> <span class='ocrx_word' id='word_1_576' title='bbox 1737 4913 1795 4974; x_wconf 93' lang='lat' dir='ltr'>pro</span> <span class='ocrx_word' id='word_1_577' title='bbox 1818 4897 1942 4958; x_wconf 91' lang='lat' dir='ltr'>ratione</span> <span class='ocrx_word' id='word_1_578' title='bbox 1969 4897 2020 4958; x_wconf 91' lang='lat' dir='ltr'>sui</span> <span class='ocrx_word' id='word_1_579' title='bbox 2042 4913 2113 4975; x_wconf 90' lang='lat' dir='ltr'>gra-</span> 
     </span>
     <span class='ocr_line' id='line_1_107' title="bbox 1363 4990 2112 5070; baseline -0.001 -16"><span class='ocrx_word' id='word_1_580' title='bbox 1363 4993 1420 5055; x_wconf 92' lang='lat' dir='ltr'>dus</span> <span class='ocrx_word' id='word_1_581' title='bbox 1440 4993 1500 5054; x_wconf 93' lang='lat' dir='ltr'>sibi</span> <span class='ocrx_word' id='word_1_582' title='bbox 1523 4991 1693 5070; x_wconf 88' lang='lat' dir='ltr'>praecipue</span> <span class='ocrx_word' id='word_1_583' title='bbox 1709 4990 1789 5052; x_wconf 92' lang='lat' dir='ltr'>diota</span> <span class='ocrx_word' id='word_1_584' title='bbox 1811 4991 1996 5052; x_wconf 80' lang='lat' dir='ltr'>existiment</span> <span class='ocrx_word' id='word_1_585' title='bbox 2011 4999 2043 5052; x_wconf 88' lang='lat' dir='ltr'>et</span> <span class='ocrx_word' id='word_1_586' title='bbox 2058 4992 2112 5053; x_wconf 93' lang='lat' dir='ltr'>ob-</span> 
     </span>
     <span class='ocr_line' id='line_1_108' title="bbox 1362 5093 1505 5148; baseline -0.014 0"><span class='ocrx_word' id='word_1_587' title='bbox 1362 5093 1505 5148; x_wconf 84' lang='lat' dir='ltr'>servent.</span> 
     </span>
    </p>

    <p class='ocr_par' dir='ltr' id='par_1_12' title="bbox 1361 5178 2112 5992">
     <span class='ocr_line' id='line_1_109' title="bbox 1401 5178 2109 5251; baseline 0 -11"><span class='ocrx_word' id='word_1_588' title='bbox 1401 5197 1435 5241; x_wconf 91' lang='lat' dir='ltr'>u.</span> <span class='ocrx_word' id='word_1_589' title='bbox 1460 5179 1611 5241; x_wconf 88' lang='lat' dir='ltr'>Divinum</span> <span class='ocrx_word' id='word_1_590' title='bbox 1641 5179 1780 5240; x_wconf 84' lang='lat' dir='ltr'>officium</span> <span class='ocrx_word' id='word_1_591' title='bbox 1807 5178 1951 5240; x_wconf 89' lang='lat' dir='ltr'>nitantur</span> <span class='ocrx_word' id='word_1_592' title='bbox 1977 5185 2109 5251; x_wconf 88' lang='lat' dir='ltr'>attente,</span> 
     </span>
     <span class='ocr_line' id='line_1_110' title="bbox 1362 5273 2112 5350; baseline 0.003 -16"><span class='ocrx_word' id='word_1_593' title='bbox 1362 5275 1478 5335; x_wconf 90' lang='lat' dir='ltr'>devote</span> <span class='ocrx_word' id='word_1_594' title='bbox 1501 5279 1533 5333; x_wconf 89' lang='lat' dir='ltr'>et</span> <span class='ocrx_word' id='word_1_595' title='bbox 1555 5279 1736 5350; x_wconf 90' lang='lat' dir='ltr'>opportuno</span> <span class='ocrx_word' id='word_1_596' title='bbox 1761 5278 1906 5350; x_wconf 87' lang='lat' dir='ltr'>tempore</span> <span class='ocrx_word' id='word_1_597' title='bbox 1928 5273 2064 5335; x_wconf 90' lang='lat' dir='ltr'>recitare</span> <span class='ocrx_word' id='word_1_598' title='bbox 2080 5280 2112 5336; x_wconf 89' lang='lat' dir='ltr'>et</span> 
     </span>
     <span class='ocr_line' id='line_1_111' title="bbox 1362 5365 2111 5428; baseline -0.001 0"><span class='ocrx_word' id='word_1_599' title='bbox 1362 5367 1398 5428; x_wconf 92' lang='lat' dir='ltr'>ad</span> <span class='ocrx_word' id='word_1_600' title='bbox 1421 5367 1556 5428; x_wconf 88' lang='lat' dir='ltr'>eborum</span> <span class='ocrx_word' id='word_1_601' title='bbox 1572 5381 1645 5427; x_wconf 90' lang='lat' dir='ltr'>cum</span> <span class='ocrx_word' id='word_1_602' title='bbox 1661 5365 1775 5426; x_wconf 89' lang='lat' dir='ltr'>ceteris</span> <span class='ocrx_word' id='word_1_603' title='bbox 1797 5365 1972 5427; x_wconf 90' lang='lat' dir='ltr'>convenire</span> <span class='ocrx_word' id='word_1_604' title='bbox 1987 5366 2111 5428; x_wconf 90' lang='lat' dir='ltr'>statutis</span> 
     </span>
     <span class='ocr_line' id='line_1_112' title="bbox 1361 5459 2111 5536; baseline 0.003 -16"><span class='ocrx_word' id='word_1_605' title='bbox 1361 5461 1463 5522; x_wconf 91' lang='lat' dir='ltr'>horis:</span> <span class='ocrx_word' id='word_1_606' title='bbox 1500 5459 1717 5521; x_wconf 89' lang='lat' dir='ltr'>caeremonias</span> <span class='ocrx_word' id='word_1_607' title='bbox 1739 5474 1844 5520; x_wconf 89' lang='lat' dir='ltr'>sacrae</span> <span class='ocrx_word' id='word_1_608' title='bbox 1867 5459 2018 5536; x_wconf 86' lang='lat' dir='ltr'>liturgiae</span> <span class='ocrx_word' id='word_1_609' title='bbox 2040 5460 2111 5522; x_wconf 92' lang='lat' dir='ltr'>alia·</span> 
     </span>
     <span class='ocr_line' id='line_1_113' title="bbox 1362 5551 2111 5630; baseline 0.003 -16"><span class='ocrx_word' id='word_1_610' title='bbox 1362 5569 1501 5630; x_wconf 88' lang='lat' dir='ltr'>rumque</span> <span class='ocrx_word' id='word_1_611' title='bbox 1527 5553 1812 5614; x_wconf 85' lang='lat' dir='ltr'>ecclesiasticarum</span> <span class='ocrx_word' id='word_1_612' title='bbox 1838 5551 2042 5615; x_wconf 88' lang='lat' dir='ltr'>functionum</span> <span class='ocrx_word' id='word_1_613' title='bbox 2064 5571 2111 5616; x_wconf 92' lang='lat' dir='ltr'>ac·</span> 
     </span>
     <span class='ocr_line' id='line_1_114' title="bbox 1362 5646 2111 5724; baseline 0.001 -15"><span class='ocrx_word' id='word_1_614' title='bbox 1362 5653 1469 5710; x_wconf 83' lang='lat' dir='ltr'>curate</span> <span class='ocrx_word' id='word_1_615' title='bbox 1492 5647 1614 5708; x_wconf 89' lang='lat' dir='ltr'>discant</span> <span class='ocrx_word' id='word_1_616' title='bbox 1635 5653 1667 5707; x_wconf 90' lang='lat' dir='ltr'>et</span> <span class='ocrx_word' id='word_1_617' title='bbox 1690 5646 1880 5718; x_wconf 90' lang='lat' dir='ltr'>observent,</span> <span class='ocrx_word' id='word_1_618' title='bbox 1903 5647 2031 5724; x_wconf 90' lang='lat' dir='ltr'>sintque</span> <span class='ocrx_word' id='word_1_619' title='bbox 2055 5649 2111 5710; x_wconf 91' lang='lat' dir='ltr'>hac</span> 
     </span>
     <span class='ocr_line' id='line_1_115' title="bbox 1361 5739 2110 5816; baseline 0.005 -16"><span class='ocrx_word' id='word_1_620' title='bbox 1361 5741 1393 5802; x_wconf 91' lang='lat' dir='ltr'>in</span> <span class='ocrx_word' id='word_1_621' title='bbox 1416 5757 1452 5801; x_wconf 92' lang='lat' dir='ltr'>re</span> <span class='ocrx_word' id='word_1_622' title='bbox 1473 5740 1663 5811; x_wconf 79' lang='lat' dir='ltr'>uniformes,</span> <span class='ocrx_word' id='word_1_623' title='bbox 1682 5739 1925 5816; x_wconf 82' lang='lat' dir='ltr'>patriarchalem</span> <span class='ocrx_word' id='word_1_624' title='bbox 1936 5739 1996 5802; x_wconf 87' lang='lat' dir='ltr'>sibi</span> <span class='ocrx_word' id='word_1_625' title='bbox 2012 5741 2110 5804; x_wconf 90' lang='lat' dir='ltr'>eccle-</span> 
     </span>
     <span class='ocr_line' id='line_1_116' title="bbox 1361 5836 2111 5913; baseline 0.003 -17"><span class='ocrx_word' id='word_1_626' title='bbox 1361 5836 1439 5896; x_wconf 90' lang='lat' dir='ltr'>siam</span> <span class='ocrx_word' id='word_1_627' title='bbox 1457 5841 1618 5911; x_wconf 90' lang='lat' dir='ltr'>tamquam</span> <span class='ocrx_word' id='word_1_628' title='bbox 1634 5849 1781 5896; x_wconf 90' lang='lat' dir='ltr'>normam</span> <span class='ocrx_word' id='word_1_629' title='bbox 1794 5843 2022 5913; x_wconf 89' lang='lat' dir='ltr'>proponentes:</span> <span class='ocrx_word' id='word_1_630' title='bbox 2041 5853 2111 5898; x_wconf 89' lang='lat' dir='ltr'>can-</span> 
     </span>
     <span class='ocr_line' id='line_1_117' title="bbox 1362 5928 2111 5992; baseline 0.003 -2"><span class='ocrx_word' id='word_1_631' title='bbox 1362 5935 1412 5991; x_wconf 90' lang='lat' dir='ltr'>tus</span> <span class='ocrx_word' id='word_1_632' title='bbox 1434 5929 1529 5990; x_wconf 92' lang='lat' dir='ltr'>etiam</span> <span class='ocrx_word' id='word_1_633' title='bbox 1552 5928 1781 5992; x_wconf 90' lang='lat' dir='ltr'>ecclesiasticos</span> <span class='ocrx_word' id='word_1_634' title='bbox 1803 5928 1949 5992; x_wconf 92' lang='lat' dir='ltr'>calleant.</span> <span class='ocrx_word' id='word_1_635' title='bbox 1982 5928 2034 5992; x_wconf 87' lang='lat' dir='ltr'>Sic</span> <span class='ocrx_word' id='word_1_636' title='bbox 2059 5931 2111 5992; x_wconf 91' lang='lat' dir='ltr'>de-</span> 
     </span>
    </p>
   </div>
   <div class='ocr_carea' id='block_1_8' title="bbox 0 0 2416 6984">
    <p class='ocr_par' dir='ltr' id='par_1_13' title="bbox 0 0 2416 6984">
     <span class='ocr_line' id='line_1_118' title="bbox 0 0 2416 6984; baseline 0 0"><span class='ocrx_word' id='word_1_637' title='bbox 0 0 2416 6984; x_wconf 95' lang='lat' dir='ltr'> </span> 
     </span>
    </p>
   </div>
  </div>
 </body>
</html>
