4828 6974
122 563 175 616 1111.
191 564 225 616 G.
253 565 323 617 1834

129 711 336 759 clausulamq-
393 697 462 774 §ln
486 697 569 760 llaec
597 697 801 762 concedimus
830 703 925 776 atque
951 696 1099 774 indulge-

111 767 166 864 1ἷὲ
183 767 335 867 ffiffl'*
354 809 436 864 1111,
453 792 605 854 volumus
620 798 653 854 et
670 791 869 864 mandamus,
886 791 1099 854 decernentes

353 887 409 948 bas
431 891 616 964 praesentes
644 885 753 948 literas
782 886 901 958 lirmas,
924 885 1044 947 ualidas
1067 889 1100 945 et

353 980 494 1042 efficaces
516 980 657 1041 existere
678 996 712 1040 ac
734 979 814 1051 iore,
832 993 973 1056 suosque
992 977 1099 1056 plena-

352 1073 417 1136 rios
440 1079 472 1134 et
491 1072 635 1150 integros
665 1071 798 1135 effectus
826 1071 936 1134 sortiri
965 1077 998 1134 et
1020 1070 1099 1132 obti-

353 1181 443 1238 nere,
466 1171 561 1242 atque
583 1163 732 1228 omnibus
751 1171 784 1227 et
798 1164 945 1242 singulis,
964 1163 1002 1224 ad
1017 1177 1098 1240 quos

353 1265 473 1339 spectat
487 1265 520 1320 et
532 1258 565 1320 in
581 1264 748 1336 posterum
763 1257 927 1336 spectabit,
942 1257 1002 1318 boc
1015 1255 1099 1318 iutu-

353 1355 462 1430 risque
484 1351 684 1430 temporibus
706 1351 891 1430 plenissime
911 1349 1095 1426 suiiragari:

353 1449 461 1524 sicque
482 1445 516 1507 in
538 1445 720 1523 praemissis
743 1461 800 1522 per
815 1458 1036 1522 quoscumque
1053 1442 1116 1504 tu»

354 1540 437 1601 dices
460 1537 637 1602 ordinarios
660 1545 692 1600 et
713 1538 888 1614 delegatos,
913 1535 1008 1598 etiam
1029 1551 1099 1596 cau·

353 1648 459 1696 sarum
483 1631 588 1710 palatii
616 1631 716 1694 nostri
738 1629 902 1709 apostolici
924 1628 1096 1700 auditores,

352 1725 483 1790 iudicari
506 1731 538 1788 et
560 1724 687 1788 deliniri
710 1725 841 1796 debere,
865 1739 900 1785 ac
921 1722 1051 1784 irritum
1068 1727 1100 1783 et

352 1820 457 1892 inane,
475 1819 501 1882 si
516 1835 607 1882 secus
630 1833 728 1896 super
749 1817 800 1878 bis
814 1835 831 1878 a
846 1831 1008 1894 quoquam
1024 1830 1098 1892 qua·

352 1913 400 1975 uis
412 1913 599 1975 auctoritate
610 1911 750 1974 scienter
762 1911 814 1972 vel
825 1910 1014 1988 ignoranter
1026 1923 1098 1970 con-

352 2005 462 2084 tigerit
482 2006 642 2068 attentari.

391 2101 461 2177 §5-
484 2099 556 2164 Non
584 2098 810 2170 obstantibus,
831 2096 856 2158 si
879 2111 958 2175 opus
988 2095 1096 2166 luerit,

352 2194 407 2257 iel.
437 2211 502 2257 reo.
534 2193 698 2258 Benedicti
732 2190 813 2254 XlV.
844 2187 1098 2269 praedecessoris

351 2289 452 2352 nostri
474 2303 572 2366 super
594 2285 751 2348 divisione
773 2283 993 2354 materiarum,
1016 2281 1098 2342 aliis-

352 2399 415 2460 que
429 2381 609 2462 apostolicis
625 2385 658 2442 et
672 2380 704 2442 in
719 2377 956 2441 universalibus
969 2374 1098 2455 proriu-

352 2477 549 2554 cialibusque
570 2485 602 2537 et
623 2473 829 2554 synodalibus
849 2470 990 2533 conciliis
1006 2469 1097 2532 editis

352 2569 557 2648 generalibus
578 2568 631 2630 rel
652 2565 842 2646 specialibus
865 2563 1097 2626 constitutioni-

351 2665 411 2726 bus
440 2669 472 2726 et
493 2660 757 2732 ordinationibus,
782 2676 841 2722 111
863 2674 928 2720 nou
958 2672 1097 2719 comme-

351 2763 492 2820 moratae
514 2753 772 2832 congregationis
788 2754 882 2814 etiam
902 2751 1095 2822 iuramento,

351 2850 594 2914 confirmatione
622 2847 804 2926 apostolica,
828 2845 880 2907 vel
910 2844 1097 2921 111111111-

351 2945 461 3008 mitate
482 2943 541 3006 alia
562 2941 720 3005 roboratis
739 2939 863 3002 statutis
880 2945 912 3001 et
926 2943 1097 3000 consuetu-

351 3039 496 3114 dinibns;
513 3035 691 3116 privilegiis
707 3049 848 3112 quoque,
865 3031 997 3094 indultis
1015 3036 1046 3092 et
1062 3031 1097 3092 li-

351 3132 428 3196 teris
449 3129 630 3209 apostolicis
652 3125 872 3206 superioribus
891 3131 924 3187 et
938 3125 1095 3202 personis,

350 3227 410 3288 sub
438 3225 697 3302 quibuscumque
727 3219 895 3282 tenoribus
918 3225 951 3280 et
972 3218 1096 3290 lormis,

350 3337 386 3382 ac
406 3333 479 3381 cum
509 3315 676 3394 quibusvis
699 3315 795 3376 etiam
821 3312 1098 3390 derogatoriarum

351 3409 574 3488 derogatoriis,
605 3408 739 3485 aliisque
768 3404 1008 3477 efficacioribus,
1033 3405 1098 3468 effi·

351 3504 521 3568 sanissimis
546 3520 580 3564 ac
601 3501 738 3564 insolitis
760 3499 921 3572 clausulis,
946 3499 1098 3562 irritanti-

351 3600 476 3675 busque
497 3603 530 3660 et
550 3595 619 3658 aliis
642 3593 779 3657 decretis
803 3594 836 3655 in
861 3609 981 3670 genere
997 3593 1050 3656 vel
1065 3593 1098 3656 iu

350 3692 467 3772 specie,
491 3707 525 3752 ac
547 3689 615 3752 aliis
636 3689 669 3751 in
691 3687 889 3750 contrarium
919 3687 1098 3764 quomodo-

349 3786 429 3849 libet
450 3783 626 3855 concessis,
656 3781 836 3862 approbatis
866 3787 898 3843 et
919 3780 1095 3842 innovatis:

350 3879 467 3958 quibus
489 3877 639 3941 omnibus
661 3883 693 3939 et
707 3875 844 3952 singulis
859 3875 991 3938 illorum
1010 3881 1099 3937 teno-

350 3991 403 4036 res
424 3971 646 4052 praesentibus
668 3985 727 4048 pro
742 3969 838 4048 plene
854 3975 886 4030 et
901 3968 1099 4032 sufficienter

350 4067 524 4146 expressis,
547 4082 581 4127 ac
603 4066 642 4128 de
664 4063 765 4127 uerbo
786 4065 825 4126 ad
844 4064 982 4127 verbum
998 4065 1098 4127 inser-

352 4163 391 4225 tis
412 4162 580 4232 babeutes‚
597 4159 660 4221 illis
682 4158 757 4220 alias
772 4159 805 4220 in
821 4175 880 4220 suo
896 4159 1013 4221 robore
1028 4175 1100 4238 per·

351 4253 523 4326 mansuris,
540 4253 578 4315 ad
594 4252 846 4332 praemissorum
869 4253 1020 4314 ellectum
1042 4252 1100 4315 bac

351 4349 421 4411 vice
442 4348 607 4410 dumtaxat
627 4345 808 4428 specialiter
831 4353 862 4408 et
878 4361 1031 4423 expresse
1047 4346 1100 4408 de·

351 4457 522 4520 rogamus,
551 4439 750 4517 caeterisque
780 4439 947 4501 contrariis
970 4440 1100 4517 quibus-

352 4551 502 4614 cumque.

119 2104 333 2166 berogatioc-on·

110 2165 264 2204 ruariorum.

391 4631 506 4692 [latum
527 4629 646 4691 Rornae
668 4629 749 4707 apud
774 4627 805 4690 S.
823 4629 956 4691 Petrum
971 4630 1031 4691 sub
1048 4647 1101 4691 au-

352 4723 431 4786 1111
452 4722 617 4786 Piscatoris
638 4722 689 4784 die
711 4739 745 4783 u.
771 4722 839 4785 dec.
863 4739 1098 4796 1111111111,

353 4817 555 4896 pontificatus
577 4814 680 4878 nostri
701 4831 786 4877 anno
807 4833 850 4876 rv.

659 5055 795 5118 LXXIX.

355 5189 462 5270 Erigit
486 5189 683 5253 Vicorc'atum
705 5189 920 5270 Apostolicom
942 5191 1102 5254 ininsula

398 5283 571 5362 1111111111
593 5283 695 5345 indiis
727 5282 961 5354 Orientalibus,
985 5291 1015 5346 et
1040 5285 1099 5347 uic.

393 5377 494 5439 sedem
516 5377 684 5440 constituit
706 5377 740 5438 111
761 5375 838 5440 orbe
862 5375 1015 5440 Colrtmbi.

527 5545 748 5616 entecnius
771 5548 832 5613 ΡΡ.
855 5547 927 5614 lttll.

475 5669 513 5736 ad
534 5673 708 5754 perpetuen
730 5669 774 5736 rel
799 5670 980 5737 1111111111.

136 5859 319 5906 prooemium.
395 5847 464 5924 gl.
487 5845 535 5910 Eu
564 5861 700 5908 munere
733 5847 899 5925 pastoralis
932 5849 1103 5912 ministerii

355 5957 496 6022 superna
516 5940 573 6004 Dei
594 5940 796 6022 providentia
817 5941 962 6004 humeris
985 5942 1102 6006 nostris

957 578 1133 624 onnuonlus
1155 579 1206 624 ΡΡ.
1230 579 1295 626 xri.

1826 566 1883 628 lle
1933 567 1987 621 An.
2002 570 2031 622 d.
2055 569 2124 622 leet

1155 696 1295 776 impositi
1326 715 1390 762 non
1420 700 1492 762 leve
1521 717 1596 762 sane
1624 700 1722 762 totius
1752 700 1902 762 dominici

1156 791 1263 868 gregis
1286 809 1367 855 onus
1390 793 1541 866 11111111,
1566 793 1629 856 illis
1651 793 1821 872 praecipue
1837 793 1903 856 ovi-

1155 883 1225 958 bus,
1243 901 1323 962 quae
1339 887 1490 964 regiones
1505 903 1521 948 a
1538 885 1619 948 Sede
1635 887 1692 948 bac
1707 885 1899 966 Apostolica,

1154 978 1209 1041 ubi
1229 979 1400 1042 catholicae
1414 980 1582 1056 religionis
1598 987 1693 1058 atque
1708 981 1838 1043 unitatis
1854 989 1903 1044 est

1155 1077 1313 1144 centrum,
1338 1073 1434 1148 longe
1456 1071 1580 1133 dissitas
1607 1073 1762 1146 incolunt,
1788 1073 1901 1135 maiori

1154 1164 1285 1241 quidem
1307 1165 1471 1242 vigilantia
1493 1165 1728 1228 consulendum
1744 1183 1814 1229 esse
1830 1183 1902 1229 cen-

1154 1273 1273 1330 semus,
1298 1263 1333 1320 ut
1354 1257 1386 1320 in
1409 1260 1548 1321 adventu
1563 1261 1698 1336 pastoris
1714 1261 1836 1324 aeterni
1852 1278 1901 1324 re-

1155 1357 1274 1428 pertae,
1297 1351 1379 1413 sicut
1402 1356 1538 1430 oportet,
1556 1367 1613 1431 per
1628 1353 1832 1432 apostolicam
1848 1371 1901 1418 cu-

1154 1459 1222 1505 ram
1244 1444 1326 1506 intra
1349 1460 1465 1507 verum
1494 1446 1578 1508 ovile
1600 1447 1638 1509 ad
1660 1463 1772 1524 pascua
1798 1449 1900 1512 coele-

1154 1537 1212 1600 stia
1233 1537 1339 1600 vocari
1367 1539 1504 1610 valeant,
1528 1538 1728 1617 feliciterque
1755 1542 1897 1620 perduci.

1193 1631 1261 1705 52.
1286 1630 1366 1693 ilinc
1393 1647 1494 1708 quum
1516 1632 1554 1694 ad
1576 1631 1743 1710 religionis
1771 1636 1900 1698 catlroli-
1935 1652 2022 1716 ¹nupto
2037 1662 2136 1698 conces-

1154 1739 1207 1786 1111
1235 1725 1472 1787 incrementum
1500 1724 1533 1786 in
1555 1726 1659 1788 insula
1688 1726 1807 1806 Cepian
1829 1747 1901 1808 pro·
1921 1716 2011 1754 ⁵¹⁰⁰¹⁸·

1155 1818 1343 1891 curandum,
1367 1824 1461 1895 atque
1483 1817 1520 1880 ad
1543 1819 1746 1882 ecclesiastici
1772 1823 1902 1900 regimi-

1154 1911 1203 1973 nis
1226 1911 1362 1972 lormam
1384 1911 1417 1973 in
1439 1913 1550 1974 eadem
1566 1912 1670 1975 insula
1686 1915 1747 1978 rite
1763 1921 1902 1980 statuen-

1155 2005 1237 2075 dam,
1263 2011 1481 2084 opportunum
1509 2011 1604 2084 atque
1633 2008 1713 2070 utile
1735 2009 1769 2072 in
1791 2009 1902 2090 primis

1155 2114 1224 2160 esse
1246 2098 1448 2178 exploratum
1471 2099 1522 2173 sit,
1539 2106 1575 2161 ut
1594 2102 1773 2164 vastissima
1788 2103 1842 2166 illa
1856 2105 1903 2166 in-

1153 2192 1222 2253 sula
1243 2193 1276 2254 in
1298 2191 1492 2254 Vicariatum
1508 2193 1728 2272 Apostolicum
1746 2197 1899 2274 erigatur,

1154 2285 1193 2347 de
1214 2285 1449 2348 venerabilium
1469 2285 1605 2349 fratrum
1624 2295 1810 2351 nostrorum
1828 2289 1902 2352 San·

1154 2385 1220 2440 ctae
1242 2379 1401 2442 Romanae
1427 2379 1586 2443 Ecclesiae
1607 2380 1825 2446 Gardinalium
1849 2401 1903 2447 ne-

1154 2472 1248 2550 gotiis
1277 2471 1499 2550 Propagandae
1528 2473 1616 2536 niuei
1644 2477 1901 2554 praepositorum

1153 2566 1286 2628 consilio
1312 2571 1522 2628 memoratam
1550 2567 1688 2630 insulam
1711 2569 1744 2630 in
1765 2571 1902 2648 peculia-

1153 2675 1223 2723 rem
1245 2659 1439 2723 Vicariatum
1465 2659 1684 2739 Apostolicum
1714 2665 1901 2742 erigendam

1153 2771 1222 2816 esse
1245 2755 1439 2816 censuimus.

1192 2850 1212 2923 ἓ
1232 2848 1262 2910 3.
1277 2847 1363 2909 llotu
1379 2848 1479 2925 igitur
1494 2850 1635 2928 proprio,
1650 2855 1746 2929 atque
1762 2869 1802 2915 eu
1817 2859 1902 2916 certa
1940 2883 2022 2925 Tem,
2036 2889 2136 2926 conces-

1152 2941 1282 3003 scientia
1304 2947 1336 3003 et
1365 2949 1489 3004 matura
1519 2941 1766 3019 deliberatione,
1798 2948 1902 3025 deque
1923 2933 2010 2979 ⁵³⁰⁰¹⁵·

1153 3035 1343 3114 apostolicae
1365 3035 1529 3114 potestatis
1552 3036 1765 3114 plenitudine,
1786 3040 1902 3104 barum

1152 3129 1321 3191 literarum
1343 3130 1388 3202 ui,
1410 3129 1548 3191 insulam
1570 3129 1689 3209 Ceylan
1711 3131 1744 3195 in
1765 3135 1902 3212 peculia-

1153 3239 1223 3286 rem
1253 3229 1285 3285 et
1313 3222 1498 3285 distinctum
1528 3221 1723 3287 vicariatum
1745 3225 1903 3306 Apostoli-

1153 3333 1226 3379 cum
1249 3317 1417 3393 erigimus,
1435 3321 1467 3376 et
1489 3315 1576 3378 ineo
1593 3315 1903 3400 Vicariumliposto-

1153 3409 1251 3472 licum
1274 3409 1518 3482 constituimus,
1548 3410 1638 3473 cuius
1660 3412 1751 3475 sedes
1773 3413 1806 3475 11
1828 3416 1903 3476 civi·

1154 3510 1217 3566 tate
1232 3504 1381 3567 Columbi
1397 3519 1468 3566 esse
1485 3503 1623 3575 debebit,
1638 3511 1670 3566 et
1686 3506 1805 3570 limites
1821 3509 1904 3571 eius-

1154 3597 1228 3660 dem
1249 3599 1429 3670 vicariatus,
1447 3597 1507 3675 ipsi
1522 3598 1737 3676 amplissimae
1753 3601 1903 3664 11111111-

1153 3692 1242 3754 sulae
1275 3693 1354 3754 sines
1387 3706 1461 3752 cum
1493 3691 1559 3752 suis
1592 3692 1806 3770 pertinentiis.
1842 3695 1904 3774 lpsi

1154 3792 1261 3848 autem
1283 3785 1408 3848 Vicario
1430 3784 1468 3846 ab
1491 3785 1549 3846 hac
1571 3783 1683 3846 Sancta
1714 3785 1796 3848 Sede
1818 3789 1902 3851 adle-

1155 3881 1260 3957 gendo
1280 3893 1391 3941 omnes
1407 3883 1439 3940 et
1454 3877 1597 3955 singulas
1614 3878 1778 3942 facultates
1794 3881 1903 3945 buius·

1155 3973 1241 4035 modi
1264 3971 1396 4036 Vicariis
1418 3970 1609 4050 Apostolicis
1631 3974 1761 4035 concedi
1782 3975 1901 4050 solitas,

1155 4067 1266 4130 eadem
1295 4064 1482 4132 auctoritate
1510 4071 1618 4128 nostra
1646 4067 1850 4131 concedimus
1872 4075 1905 4132 et

1155 4159 1372 4239 impertimur.

1195 4257 1214 4330 ἓ
1236 4255 1264 4316 l.
1289 4253 1370 4314 llaec
1390 4252 1560 4314 statuimus
1577 4257 1671 4330 atque
1687 4253 1902 4330 decernimus,
1944 4279 2064 4326 clausura
2079 4279 2137 4324 sua-

1156 4349 1302 4410 uolentes
1335 4346 1390 4408 bas
1423 4351 1608 4424 praesentes
1641 4346 1749 4409 literas
1776 4365 1905 4428 semper
1923 4331 1979 4433 {iffi
1997 4334 2137 4432 ξξηξῗζῗ·

1156 4443 1276 4512 firmas,
1299 4439 1418 4502 ualidas
1441 4445 1472 4500 et
1494 4438 1636 4501 efficaces
1657 4441 1797 4504 existere
1813 4449 1845 4504 et
1860 4443 1904 4506 lo-

1156 4552 1202 4608 re,
1226 4549 1366 4611 suosque
1388 4532 1547 4611 plenarios
1566 4539 1598 4594 et
1613 4534 1758 4611 integros
1773 4536 1905 4599 effectus

1156 4627 1264 4691 sortiri
1286 4635 1318 4690 et
1340 4626 1498 4699 obtinere,
1516 4643 1550 4687 11
1570 4625 1608 4688 iis
1629 4627 1668 4689 ad
1690 4643 1771 4704 quos
1787 4637 1906 4708 spectat

1156 4729 1188 4785 et
1202 4723 1235 4784 in
1251 4721 1397 4784 luturum
1413 4719 1578 4798 spectabit,
1593 4720 1780 4798 plenissime
1795 4724 1906 4786 subra-

1157 4815 1236 4894 gari,
1259 4821 1291 4877 et
1311 4813 1349 4875 ab
1373 4813 1522 4875 omnibus
1544 4813 1775 4876 inviolabiliter
1797 4817 1906 4878 obser·

1156 4909 1236 4982 vari,
1259 4908 1368 4984 sicque
1389 4907 1422 4968 in
1444 4904 1629 4985 praemissis
1655 4923 1713 4985 per
1735 4923 1906 4986 quoscum·

1157 5018 1220 5080 que
1240 5001 1360 5064 iudices
1377 5000 1555 5063 ordinarios
1571 5005 1603 5062 et
1618 5000 1792 5079 delegatos,
1810 5006 1905 5068 etiam

1157 5112 1325 5159 causarum
1347 5095 1452 5176 palatii
1477 5093 1641 5174 apostolici
1663 5096 1835 5171 auditores,
1858 5099 1906 5162 iu-

1157 5190 1253 5252 dicari
1283 5197 1315 5252 et
1344 5189 1470 5252 deliniri
1499 5189 1637 5262 debere,
1669 5207 1703 5252 ao
1724 5189 1851 5254 irritum
1874 5200 1906 5255 et

1156 5284 1262 5356 inane,
1280 5283 1306 5345 si
1321 5299 1414 5346 secus
1437 5299 1535 5362 super
1557 5282 1607 5344 bis
1622 5299 1639 5344 a
1653 5298 1815 5361 quoquam
1830 5301 1905 5364 qua·

1158 5377 1206 5439 vis
1218 5377 1406 5439 auctoritate
1417 5377 1555 5438 scienter
1568 5375 1620 5438 vel
1632 5376 1820 5453 ignoranter
1831 5397 1904 5443 con-

1156 5471 1268 5548 tigerit
1287 5471 1446 5532 attentari.

1197 5567 1216 5641 g
1237 5564 1266 5625 ii.
1283 5563 1355 5626 Non
1371 5565 1581 5638 obstantibus,
1600 5564 1725 5642 quoties
1741 5581 1821 5643 opus
1836 5565 1904 5634 lue-
1937 5573 2138 5638 1111011ῑί011-

1157 5660 1210 5732 111,
1234 5665 1342 5720 nostra
1364 5665 1396 5721 et
1417 5659 1622 5722 cancellariae
1644 5659 1833 5738 apostolicae
1855 5679 1904 5724 re·
1924 5633 2070 5675 areanorum.

1159 5755 1233 5832 gula
1254 5755 1293 5815 de
1314 5753 1385 5815 iure
1407 5755 1551 5831 quaesito
1571 5771 1635 5816 non
1652 5754 1805 5829 tollendo,
1822 5757 1905 5818 aliis-

1158 5864 1221 5926 que
1242 5847 1524 5910 constitutionibus
1546 5854 1578 5909 et
1599 5848 1816 5911 sanctionibus
1832 5867 1904 5927 apo·

1159 5941 1289 6016 stolicis,
1314 5940 1494 6020 ceterisque
1524 5940 1620 6004 etiam
1648 5943 1776 6024 speciali
1797 5949 1830 6005 et
1851 5957 1904 6006 11-
