4822 6986
373 1235 431 1279 tres
445 1233 497 1281 sint
511 1241 567 1278 con-

355 1289 473 1336 sultoras.

390 1701 488 1755 Quibus
503 1701 567 1748 doti·

356 1755 404 1802 bus
424 1756 539 1812 praediti.

606 514 665 586 dil)

587 663 722 726 stituere
735 677 948 726 oeconomum
961 661 1159 739 generalem,
1175 657 1229 735 qui
1242 655 1334 719 illum

586 755 620 818 in
635 755 863 818 conservandis
880 755 972 818 honis
989 753 1221 834 temporalibus
1237 751 1335 814 totius

586 847 713 910 Ordinis
736 854 917 927 opportune
939 849 1080 912 adiuvet.

686 1037 766 1101 Gan.
790 1036 842 1100 lll.
866 1071 904 1086 -
926 1037 971 1102 lle
992 1033 1239 1101 consultoribus.

626 1241 647 1286 r.
672 1225 776 1289 hbbas
797 1243 872 1290 suos
899 1228 1013 1291 habeat
1040 1226 1242 1290 consultores
1268 1229 1334 1286 tres

586 1317 701 1380 saltem
713 1321 887 1384 monachos
899 1337 994 1384 senes
1010 1328 1042 1383 et
1056 1323 1089 1382 in
1102 1318 1252 1396 religiosa
1264 1333 1334 1396 per-

587 1412 726 1475 lectione
749 1415 954 1488 exercitatos,
979 1429 1117 1491 quorum
1147 1411 1281 1476 consilio
1304 1417 1336 1472 et

586 1506 744 1570 relatione
770 1509 912 1582 adiutus,
936 1509 1053 1571 melius
1076 1513 1109 1568 et
1129 1505 1251 1568 facilius
1279 1520 1334 1580 gu-

587 1600 724 1664 bernare
742 1604 851 1682 possit.

627 1711 661 1756 rr.
685 1694 743 1770 Qui
765 1696 839 1759 huic
855 1698 984 1759 muneri
1006 1694 1258 1775 deputabuntur,
1271 1693 1336 1756 sint

587 1797 744 1853 amatores
766 1791 842 1853 boni
863 1792 1055 1864 communis,
1079 1791 1225 1868 illudque
1248 1790 1281 1851 in
1303 1805 1335 1851 o-

587 1884 717 1947 mnibus
745 1885 1033 1949 consultationibus
1055 1902 1130 1964 prae
1160 1884 1260 1950 oculis
1283 1883 1335 1946 hu-

587 1978 692 2042 beant.

626 2091 674 2137 ιιι.
698 2075 780 2138 Cum
802 2076 896 2138 abhas
918 2075 982 2138 illis
1004 2075 1119 2138 auditis
1134 2073 1253 2150 aliquid
1276 2079 1335 2134 sta-

586 2169 696 2242 tuerit,
720 2169 875 2231 iudicium
897 2185 992 2230 suum
1014 2169 1100 2230 illius
1122 2167 1240 2230 iudicio
1262 2167 1336 2228 sub-

585 2263 726 2324 mittent.
750 2261 862 2340 Neque
878 2269 968 2325 extra
988 2262 1269 2330 consultationem,
1283 2267 1337 2322 aut

586 2357 663 2435 quid
684 2363 840 2418 statutum
862 2356 971 2430 luerit,
996 2356 1056 2419 sibi
1079 2355 1260 2434 displicere,
1283 2363 1337 2417 aut

585 2467 620 2514 se
642 2452 675 2513 in
697 2451 756 2513 alid
778 2451 875 2514 luisse
904 2451 1064 2528 sententie
1090 2451 1334 2528 significabunt3

585 2546 642 2608 sed
663 2546 795 2608 laudent
810 2545 916 2624 potius
931 2545 1052 2608 abbatis
1068 2545 1237 2607 consilium
1253 2545 1336 2624 apud

585 2638 674 2712 alios,
699 2645 793 2717 atque
809 2645 972 2701 tueantur.
996 2639 1085 2714 Quod
1101 2639 1128 2700 si
1143 2638 1183 2700 ob
1203 2640 1251 2701 rei
1267 2655 1336 2716 gra-

585 2733 718 2795 vitatem
747 2733 785 2795 ad
813 2733 959 2796 abbatem
993 2731 1179 2810 generalem
1207 2732 1238 2794 id
1267 2749 1336 2794 esse

586 2829 799 2892 deferendum
822 2829 1011 2900 iudicarent,
1029 2845 1065 2890 re
1087 2839 1212 2892 mature
1234 2830 1336 2892 consi-

586 2923 693 2985 derati
716 2929 748 2985 et
769 2924 914 2985 oratione
934 2923 1107 3001 praemissa
1130 2921 1252 2985 iaciant.

627 3036 669 3079 rr.
695 3015 727 3080 Si
749 3018 826 3095 quid
851 3025 959 3080 tamen
982 3018 1014 3079 in
1036 3023 1181 3079 mentem
1208 3017 1336 3080 venerit

587 3113 672 3190 quod
684 3112 722 3174 ad
734 3127 908 3174 commune
920 3112 1043 3173 honum
1054 3111 1107 3174 vel
1120 3110 1253 3174 alieuius
1265 3127 1335 3190 per-

585 3215 681 3269 sonae
714 3205 913 3284 particularis
947 3205 1121 3268 utilitatem
1154 3205 1333 3284 pertineat,

586 3305 740 3378 poterunt
760 3300 792 3362 id
814 3299 917 3362 abbati
939 3315 1132 3379 proponere.

626 3412 655 3455 v.
682 3393 713 3456 Si
736 3393 813 3471 quid
835 3393 916 3456 circa
937 3393 1078 3465 victum,
1102 3393 1269 3467 restitum,
1293 3394 1335 3457 la·

585 3487 680 3549 bores
703 3493 735 3549 et
757 3485 980 3564 occupationes
1005 3487 1257 3559 monachorum,
1282 3493 1335 3548 aut

586 3582 666 3643 cirea
697 3580 965 3658 gubernationem
998 3579 1134 3650 abbatis,
1166 3581 1335 3643 moderan-

586 3675 674 3747 dum,
685 3673 870 3751 urgendum
881 3673 934 3736 vel
948 3673 1138 3736 mutandum
1150 3681 1332 3747 censerent,

585 3769 678 3831 illum
691 3769 862 3847 praemissi
874 3768 1018 3830 oratione
1030 3769 1269 3830 arimenensium
1283 3785 1334 3832 ou-

586 3869 670 3935 rent,
695 3862 781 3939 quod
804 3878 861 3940 per
882 3862 1118 3928 admonitorem
1141 3862 1266 3926 iaciant.

626 3973 669 4017 vr.
694 3955 727 4018 Si
743 3955 902 4032 quiscum
919 3956 964 4018 eis
980 3955 1019 4018 de
1035 3955 1218 4020 ditllcultate
1230 3957 1334 4035 aliqud

586 4050 642 4112 sud
663 4055 717 4112 aut
738 4047 980 4127 perturbatione
1001 4055 1082 4127 agat,
1106 4048 1148 4112 ita
1170 4066 1245 4112 eum
1268 4051 1334 4112 suis

586 4143 718 4206 monitis
731 4149 763 4205 et
778 4141 912 4205 consilio
926 4142 1038 4206 iuvare
1050 4144 1186 4217 studeat,
1200 4151 1237 4206 ut
1250 4161 1333 4208 sem-

586 4253 654 4315 per,
672 4242 828 4314 quantum
850 4236 984 4316 possint,
999 4236 1269 4300 existimationem
1283 4239 1334 4302 ab·

586 4331 665 4392 batis
687 4337 850 4394 tueantur.

626 4441 682 4488 ru.
706 4425 750 4488 lta
771 4441 868 4488 suum
897 4441 1015 4488 munus
1044 4432 1264 4503 exequantur,
1299 4435 1334 4490 ut

586 4519 708 4582 nullam
736 4519 977 4598 gubernationis
1007 4526 1130 4598 partem
1159 4519 1219 4582 sihi
1249 4536 1334 4583 assu·

587 4621 689 4676 mant:
714 4620 809 4691 atque
825 4631 860 4677 ea
875 4614 1091 4677 submissione
1106 4631 1140 4676 se
1157 4621 1281 4693 gerant,
1298 4620 1335 4678 ut

586 4708 701 4770 ceteris
724 4707 923 4771 obedientiae
939 4708 1126 4787 exemplum
1148 4709 1332 4788 praebeant.

626 4819 695 4864 rur.
721 4801 847 4884 ¹Singuli
869 4803 1071 4866 consultores
1086 4803 1135 4865 bis
1150 4805 1183 4866 in
1198 4821 1281 4866 anno
1297 4805 1334 4866 ad

586 4895 734 4960 abbatem
764 4896 970 4974 generalem,
994 4901 1048 4959 aut
1076 4897 1270 4974 provinciae,
1295 4898 1334 4960 de

586 4997 669 5054 statu
699 4989 899 5063 monasterii,
924 4996 957 5052 et
976 4989 1002 5052 si
1026 4989 1104 5066 quid
1126 4996 1210 5052 esset
1237 4991 1335 5052 corri-

587 5086 729 5164 gendum
751 5091 805 5150 aut
826 5084 1017 5148 mutandum
1033 5084 1138 5146 eidem
1162 5091 1332 5164 exponant,

586 5187 681 5260 atque
703 5181 763 5244 hae
784 5181 921 5253 litterae,
938 5196 955 5241 a
969 5179 1097 5242 seniore
1109 5179 1195 5242 inter
1211 5195 1266 5243 eos
1282 5181 1335 5242 ob·

585 5275 740 5352 signatae,
764 5274 946 5336 mittantur.

625 5384 671 5432 rx.
694 5368 729 5430 ln
751 5368 955 5432 monasteriis
970 5368 1245 5446 frequentioribus
1267 5375 1335 5448 pot·

587 5463 649 5526 erit
669 5478 754 5525 unus
784 5479 824 5525 ex
846 5463 1084 5526 consultoribus
1111 5463 1273 5540 designari
1297 5463 1335 5524 ab

585 5557 654 5636 ipso
676 5557 799 5631 abbate,
823 5558 878 5634 qui
904 5557 1112 5623 admonitoris
1141 5571 1260 5620 nomen
1283 5556 1335 5620 ha-

587 5651 688 5714 bebit:
715 5651 850 5728 eiusque
863 5651 1001 5714 odicium
1019 5651 1080 5713 erit
1094 5651 1269 5714 admonere
1283 5651 1335 5712 ah·

586 5745 692 5808 batem
714 5747 753 5808 de
768 5745 806 5808 iis
826 5761 907 5823 quae
929 5746 1130 5808 consultores
1152 5747 1182 5808 ei
1204 5746 1336 5809 dicenda

586 5839 809 5902 iudicaverint.
835 5839 880 5902 lle
895 5839 964 5902 aliis
985 5855 1076 5914 vero,
1094 5856 1176 5917 quae
1191 5841 1260 5904 sive
1275 5840 1335 5919 ipsi

586 5931 620 5996 iu
642 5940 786 5996 mentem
808 5934 970 6010 venerint,
994 5935 1062 5997 sire
1085 5935 1122 5997 ab
1138 5934 1205 5996 aliis
1228 5950 1335 5998 mona·

1106 531 1172 586 rau.
1196 530 1288 584 cour.
1311 529 1353 582 nc
1374 530 1458 611 arr.
1482 531 1566 587 oxus
1588 533 1609 587 ι.

1392 656 1459 720 ehis
1481 667 1712 738 suggerentur,
1736 677 1802 724 non
1824 656 1914 724 facile
1936 677 2012 726 eum
2033 659 2139 726 admo-

1393 751 1491 826 nebit,
1509 754 1566 816 sed
1589 755 1627 817 de
1642 754 1680 818 iis
1696 756 1861 824 dumtaxat
1882 771 1963 834 quae
1978 773 2044 820 non
2059 756 2138 820 levis

1392 847 1550 908 momenti
1571 855 1643 926 post
1664 849 1843 911 orationem
1866 865 1936 912 esse
1963 850 2136 920 censuerit,

1391 939 1460 1002 sive
1480 941 1518 1002 ad
1546 941 1685 1004 officium
1707 941 1827 1004 abbatis
1856 941 2085 1022 pertinebunt3
2108 951 2139 1006 et

1391 1048 1531 1110 quorum
1553 1034 1699 1098 abbatem
1721 1036 1936 1110 admonuerit,
1953 1037 2140 1099 meminerit

1392 1144 1426 1190 ea
1450 1129 1562 1192 tacitus
1585 1131 1666 1208 apud
1689 1147 1724 1192 se
1745 1145 1887 1194 serrare.

1475 1279 1555 1342 Car.
1579 1279 1618 1341 X.
1642 1313 1679 1326 -
1702 1279 1746 1343 De
1766 1277 2054 1360 praedicatoribus.

1430 1431 1452 1476 r.
1477 1414 1646 1492 Eligantur
1667 1415 1705 1478 ab
1728 1415 1839 1478 abbate
1861 1416 2004 1493 generali
2027 1416 2079 1480 rel
2101 1418 2138 1480 ab
2170 1435 2302 1531 {mquam

1390 1509 1502 1572 abbate
1524 1509 1707 1587 prorinciae
1728 1509 1762 1572 in
1783 1510 1920 1587 singulis
1935 1495 2166 1574 monasteriis⁰

1391 1604 1454 1666 duro
1476 1603 1590 1666 saltem
1613 1619 1726 1681 graves
1748 1611 1781 1666 et
1802 1605 1886 1668 docti
1908 1605 2068 1676 monachi,
2085 1607 2139 1684 qui

1390 1697 1605 1760 admittendos
1623 1698 1659 1760 ad
1676 1698 1946 1778 praedicationem
1961 1699 2056 1762 verbi
2071 1700 2137 1774 Dei,

1390 1793 1443 1854 vel
1465 1792 1503 1854 ad
1518 1791 1690 1856 audiendas
1705 1791 1934 1864 confessiones,
1949 1791 2046 1856 etiam
2058 1793 2139 1872 ipso-

1389 1901 1463 1946 rum
1487 1885 1730 1957 monachorum,
1747 1903 1781 1948 ac
1796 1885 1967 1962 magistros
1983 1885 2138 1964 publicos,

1392 1985 1423 2040 et
1445 1979 1683 2057 promovendos
1700 1980 1737 2041 ad
1752 1995 1974 2056 quoscumque
1997 1980 2137 2053 ordines,

1391 2072 2139 2153 diligentersimulexaminent,antequampro-

1392 2167 1525 2237 hentur,
1550 2173 1582 2228 et
1603 2166 1639 2228 ad
1668 2165 1855 2229 huiusmodi
1882 2167 2062 2230 ministeria
2087 2168 2138 2230 rel

1391 2260 1520 2323 ordines
1543 2260 1761 2322 admittantur.
2139 2343 2141 2348 ι

1431 2370 1465 2414 ιι.
1483 2353 1542 2428 Qui
1554 2355 1591 2427 ad
1604 2354 1846 2433 praedicationis
1859 2355 1999 2418 officium
2012 2355 2138 2418 admissi

1391 2455 1484 2520 sunt,
1515 2449 1635 2512 dehent
1663 2449 1768 2526 primo
1790 2463 1911 2510 sacram
1941 2448 2137 2528 Scripturam

1391 2559 1520 2621 semper
1543 2559 1617 2621 prae
1633 2542 1780 2608 manibus
1803 2543 1934 2616 babere,
1955 2544 2079 2622 legere,
2096 2551 2136 2616 et,

1392 2639 1496 2716 quoad
1517 2637 1587 2701 lieri
1610 2638 1739 2716 poterit,
1764 2637 1907 2714 quotidie
1932 2637 2053 2716 aliquid
2075 2654 2138 2700 me-

1391 2732 1511 2794 moriae
1533 2731 1697 2794 mandare.
1721 2731 1845 2807 Legant
1859 2731 1955 2794 etiam
1969 2731 2138 2810 expositio-

1391 2843 1448 2890 nes
1471 2826 1599 2889 Patrum
1622 2826 1655 2887 in
1677 2831 1854 2902 utrumque
1883 2825 2135 2897 Testamentum,

1391 2922 1471 2982 ritas
1486 2927 1681 2993 sanctorum,
1700 2919 1866 2982 historiam
1881 2919 2135 2993 ecclesiasticam,

1392 3030 1488 3092 opera
1509 3013 1641 3077 ascetica
1662 3013 1803 3088 Petrum,
1828 3014 2011 3088 conciones,
2038 3014 2137 3076 homi-

1391 3107 1447 3170 lias
1460 3109 1629 3170 doctorum
1641 3105 1799 3178 virorum,
1815 3106 1917 3168 atalia
1928 3107 2057 3178 similia,
2072 3107 2137 3184 qui·

1390 3202 1449 3264 bus
1472 3201 1661 3264 evolvendis
1677 3200 1844 3262 residuum
1869 3201 2037 3279 temporis,
2054 3201 2137 3278 quod

1389 3295 1427 3356 ab
1451 3295 1552 3357 olhcio
1575 3294 1684 3356 divino
1706 3294 1840 3371 aliisque
1865 3293 2086 3373 spiritualibus
2108 3302 2137 3355 et

1389 3387 1608 3468 corporalibus
1622 3387 1783 3451 exercitiis
1798 3389 2002 3462 remanserit,
2017 3388 2137 3467 impen-

1389 3483 1475 3545 dant.
1492 3481 1613 3544 Deinde
1628 3497 1793 3560 nunquam
1809 3481 1879 3544 sine
1898 3482 2137 3561 praeparatione

1390 3577 1578 3640 concionem
1605 3576 1736 3649 iaciant,
1760 3577 1816 3638 sed
1838 3576 1926 3641 illam
1953 3577 2044 3655 prius
2065 3577 2137 3640 scri-

1388 3677 1501 3749 pturae
1524 3671 1764 3744 commendent,
1781 3676 1814 3732 et
1827 3670 1940 3736 sedulo
1962 3671 2137 3734 memoriae

1388 3767 1524 3831 tradant.

1429 3877 1477 3924 ιιι.
1501 3861 1599 3923 Extra
1626 3859 1857 3922 monasterium
1886 3861 2010 3924 nemini
2032 3877 2137 3926 mona·

1388 3956 1525 4018 chorum
1552 3953 1597 4018 ias
1630 3955 1692 4017 erit
1720 3954 1906 4018 concionari,
1926 3961 1980 4018 aut
2011 3957 2135 4026 docere,

1389 4055 1443 4112 aut
1463 4049 1682 4112 consessiones
1704 4049 1826 4122 audire,
1843 4049 1913 4112 sine
1935 4051 2087 4128 expressi
2101 4049 2137 4113 Ε·

1388 4143 1509 4223 piscopi
1539 4141 1692 4206 ordinarii
1717 4142 1855 4204 licentii.
1885 4142 1967 4205 Cum
1995 4158 2077 4206 vero
2102 4143 2137 4205 ad

1388 4237 1518 4316 aliquod
1540 4237 1692 4317 oppidum
1719 4236 1822 4299 vocati
1848 4235 1987 4311 tuerint,
2021 4238 2139 4302 dabunt

1390 4349 1532 4413 operam,
1555 4339 1592 4394 ut
1613 4333 1717 4412 primo
1736 4329 1895 4410 Episcopi,
1919 4332 2138 4412 chorepiscopi

1390 4425 2136 4506 autparochibenerolentiamsibicomparent,

1390 4521 1506 4584 deinde
1525 4527 1656 4602 careant
1672 4519 1855 4582 discursum
1871 4535 1929 4599 per
1944 4520 2070 4594 domos,
2084 4521 2138 4587 sed

1390 4615 1423 4677 in
1445 4614 1538 4676 aedes
1560 4613 1693 4676 alicuius
1715 4613 1759 4692 pii
1774 4619 1807 4676 et
1822 4613 2018 4692 exemplaris
2041 4614 2137 4676 ecele-

1389 4707 1504 4772 siastici
1526 4724 1561 4769 sa
1582 4706 1750 4785 recipiant,
1781 4707 1891 4784 ibique
1917 4715 2136 4786 paupertatem

1388 4803 1575 4881 religiosam
1598 4801 1630 4862 in
1653 4800 1733 4874 cibo,
1751 4807 1829 4880 potu
1852 4808 1884 4866 et
1898 4803 2015 4864 ceteris
2039 4803 2135 4866 omni-

1390 4898 1449 4961 hus
1471 4902 1613 4969 seruent,
1638 4896 1812 4958 modestiae
1837 4903 1869 4958 et
1897 4898 2045 4974 gravitati
2066 4913 2135 4960 eon·

1390 4993 1542 5056 iunctam.

1430 5103 1472 5148 rr.
1497 5085 1597 5148 hledia
1619 5092 1727 5148 autem
1749 5085 1936 5166 spiritualia,
1955 5086 2070 5165 quibus
2090 5085 2133 5148 iu·

1391 5185 1444 5241 xta
1466 5185 1613 5243 nostrum
1640 5181 1825 5244 institutum
1847 5187 1880 5246 et
1899 5181 2020 5244 abbatis
2042 5181 2133 5244 bene·

1391 5274 1542 5353 placitum
1557 5275 1605 5337 uti
1619 5281 1783 5355 poterunt,
1798 5274 1876 5337 haee
1887 5275 1956 5338 iere
1970 5281 2061 5338 sunt:
2078 5273 2133 5336 mi·

1392 5367 1563 5430 nisterium
1590 5369 1683 5432 uerbi
1711 5368 1767 5431 liei
1789 5367 1822 5430 in
1851 5366 2132 5446 praedicationibus

1392 5461 1589 5540 privatisque
1611 5462 1888 5526 exhortationibus
1904 5469 1936 5525 et
1956 5459 2130 5540 colloquiis

1391 5562 1666 5630 sacramentorum
1694 5555 1904 5620 confessionis
1934 5564 1967 5620 et
1995 5555 2131 5632 euchari·

1391 5649 1468 5712 stiae
1483 5650 1730 5726 administrati03
1748 5651 1976 5714 exercitiorum
1991 5650 2131 5730 spiritua·

1392 5744 1472 5808 lium
1495 5745 1639 5820 traditio;
1663 5745 1887 5808 dissidentium
1903 5743 2128 5818 reconciliatio;

1393 5855 1523 5903 casuum
1545 5837 1758 5902 conscientiae
1780 5845 1813 5902 et
1829 5855 1994 5902 sacrorum
2014 5838 2129 5900 rituum

1392 5933 1431 5996 ad
1453 5933 1682 5996 ecclesiasticos
1705 5933 1826 6012 priuata
1849 5933 2030 6013 explicatio;
2053 5928 2130 5995 chri·
