4822 6986
945 640 1122 688 draconitis
1144 642 1194 688 PP.
1219 643 1284 688 xvi.

380 754 539 828 Secundo,
558 772 616 835 per
637 758 759 835 aliquot
774 775 902 822 menses
925 759 958 821 in
973 759 1086 822 cellam

338 850 532 923 includatur,
551 856 583 912 et
604 852 726 914 ieiunet
746 853 779 913 in
802 869 883 930 pane
905 859 937 914 et
958 855 1055 931 aqud;

380 945 499 1017 Tertio,
524 961 581 1024 per
608 962 706 1008 unam
736 946 979 1020 hebdomadam,
1004 954 1087 1026 post-

339 1055 434 1117 quam
457 1055 473 1101 e
496 1040 575 1104 cellai
597 1055 748 1116 egressus
771 1046 803 1102 et
824 1041 862 1102 ad.
888 1042 1087 1104 consortium

338 1133 476 1194 fratrum
508 1133 664 1195 admissus
696 1134 814 1206 luerit,
849 1142 1087 1212 sequestratum

338 1227 445 1289 locum
468 1227 582 1290 babeat
603 1227 636 1289 in
658 1228 800 1300 ecclesii,
825 1230 857 1291 in
881 1230 979 1292 choro
1003 1231 1088 1292 etin

339 1322 460 1383 mensi.

377 1433 412 1476 11.
438 1415 470 1478 Si
493 1417 634 1479 secundo
656 1418 708 1479 vel
732 1419 828 1480 tertio
850 1419 1085 1496 apostataverit,

338 1525 459 1588 poenae
481 1511 700 1589 suprapositae
723 1511 752 1574 ei
775 1512 1032 1590 multiplicentur
1048 1530 1088 1575 ex

337 1604 470 1666 consilio
492 1610 618 1683 patrum
649 1605 832 1680 seniorum3
859 1608 944 1682 quod
966 1609 992 1668 si
1014 1625 1087 1670 cum

336 1697 494 1770 scandalo,
518 1698 631 1762 relicto
653 1697 782 1772 Ordine,
806 1699 978 1762 inhoneste
1000 1702 1088 1764 vixe-

337 1791 389 1864 rit,
413 1798 467 1854 aut
488 1792 608 1854 diutius
631 1799 720 1854 extra
735 1791 887 1856 Ordinem
904 1811 1088 1873 permanse-

336 1885 389 1958 rit,
414 1901 516 1962 pocna
538 1885 584 1947 illi
607 1893 762 1963 augeatur
784 1887 872 1949 iuxta
901 1889 1086 1966 qualitatem

335 1980 484 2052 scandali,
499 1979 691 2043 delictorum
714 1987 746 2042 et
768 1997 876 2044 morae
899 1981 1088 2046 diuturnita-

337 2081 413 2136 tem.
437 2074 481 2135 De
504 2089 568 2152 quo
590 2089 670 2136 vero
692 2091 757 2137 non
782 2083 906 2138 constat
927 2078 1011 2154 quod
1035 2079 1087 2140 ba-

335 2168 439 2230 bitum
469 2168 644 2241 dimiserit,
675 2175 730 2230 aut
751 2185 790 2230 ex
813 2167 931 2232 Ordine
953 2171 1085 2248 fugerit,

336 2263 391 2324 sed
414 2269 539 2324 tantum
561 2278 663 2339 vagus
678 2263 762 2324 intra
776 2264 829 2325 vel
852 2271 942 2325 extra
957 2265 1087 2342 provin-

336 2358 427 2430 ciam,
452 2363 620 2434 praetextu
649 2357 788 2420 adeundi
810 2359 1030 2436 superiorem,
1054 2359 1086 2421 in

336 2452 446 2514 babitu
479 2451 691 2522 circumierit,
720 2450 746 2510 is
779 2467 897 2529 poenas
930 2452 1087 2528 gravioris

336 2547 447 2624 culpae
469 2543 631 2606 sustineat
646 2544 735 2606 iuxta
762 2560 886 2606 uaccam
909 2546 1087 2622 vagationis

336 2647 369 2703 et
389 2641 576 2718 qualitatem
606 2638 815 2712 delictorum;
844 2639 886 2700 ita
915 2645 1023 2702 tamen
1051 2647 1088 2701 ut

335 2734 484 2812 superior
514 2732 691 2812 prudenter
720 2733 906 2810 prospiciat,
931 2733 1019 2810 quid,
1043 2739 1087 2795 at-

337 2835 424 2890 tento
446 2827 606 2905 praesenti
628 2833 710 2888 statu
737 2825 947 2904 poenitentis,
971 2827 1004 2888 in
1026 2827 1087 2889 Do-

338 2923 424 2984 mino
446 2922 611 3000 expediat,
635 2921 777 2983 adhibito
801 2921 896 2983 etiam
919 2922 1085 2983 seniorum

336 3025 463 3094 patrum
492 3016 644 3087 consilio,
675 3031 716 3076 ne
748 3015 908 3086 remedia,
943 3031 1024 3092 quae
1052 3017 1085 3079 in

336 3110 473 3172 salutem
503 3111 710 3172 infirmorum
739 3109 875 3172 fratrum
909 3111 1086 3188 excogitata

334 3211 420 3276 sunt,
445 3205 478 3265 in
501 3219 616 3265 eorum
645 3203 772 3264 ruinam
796 3211 828 3264 et
849 3205 984 3267 exitium
1014 3221 1086 3268 ver-

337 3305 455 3360 tantur.

376 3411 424 3454 111.
448 3393 598 3472 Apostata
619 3394 656 3454 ab
679 3395 791 3456 ordine
821 3395 1009 3468 monastico,
1032 3397 1085 3458 vel

336 3487 508 3563 fugitivus,
532 3487 601 3549 sive
623 3488 799 3549 monachus
821 3487 919 3550 fuerit
944 3488 1086 3552 616661)-

336 3581 401 3654 baS,
425 3599 441 3642 a
464 3579 554 3643 nullo
576 3579 697 3642 absolvi
720 3589 908 3658 potestneo
929 3583 1085 3646 16111666-

335 3675 470 3737 sterium
484 3675 594 3754 recipi,
611 3680 835 3752 praeterquam
852 3675 890 3737 ab
905 3676 1017 3740 abbate
1033 3695 1084 3755 ge·

336 3769 456 3846 nerali3
480 3769 516 3831 ad
534 3785 631 3846 quem
647 3769 782 3846 proinde
797 3769 1012 3832 remittendus
1025 3773 1087 3834 erit

336 3879 422 3936 reus,
440 3863 492 3924 vel
509 3863 622 3924 saltem
638 3863 856 3924 scribendum.
880 3863 962 3926 Gurn
977 3871 1085 3926 autem

336 3958 430 4020 abbas
463 3957 622 4034 generalis
653 3957 835 4019 facultatem
863 3975 953 4020 suam
982 3961 1085 4023 abbati

336 4052 521 4114 monasterii
551 4051 764 4124 commiserit,
790 4057 883 4124 tunc,
915 4055 1086 4116 convocata

337 4147 568 4208 monachorum
601 4147 870 4223 congregatione,
896 4149 1085 4223 genuflexus

336 4257 411 4303 reus
434 4241 601 4302 humiliter
624 4240 749 4318 culpam
771 4255 860 4301 suam
878 4241 969 4314 dicat,
988 4249 1020 4304 et
1034 4243 1085 4304 ab·

335 4335 389 4396 bas
422 4334 545 4397 intonat
576 4334 736 4412 psalmum
769 4351 809 4394 11.
847 4331 994 4396 Miserere
1025 4335 1086 4397 otei

336 4427 431 4498 Deos,
445 4442 542 4505 quem
558 4427 672 4489 fratres
688 4426 870 4490 alternatim
886 4443 1086 4506 prosequun-

337 4527 400 4594 tur,
425 4523 573 4598 dictoque
604 4519 715 4584 Gloria
743 4519 849 4592 Patri,
873 4521 967 4583 abbas
991 4521 1085 4584 illum

336 4616 484 4690 absolvit,
509 4616 632 4678 dicens:

375 4709 460 4770 Deras
481 4709 673 4770 6116666166
695 4709 744 4771 161
765 4715 794 4770 61
815 4709 960 4772 dimittat
980 4708 1086 4773 debita

336 4808 405 4872 166,
422 4809 452 4864 61
473 4819 538 4882 epo,
556 4803 751 4866 anctoritate
768 4803 870 4883 ipsias
891 4809 921 4865 et
940 4820 1085 4866 reverea-

336 4897 460 4960 dissimt'
489 4897 595 4976 patris
621 4897 725 4958 austri
751 4895 875 4960 abbatis
907 4899 1083 4980 generalis,

336 4989 461 5054 obsoleo
484 4997 512 5052 te
534 4991 702 5053 66166616
724 4992 1083 5063 666616666166116616,

335 5085 371 5146 16
399 5101 494 5163 quarn
519 5091 650 5165 propter
676 5086 872 5165 apostasiam
894 5085 946 5147 vel
972 5086 1085 5166 saporo

336 5197 376 5242 66
401 5177 519 5241 Ordine
540 5178 723 5248 incurristi,
747 5185 776 5240 61
796 5180 932 5241 restituo
954 5186 983 5242 16
1004 5197 1085 5241 6616-

335 5275 484 5336 6661661
505 5273 670 5335 61661661
698 5273 838 5353 fideliam
860 5280 889 5334 61
909 5275 1085 5354 participa-

337 5367 1082 5432 1166166661666661166166166666666166166616.

336 5463 374 5526 16
400 5465 528 5526 somine
549 5464 572 5542 1
594 5461 704 5526 Patris
730 5467 759 5523 61
787 5461 865 5524 Filii
886 5467 916 5523 et
944 5461 1085 5541 Spiritus

337 5558 459 5622 Sancti.
483 5557 593 5621 Amen.

377 5653 440 5716 Sed
462 5654 487 5716 si
509 5654 608 5715 fuerit
629 5653 722 5714 abbas
745 5651 915 5728 generalis,
940 5651 1036 5713 dicat:

376 5745 740 5826 116666616666166161
761 5750 791 5806 61
812 5743 956 5806 dimittat
980 5741 1086 5806 debito

337 5850 394 5906 166
426 5849 456 5904 61
487 5860 556 5922 eqo,
585 5840 779 5904 anctoritate
812 5839 925 5919 ipsias,
959 5836 1084 5900 obsoleo

337 5944 377 6008 te,
401 5943 461 6000 etc.

376 6033 465 6096 Tunc
476 6032 623 6109 iniungat
635 6031 663 6093 ei
676 6029 919 6109 poenitentiam,
929 6033 966 6089 ut
976 6041 1083 6104 supra.

427 6185 479 6230 far.
499 6185 568 6230 Porri.
585 6182 615 6228 de
633 6183 707 6240 Prop.
726 6177 787 6224 Fide
802 6176 884 6222 Partis
900 6179 917 6222 l.
934 6173 987 6222 Vol.
1004 6176 1030 6218 v.

1816 620 1874 684 1133

1184 777 1226 821 rr.
1251 761 1391 840 Tempus
1420 757 1593 838 apostasiae
1621 757 1674 820 vel
1701 755 1796 834 fugae
1829 773 1893 819 non

1145 859 1349 933 computatur
1372 852 1528 915 monacho
1551 851 1635 914 inter
1663 867 1763 914 annos
1785 866 1894 912 mona-

1145 949 1266 1011 cbatiis.

1186 1059 1214 1103 v.
1238 1042 1325 1104 ldem
1356 1042 1527 1104 dicendum
1556 1047 1604 1102 est
1633 1041 1672 1102 de
1701 1039 1854 1119 apostasii
1879 1056 1895 1100 a

1144 1135 1206 1198 fide
1229 1136 1398 1199 christiani
1420 1136 1473 1198 vel
1495 1134 1646 1196 6611161161
1668 1135 1705 1196 ad
1721 1133 1892 1204 baeresim,

1144 1230 1292 1302 schisma,
1316 1236 1370 1292 aut
1390 1229 1571 1292 infidelium
1593 1234 1723 1298 sectam,
1742 1228 1827 1304 quod
1850 1227 1895 1288 di-

1145 1329 1231 1386 ctum
1260 1332 1308 1386 est
1330 1323 1369 1386 de
1391 1323 1545 1402 apostasii
1567 1339 1583 1383 a
1605 1321 1805 1400 professione
1829 1337 1896 1382 mo-

1144 1417 1272 1480 nastici.
1296 1415 1344 1479 Ab
1360 1433 1397 1479 eo
1413 1425 1521 1478 tamen
1543 1431 1617 1478 casu
1632 1414 1754 1477 absolvi
1770 1414 1893 1491 nequit,

1145 1511 1207 1572 nisi
1229 1512 1266 1573 ab
1288 1510 1455 1574 Ordinario
1479 1515 1694 1588 competente.

1194 1661 1274 1723 Gne.
1298 1660 1349 1721 Xl.
1373 1693 1411 1704 -
1434 1659 1479 1720 De
1500 1656 1841 1722 excommunicatione.

1185 1795 1277 1859 Solus
1306 1797 1400 1858 abbas
1433 1795 1593 1872 generalis
1621 1800 1726 1872 potest
1759 1809 1894 1872 poenam

1145 1889 1485 1953 excommunicationis
1501 1889 1649 1965 infligere
1666 1887 1846 1961 monaclris3
1864 1887 1895 1950 id

1145 1990 1250 2046 tamen
1273 2000 1345 2045 raro
1361 1983 1534 2046 admodum
1550 1983 1612 2051 fiat,
1631 1987 1663 2042 et
1679 1998 1718 2042 ex
1733 1981 1894 2057 urgentis-

1144 2080 1223 2141 sima
1257 2079 1463 2141 necessitate:
1497 2083 1529 2138 61
1561 2076 1665 2155 primo
1694 2075 1825 2152 quidem
1855 2092 1894 2138 ex

1144 2173 1278 2236 consilio
1307 2178 1339 2233 ct
1367 2169 1600 2233 deliberatione
1632 2165 1894 2244 congregationis

1143 2267 1424 2344 hegumenorum3
1442 2263 1595 2331 secundo.
1610 2262 1649 2323 ob
1663 2278 1759 2323 unam
1775 2276 1814 2322 ex
1830 2260 1895 2321 cul-

1144 2361 1191 2438 pis
1208 2359 1417 2437 gravissirnis,
1432 2373 1513 2436 quae
1530 2373 1626 2435 supra
1648 2372 1714 2432 cap.
1729 2372 1771 2414 vr.
1789 2363 1822 2416 61
1837 2371 1893 2414 vn.

1143 2460 1370 2528 recensentur3
1394 2453 1501 2524 tertio,
1519 2457 1591 2529 post
1605 2450 1722 2512 factum
1745 2448 1895 2511 canonice

1143 2564 1330 2629 processum
1354 2553 1386 2608 et
1407 2545 1581 2624 praemissa
1603 2543 1686 2606 trini
1716 2542 1895 2604 monitione

1144 2643 1292 2705 canonica
1325 2657 1397 2703 cum
1431 2641 1526 2702 certis
1555 2637 1753 2708 intervallis,
1783 2643 1895 2714 utpote

1143 2738 1239 2800 unius
1261 2737 1314 2799 vel
1336 2736 1480 2815 plurium
1497 2735 1635 2804 dierum,
1650 2739 1704 2794 aut
1726 2732 1822 2794 etiarn
1838 2731 1894 2793 bo-

1143 2847 1264 2902 rarum,
1288 2831 1313 2892 si
1330 2829 1511 2908 periculum
1528 2827 1569 2888 sit
1584 2828 1616 2888 in
1639 2826 1744 2899 mora3
1768 2831 1893 2901 quarto,

1142 2927 1298 3004 affigenda
1319 2925 1382 2986 erit
1403 2923 1563 2985 sententia
1591 2918 1895 2983 excommunicatio-

1143 3021 1191 3082 nis
1214 3020 1313 3083 cellae
1336 3019 1416 3090 eiua,
1441 3017 1495 3094 qui
1518 3013 1896 3083 excommunicaturam

1954 1811 1971 1854 1
1991 1819 2050 1864 quo,
2070 1809 2128 1866 qui-

1915 1862 1962 1907 bns
1984 1863 2015 1906 116
2034 1863 2127 1916 causis,

1914 1921 1938 1960 61
1950 1915 2080 1970 quomodo
2091 1917 2127 1960 in·

1914 1970 2127 2024 ssigcndaexcom-

1915 2025 2062 2069 munitatio.

1142 3115 1279 3192 legenda
1306 3113 1338 3173 in
1368 3109 1621 3186 congregatione
1647 3105 1920 3177 clenodiorum.

1142 3209 1210 3269 sive
1243 3203 1540 3269 excommunicatus
1568 3215 1720 3278 praesens
1746 3198 1815 3260 sive
1844 3199 1895 3259 ab·

1142 3319 1214 3364 sens
1236 3300 1353 3373 fuerit;
1376 3297 1501 3374 quinto,
1525 3294 1725 3370 vulgandum
1742 3292 1804 3353 erit
1826 3292 1895 3352 eius

1142 3411 1262 3457 nomen
1285 3391 1435 3454 omnibus
1456 3389 1543 3450 illius
1559 3385 1747 3448 monasterii
1770 3392 1801 3447 et
1823 3401 1895 3464 pro·

1142 3491 1264 3553 vinciae
1293 3485 1470 3557 monacbis,
1494 3491 1531 3546 ut
1559 3482 1597 3543 ab
1629 3481 1779 3542 omnibus
1808 3481 1909 3566 dcvi-y

1142 3591 1241 3648 tetur.

1184 3677 1347 3739 Sententia
1368 3689 1447 3735 vero
1464 3668 1804 3734 excommunicationis
1820 3684 1893 3730 con-

1143 3771 1278 3850 cipietur
1300 3770 1333 3830 in
1355 3769 1441 3830 11666
1463 3765 1615 3826 modum:

1185 3865 1249 3944 ligo
1273 3863 1311 3924 Ν.
1336 3859 1432 3924 abbas
1461 3856 1636 3940 generalis,
1667 3854 1778 3918 bobitd
1800 3856 1894 3936 itepo-

1142 3975 1308 4022 6666666
1329 3957 1369 4018 N.
1386 3954 1426 4015 N.
1443 3953 1483 4014 N.
1498 3952 1536 4013 Ν.
1561 3951 1817 4030 corrprepatione,
1839 3969 1894 4030 per

1143 4055 1227 4117 barac
1254 4049 1463 4118 6661661166,
1487 4061 1582 4124 quaro
1605 4045 1639 4105 16
1667 4043 1795 4124 scriptis
1821 4059 1894 4124 pro-

1143 4147 1273 4215 666616,
1291 4142 1485 4207 auctoritate
1502 4139 1559 4200 Dei
1580 4138 1815 4218 ootoipoteotis,
1832 4136 1893 4200 Pa·
1915 4177 1923 4194 .

1144 4241 1203 4303 tris
1225 4244 1254 4302 61
1269 4237 1346 4300 Filii
1361 4241 1391 4297 et
1407 4233 1547 4314 Spiritus
1564 4229 1686 4298 Sancti,
1705 4237 1734 4292 61
1749 4231 1894 4310 66166616

1143 4331 1348 4396 6661666611
1361 4328 1480 4410 fratris
1495 4326 1534 4387 N.
1552 4326 1591 4386 N.
1617 4322 1728 4388 oblate
1743 4323 1894 4386 1161161616

1142 4427 1242 4508 (quod
1264 4425 1359 4488 debet
1382 4422 1514 4485 omnino
1538 4417 1689 4498 exprimi)
1714 4419 1894 4497 11166666-

1143 4519 1340 4582 66666666
1363 4522 1392 4578 61
1409 4532 1469 4596 pro
1492 4509 1894 4576 6666666661661616161

1143 4615 1282 4687 declara·
1294 4619 1324 4674 61
1339 4609 1463 4674 rasitata
1475 4609 1579 4689 ipsam
1591 4605 1760 4669 citandam
1773 4605 1893 4667 116666-

1144 4709 1202 4778 616,
1226 4707 1323 4769 donec
1345 4702 1565 4784 adimpleverit
1587 4700 1668 4778 qaod
1683 4699 1871 4764 6666116166.

1184 4800 1215 4863 Si
1228 4801 1321 4862 abbas
1334 4795 1520 4860 monasterii
1533 4795 1586 4858 vel
1599 4795 1743 4856 visitator
1756 4809 1796 4854 ex
1808 4809 1893 4855 com-

1143 4896 1295 4958 missione
1317 4893 1437 4956 abbatis
1454 4889 1613 4968 generalis
1630 4889 1823 4951 sententiam
1840 4903 1893 4950 ex·

1143 4987 1441 5052 communicationis
1463 4983 1665 5063 pronunciet,
1690 4983 1787 5046 dicat:

1184 5083 1249 5164 ligo
1271 5081 1311 5144 N.
1336 5078 1431 5144 abbas
1452 5077 1641 5141 6666616611
1663 5076 1722 5146 Ν.,
1744 5075 1797 5138 vel
1820 5076 1894 5138 visi-

1143 5182 1229 5240 tator
1250 5173 1439 5237 mortasterii
1460 5178 1514 5234 aut
1533 5171 1719 5252 prouinciae
1740 5169 1804 5239 N..
1827 5187 1893 5248 spe-

1143 5271 1270 5334 cialiter
1293 5267 1330 5332 61
1354 5265 1465 5330 abbate
1493 5264 1636 5344 6666611
1659 5269 1688 5324 61
1709 5262 1892 5344 1666616616

1142 5364 1324 5444 deputatas,
1345 5376 1402 5442 per
1421 5359 1505 5422 baoc
1526 5357 1729 5424 6661661166,
1748 5372 1842 5433 quaro
1858 5355 1892 5416 16

1141 5457 1270 5537 scriptis
1290 5453 1482 5535 pronuncio,
1506 5457 1563 5514 616.

1181 5551 1262 5615 Cum
1286 5549 1347 5612 erit
1358 5548 1584 5618 absolvendae,
1599 5551 1708 5607 utatur
1723 5545 1817 5606 abbas
1830 5543 1892 5605 for-

1141 5644 1239 5718 mula,
1263 5660 1345 5721 quae
1367 5658 1462 5720 supra
1484 5639 1641 5717 descripta
1664 5645 1712 5701 est
1734 5653 1799 5716 cap.
1824 5653 1855 5698 x.

1181 5737 1291 5801 Omnis
1307 5735 1604 5800 excommunicatus
1620 5745 1825 5809 quacumque
1839 5748 1891 5792 ex·

1141 5832 1449 5904 communicatione,
1474 5829 1580 5890 sivea
1606 5843 1727 5889 canone
1756 5825 1825 5886 sive
1853 5825 1891 5888 ab

1141 5928 1284 6000 bomine,
1302 5935 1366 5989 tam
1382 5944 1397 5986 a
1413 5924 1553 6003 praelato
1570 5921 1783 5984 ecclesiastico
1795 5937 1890 5999 quarn

1141 6025 1178 6086 ab
1201 6023 1312 6085 abbate
1342 6017 1503 6098 generali,
1528 6033 1592 6078 non
1619 6015 1820 6093 ingrediatur
1843 6031 1891 6076 ec-

1759 6168 1784 6208 55
