1290 1823
574 191 606 205 ΙΰΙΙ,
618 193 664 205 Fowr.
676 193 696 205 DE
707 193 722 205 1².
734 193 748 205 Pl
761 193 802 205 imus
813 192 824 205 Ι.

409 223 465 239 fideles
479 224 564 243 praecepto
578 223 653 238 audiendi
664 227 687 238 sa-

407 250 415 261 n
427 246 484 262 missae
499 246 593 262 sacrificium
609 246 655 261 liceat
666 246 687 261 la-

407 269 516 289 milibusque
532 269 608 289 operibus
625 269 686 285 incum-

407 316 471 331 caeteris
477 318 531 331 autem
538 316 582 331 iestis
588 316 644 331 diebus
652 316 686 335 qui-

407 343 414 354 e
425 339 459 355 sive
470 339 489 354 ab
501 339 530 354 hac
544 338 633 358 Apostolica
645 339 686 354 Sede

416 362 451 378 sive
462 367 470 378 a
480 362 546 382 synodis
555 362 685 382 provincialibus,

407 386 449 404 anis,
454 386 488 401 sive
494 390 503 401 a
508 385 652 401 consuetudinibus
659 385 685 401 vel

407 412 450 428 nque
456 413 502 424 causa
509 408 616 428 praescriptis.
623 408 686 424 christi-

407 432 501 451 ibligatione
508 432 543 447 sive
552 436 615 447 sacrum
623 433 685 447 tantum

407 455 439 471 sive
445 459 453 470 a
458 455 545 471 servilibus
556 455 631 475 operibus
638 455 685 470 absti-

413 478 514 494 venerabiles
525 478 583 494 iratres
593 478 649 498 aliiqui
660 482 685 494 or-

409 502 462 517 esules
476 501 554 519 adimant.
570 501 685 521 ademptosque

415 525 500 545 prudentia
507 527 524 540 et
530 525 627 540 conscientia
634 525 685 540 decla-

410 552 446 563 ruus
457 550 545 568 praeterea.
553 550 572 563 ut
582 548 648 567 praefati
658 552 685 563 an-

407 572 437 587 lom
449 571 534 591 apostolica
546 571 640 587 auctoritate
651 575 684 587 om-

407 599 412 609 2
426 595 509 610 absolvant
520 595 539 610 ab
553 595 659 614 obligatione.
671 595 684 610 si

409 618 488 633 ieiunandi
497 618 512 633 in
521 618 609 637 pervigiliis
620 618 683 633 dierum

409 641 431 656 sic
437 643 509 660 utsupra
520 640 615 658 ablatorum,
624 641 684 656 adiecta

407 668 441 680 iano
447 664 503 679 ieiunii
511 664 625 683 obligationem
634 666 684 680 trans-

407 687 476 706 singulas
487 689 540 703 sextas
551 687 599 703 terias
607 688 683 703 etsabba-

407 715 425 726 us
438 711 500 726 nomini
512 711 563 726 nostri
574 711 609 726 lesu
617 711 682 729 Christi.

407 736 460 750 tamen
472 734 558 753 ipsisvesci
570 734 616 749 liceat
626 734 683 750 lactici-

407 762 419 773 S.

407 785 421 796 ec
437 781 540 796 concedimus
556 783 604 800 atque
620 781 683 796 manda-

407 806 459 820 rantes
467 808 486 820 ex
495 804 523 820 hac
531 804 593 820 dierum
604 804 682 820 festorum

407 832 424 843 ne
430 828 470 843 nihil
478 828 572 843 innovatum
583 828 645 843 censeri
653 828 682 843 cir-

407 851 426 869 ia,
438 855 478 870 quae
492 851 580 871 respiciunt
593 855 653 866 sacram
665 851 682 866 li>

419 874 489 889 ecclesiis
504 874 604 892 servandam,
616 878 633 889 ac
647 878 682 893 pro-

407 897 486 913 iemoratis
492 897 549 913 diebus
556 899 591 913 tum
597 897 682 913 servitium

411 921 497 936 missarum
505 920 627 938 celebrationes.
634 922 682 940 atque

407 944 480 959 «siasticae
497 943 587 959 functiones
602 945 621 959 ut
636 946 682 959 antea

408 967 477 986 gendae3
489 967 561 986 itemque
576 967 682 982 decernentes

407 994 421 1005 is
432 990 464 1005 vim
476 994 541 1005 omnem
553 990 617 1005 habere.

407 1018 410 1029 i
422 1013 521 1033 pbstamihus
536 1013 626 1033 apostolicis
637 1018 654 1029 ac
665 1014 681 1029 in

408 1041 427 1052 us
438 1036 595 1056 provincialibusque
607 1038 624 1052 ot
634 1041 682 1056 syno-

407 1060 457 1075 nciliis
473 1060 520 1075 editis
535 1060 637 1078 generalibus
655 1060 681 1075 vel

416 1083 558 1099 constitutionibus
569 1085 585 1098 et
596 1083 681 1099 ordinatio-

407 1106 489 1122 raescrtim
497 1106 611 1122 constitutione
618 1108 681 1122 sanctae

412 1130 470 1145 Urbani
487 1129 515 1145 ΡΙ).
533 1129 571 1145 vni.
589 1130 681 1149 praedeces>

408 1153 418 1171 i,
430 1157 470 1172 quae
484 1153 539 1172 incipit
555 1152 636 1170 vniversa.
652 1157 681 1168 nec

407 1180 412 1191 ς
421 1176 499 1196 praelatae
507 1176 575 1195 eiusque
582 1176 680 1191 dioecesium

407 1201 469 1217 mento,
483 1199 605 1214 confirmatione
619 1201 680 1219 aposto-

409 1222 453 1238 uavis
468 1222 544 1237 ssrmitate
558 1221 587 1237 alia
601 1222 680 1237 roboratis

420 1246 572 1264 consuetudinibu53
591 1245 680 1265 privilegiis

407 1269 453 1285 dultis
464 1271 480 1284 et
491 1269 542 1284 literis
553 1269 643 1288 apostolicis
654 1272 679 1284 su-

407 1294 422 1308 et
430 1292 502 1312 personis
513 1292 543 1307 sub
551 1292 680 1311 quibuscumque

407 1318 421 1331 et
437 1316 499 1333 formis,
514 1320 531 1331 ac
544 1319 581 1331 curu
596 1315 679 1334 quibusvis

407 1339 504 1358 gatoriarum
515 1339 626 1358 derogatoriis.
638 1338 679 1353 aliis-

407 1362 464 1380 )ribus,
470 1362 582 1377 efficacissimis
588 1366 605 1377 ac
611 1361 679 1377 insolitis

407 1385 528 1404 ritantibusque
539 1386 555 1400 et
565 1385 600 1400 aliis
610 1384 679 1400 decretis

407 1408 431 1424 vel
443 1408 460 1424 in
471 1408 530 1428 specie.
542 1412 559 1424 ac
569 1408 603 1424 aliis
614 1408 631 1423 in
642 1412 679 1423 con-

407 1431 510 1447 iomodolihet
524 1431 610 1450 concessis,
622 1435 679 1451 appro-

407 1455 465 1473 ovatis;
474 1455 533 1474 quibus
541 1454 616 1470 omnibus
624 1456 640 1470 et
647 1455 678 1470 sin-

407 1482 428 1494 im
443 1480 508 1494 tenores
524 1478 635 1498 praesentibus
650 1481 678 1497 pro

407 1502 480 1517 llcienter
488 1501 568 1521 expressis
576 1505 593 1517 ac
600 1501 620 1516 de
627 1500 678 1516 verbo

415 1525 479 1540 insertis
489 1524 572 1543 habentes,
581 1524 612 1540 illis
620 1524 654 1540 aliis
661 1524 678 1539 in

715 227 744 238 suo
755 223 814 238 robore
829 223 948 242 permansuris,
960 222 979 238 ad
993 223 1088 242 praemisso·

715 250 751 261 rum
763 246 843 264 eflectum,
856 246 884 261 liac
891 246 926 262 viee
937 246 1019 261 dumtaxat
1029 246 1088 266 specia-

715 269 751 284 liter
762 271 778 284 et
789 273 865 288 expresse
877 269 979 288 derogamus.
988 269 1087 288 caeterisque

714 292 778 311 speciali
789 292 873 308 mentione
884 292 937 312 dignis
951 292 1086 312 quibuscumque.

734 315 791 330 Datum
802 315 867 333 Romae,
875 316 916 335 apud
925 315 941 331 S.
950 315 1015 331 Petrum
1023 315 1054 331 sub
1061 320 1087 331 an-

714 338 752 353 nulo
760 338 822 356 Piscat..
835 338 860 354 die
872 343 917 354 xxxi.
930 339 961 354 ian.
970 343 1086 356 uocccxxxiv..

714 361 815 380 pontificatus
826 362 876 377 nostri
888 366 930 377 anno
941 366 966 377 ni.

873 432 925 448 LXlu.

713 478 806 494 Imminutio
816 479 894 499 festorum
904 479 922 494 in
933 479 984 495 variis
991 478 1086 494 dioecesibus

793 502 876 518 American
889 502 1005 518 Meridicnalis.

798 544 909 561 caesonius
921 544 951 561 ΡΡ.
964 544 1000 561 ΧῊ.

772 575 790 591 sd
802 576 887 596 perpetuam
898 575 920 592 rei
935 575 1025 592 memoriam.

732 619 741 637 ἓ
753 619 766 634 l.
778 618 811 634 Etsi
823 620 925 638 praeceptum
938 619 958 634 de
973 618 1085 634 observatione

712 641 791 657 festorum
803 642 897 661 [requenter
908 642 924 657 in
937 642 974 661 lege
988 642 1083 661 reperiatur,

711 666 730 680 ut
741 665 789 680 bomo
798 665 813 680 id
821 665 908 684 diligenter
919 665 995 680 observet
1006 666 1022 680 et
1029 669 1083 680 veram

712 688 785 707 requiem
793 688 857 708 adipisci
865 688 932 706 laboret,
942 688 1047 704 nihilotamen
1055 688 1084 704 mi-

712 715 742 726 nus
748 711 814 726 Romani
823 711 906 727 Pontifices
918 711 1049 731 praedecessores
1056 715 1084 727 no-

711 734 746 752 stri,
758 736 774 750 et
785 738 814 750 nos
828 734 864 754 ipsi,
876 734 903 754 qui
918 738 961 750 nunc
972 734 988 750 in
1002 734 1050 750 torris
1061 735 1084 750 vi-

711 758 769 773 cariam
784 757 844 773 Christi
861 757 933 777 gerimus
950 761 1021 777 operam,
1038 758 1083 773 iustis

711 781 819 800 gravibusque
835 781 886 796 causis
899 781 962 796 adducti
976 780 1016 796 illud
1031 781 1082 800 ipsum

711 804 798 823 temperari
809 806 917 823 opportunum
932 803 1017 823 aliquando
1029 808 1083 819 cense-

711 831 752 842 mus.
765 827 786 842 Ea
798 827 847 845 enim.
856 831 896 846 quae
904 827 922 842 ad
930 827 982 842 maius
993 827 1042 842 divini
1050 827 1083 843 cul-

711 852 736 866 tus
747 851 866 866 incrementum
874 850 971 870 praescripta
981 852 1024 868 sunt.
1032 854 1082 870 quum

710 878 739 893 per
753 874 866 893 frigescentem
882 874 897 889 in
912 874 987 889 cordibus
1001 874 1082 889 caritatem

1104 188 1131 203 An,
1138 190 1154 203 c.
1165 188 1208 203 18³⁴

1108 622 1200 633 Prooemium,

710 897 728 913 ad
740 897 790 913 otium
802 897 915 917 luxuriamque
925 898 1046 915 convertantur,
1056 899 1083 913 aut
1091 894 1097 899 ⁴

710 924 730 936 ex
746 924 802 936 rerum
813 920 832 936 ad
848 920 897 936 vitam
913 920 942 936 sihi
959 920 1082 940 comparandam

710 944 762 963 inopia
769 948 801 959 non
807 944 841 959 siue
847 943 954 959 conscientiae
964 943 1031 959 stimulo
1038 947 1082 963 prae-

710 967 825 984 termittantur.
832 966 881 982 satius
888 966 959 986 protecto
967 971 1002 982 esse
1008 967 1082 982 ducimus

710 990 726 1005 in
736 990 852 1005 sanctificandis
863 990 919 1005 diebus
931 990 975 1005 sestis
986 994 1046 1005 novum
1057 994 1082 1005 or>

710 1013 764 1029 dinem
770 1013 885 1033 praescribere.
891 1013 917 1028 vel
923 1013 982 1028 iamdiu
988 1015 1081 1033 susceptum

709 1037 761 1056 aliqua
772 1041 792 1052 ex
804 1038 848 1056 parte
861 1037 956 1054 immutare.
968 1038 986 1052 ut
997 1040 1025 1056 pro
1037 1040 1055 1052 re
1066 1038 1082 1052 ct

710 1062 788 1080 tempore,
798 1064 826 1080 pro
834 1060 907 1075 locorum
915 1064 932 1075 ac
940 1060 1036 1079 populorum
1044 1064 1081 1075 con-

709 1083 778 1101 ditione,
792 1085 870 1102 quantum
885 1083 920 1098 fleri
933 1085 990 1103 potest,
1002 1083 1081 1102 spirituali

709 1106 798 1122 animarum
813 1106 855 1122 hono
870 1108 886 1122 et
896 1106 939 1122 civili
951 1106 1024 1125 gentium
1038 1110 1081 1122 com-

709 1130 757 1145 modo
768 1129 876 1145 consulamus.

728 1153 738 1171 ἓ
748 1153 763 1168 2.
775 1152 804 1171 Qui
820 1156 899 1168 summam
914 1152 979 1172 imperii
995 1154 1051 1168 tenent
1064 1153 1080 1168 in

708 1176 795 1191 ditionibus
807 1175 822 1191 S.
834 1176 896 1191 loannis
908 1176 927 1191 de
935 1176 985 1195 Cuyo,
995 1176 1080 1192 ldendozae

708 1200 724 1214 et
735 1199 787 1214 Sancti
799 1199 853 1214 Aloisii
865 1199 884 1214 de
896 1199 910 1214 la
921 1199 971 1214 Punta
981 1199 997 1214 in
1007 1199 1081 1215 Amerina

708 1222 813 1240 Meridionali,
821 1222 935 1242 exponendum
943 1224 1020 1238 curarunt
1031 1226 1080 1238 vene-

708 1245 753 1261 rabili
764 1245 809 1261 sratri
824 1246 868 1261 Iusto
881 1246 901 1261 de
912 1245 968 1261 Sancta
983 1245 1030 1261 Maria
1044 1245 1080 1265 Epi-

707 1272 755 1288 scopo
770 1268 893 1286 Thaumaeensi,
907 1270 955 1288 atque
969 1268 1001 1284 illis
1012 1269 1028 1284 in
1044 1272 1080 1288 pro-

707 1292 763 1307 vinciis
775 1291 837 1307 Vicario
847 1292 932 1311 apostolica
938 1292 1031 1307 auctoritate
1039 1292 1080 1307 desi-

708 1317 761 1334 gnato,
773 1319 792 1330 ex
804 1314 895 1334 pluralitate
901 1314 979 1330 festorum
991 1315 1045 1334 gravia
1051 1315 1079 1331 ibi-

707 1338 744 1354 dem
758 1338 774 1353 in
785 1338 882 1357 religionem
897 1340 913 1353 et
924 1342 959 1353 rem
974 1338 1051 1358 privatam
1063 1342 1079 1354 ac

707 1361 786 1381 publicam
798 1361 888 1376 redundare
899 1361 1005 1377 incommoda.
1017 1361 1079 1377 incolae

707 1384 786 1404 siquidem
798 1384 818 1400 ob
829 1384 915 1403 regionum
929 1384 1052 1404 amplitudinem
1063 1387 1079 1400 et

707 1407 810 1423 ecclesiarum
822 1407 912 1423 distantiam
924 1407 958 1423 dies
972 1408 1045 1427 integros
1057 1410 1078 1423 te-

707 1435 743 1446 rere
754 1430 879 1450 compelluntur.
891 1432 909 1446 ut
919 1430 959 1446 festa
970 1431 1077 1449 sanctificenu

707 1454 780 1469 nonnulli
791 1456 845 1469 autem
856 1455 899 1473 capta
914 1453 996 1469 occasione
1010 1454 1078 1473 crapulis

706 1479 723 1493 et
733 1477 838 1493 ebrietatibus
849 1481 866 1492 se
877 1477 964 1495 devovent,
976 1477 1015 1492 adeo
1026 1478 1044 1492 ut
1051 1477 1078 1492 vix

706 1500 744 1520 ipsis
755 1500 837 1520 supersint
849 1501 881 1515 tres
892 1504 911 1515 ex
923 1500 995 1519 quinque
1006 1499 1078 1519 partibus

706 1524 769 1539 dierum
780 1523 823 1541 anui.
835 1523 893 1542 quihus
903 1523 948 1542 operi
959 1527 1036 1538 manuum
1043 1527 1078 1538 sua-

1098 1155 1162 1169 expositio
1169 1158 1200 1170 pre

1089 1171 1123 1180 cum,
