4828 6974
102 2159 287 2206 Prooemium.

85 3803 152 3838 (lim.

929 633 1103 686 enodemus
1124 639 1175 685 PP.
1199 635 1265 686 xvf.

653 755 741 819 LXII.

348 938 533 1004 Imminutio
554 944 710 1023 festorum
732 945 766 1006 in
788 942 921 1006 dioecesi
942 943 1049 1007 Nonne

381 1033 547 1100 Groootoe
567 1037 602 1099 io
624 1038 772 1100 emerico
794 1036 1010 1101 Meridionnli.

326 1215 554 1287 venerabilibus
585 1221 733 1289 iratribus
767 1222 1003 1308 drobiopiooopo
1036 1228 1068 1288 et

366 1311 522 1394 Episcopis
546 1313 675 1398 aliisque
697 1315 855 1382 ordinariis
879 1315 1068 1398 praesulibus

364 1404 607 1566 fliigissr'r'igndovae
629 1405 782 1474 (frenatae
806 1408 984 1474 induerim
1006 1407 1068 1474 lle-

463 1683 684 1753 serenatus
707 1685 924 1754 Evtseorus

524 1869 722 1942 venerabiles
744 1875 869 1954 fraires,

356 1964 484 2031 calorem
507 1969 539 2031 et
560 1967 759 2052 apostolicam
782 1967 1034 2036 benedictionem.

364 2155 433 2230 §h
458 2155 602 2218 heterno
628 2173 740 2219 rerum
769 2157 926 2220 conditori
949 2156 1069 2219 benefi-

324 2248 447 2310 ciorum
470 2250 539 2311 eius
560 2250 810 2312 solemnioribus
839 2250 929 2312 festis
952 2256 984 2312 et
1004 2250 1069 2312 die-

323 2340 383 2402 bus
395 2342 597 2420 praescriptis
610 2342 750 2404 dicamus
763 2357 988 2420 sacramusque
1003 2357 1069 2403 me-

324 2435 472 2507 moriam,
489 2451 531 2497 ne
552 2436 589 2497 ad
611 2435 751 2497 humana
772 2451 919 2514 quaeque
941 2436 1069 2512 negotia

324 2529 467 2591 animum
489 2529 692 2591 continenter
718 2529 923 2590 intendentes
945 2528 1031 2590 illius
1053 2547 1069 2590 a

325 2637 389 2698 quo
411 2637 507 2683 omne
522 2621 614 2684 nobis
630 2622 751 2684 honum
775 2621 909 2692 derivat,
932 2621 1069 2684 volumi·

325 2731 366 2775 ne
393 2720 576 2793 temporum
605 2715 728 2792 ingrata
756 2714 908 2793 subrepat
936 2714 1066 2777 oblivio.

324 2807 403 2868 llinc
419 2823 476 2868 nos
492 2808 547 2885 qui
569 2823 682 2869 arcano
704 2807 830 2869 divinae
849 2807 1069 2886 providentiae

324 2899 458 2962 consilio
480 2901 578 2962 totius
608 2900 753 2962 catholici
783 2900 891 2978 gregis
920 2916 995 2966 cura
1016 2915 1069 2962 ur-

325 3007 452 3068 gemur,
476 3007 606 3054 omnem
628 3009 738 3056 curam
766 3008 961 3071 omnemque
983 2993 1069 3055 solli-

324 3085 500 3148 citudinem
522 3085 674 3148 adbibere
697 3086 852 3148 debemus
867 3086 901 3148 in
917 3087 1069 3165 praescri-

324 3178 437 3240 bendis
459 3178 560 3252 festis
585 3194 761 3256 earumque
783 3180 1010 3253 celebratione,
1027 3181 1069 3241 ita

324 3277 430 3334 tamen
452 3279 489 3332 ut
509 3272 586 3334 dum
608 3271 765 3351 spirituali
787 3272 981 3351 populorum
1008 3274 1069 3335 uti-

323 3363 405 3425 litati
432 3365 663 3443 prospicimus,
694 3366 924 3443 temporalibus
954 3382 1068 3429 eorum

324 3457 566 3519 necessitatibus
578 3465 759 3537 opportune
771 3475 805 3521 ac
816 3459 999 3532 salubriter,
1010 3476 1068 3538 pro

325 3556 509 3628 temporum
532 3557 564 3612 et
585 3551 731 3614 locorum
746 3551 879 3626 ratione,
897 3553 1068 3630 providere

324 3659 487 3706 curemus.

97 3740 234 3796 exposco
253 3751 307 3798 prc-
364 3738 383 3811 ἓ
404 3737 433 3798 2.
458 3737 647 3816 Expositum
663 3737 755 3800 nobis
771 3754 874 3818 nuper
891 3745 939 3800 est
955 3753 1068 3802 eorum

326 3831 471 3902 nomine,
496 3831 551 3908 qui
572 3846 731 3892 summam
754 3832 881 3910 imperii
904 3839 1015 3894 tenent
1035 3833 1068 3894 in

325 3923 463 3995 ditione,
487 3938 582 4000 quam
611 3931 726 3986 vocant
751 3922 873 3986 Novam
901 3925 1068 3988 dranatam

324 4015 358 4076 in
373 4015 519 4078 America
534 4017 744 4090 lleridionali,
762 4033 801 4079 ex
821 4017 989 4096 multiplici
1005 4018 1068 4080 die·

325 4125 398 4170 rum
411 4109 568 4171 festorum
585 4125 723 4172 numero
737 4110 938 4173 incommoda
960 4125 1068 4188 quam·

324 4201 474 4279 plurima,
492 4219 534 4265 ne
555 4202 632 4264 durn
654 4203 687 4265 in
708 4218 820 4264 rerum
842 4203 1068 4281 temporalium

326 4295 569 4367 detrimentum,
583 4295 638 4358 sed
651 4297 684 4357 in
695 4297 836 4374 ipsarum
849 4295 992 4358 fidelium
1005 4297 1070 4358 ani·

325 4402 452 4450 marum
468 4389 644 4466 perniciem
660 4388 791 4451 exoriri.
808 4385 968 4451 lmmensa
982 4391 1068 4466 enim

324 4481 411 4542 illius
433 4482 576 4558 regionis
597 4481 773 4560 amplitudo
792 4488 825 4544 et
846 4497 962 4560 parvus
984 4483 1069 4546 inco-

325 4573 429 4636 larum
445 4590 601 4636 numerus
614 4577 765 4648 efficiunt,
783 4583 819 4637 ut
833 4576 934 4638 maior
948 4577 1069 4653 agrico-

324 4667 427 4728 larum
443 4683 515 4747 pars
527 4665 560 4728 in
572 4668 744 4747 peramplis
760 4668 933 4730 latifundiis
950 4669 1069 4746 disper-

325 4777 357 4821 sa
378 4779 395 4822 a
416 4759 597 4823 civitatibus
620 4768 652 4822 et
673 4761 813 4840 oppidis,
836 4759 892 4822 ubi
918 4761 1069 4824 ecclesiae

324 4855 534 4932 reperiuntur
555 4853 761 4932 parochiales,
779 4853 874 4915 distet
888 4869 983 4930 quam
1006 4871 1069 4916 ma-

325 4945 422 5016 xime,
447 4951 479 5007 et
500 4944 649 5007 nonnulli
671 4943 781 5016 exiis,
805 4945 838 5006 in
861 4945 1068 5024 quibusfrdes

325 5037 515 5114 languescit,
532 5038 569 5098 ab
588 5037 713 5099 itineris
729 5038 913 5100 difficultate
929 5039 1069 5102 distracti

325 5132 362 5192 ad
374 5131 540 5192 ecclesiam
557 5145 757 5207 nequaquam
774 5137 919 5207 pergant,
937 5131 1069 5208 diesque

324 5223 422 5284 festos
452 5224 621 5284 absumant
648 5222 680 5282 in
709 5223 1005 5294 comessationibus,
1036 5225 1068 5286 in

325 5315 531 5394 impudicitiis
562 5323 594 5377 et
618 5315 651 5376 in
680 5314 804 5391 iurgiis,
831 5315 986 5392 equibus
1015 5316 1068 5377 ali-

324 5409 451 5483 quando
473 5413 648 5483 emergunt
668 5407 764 5468 etiam
791 5407 978 5483 homicidia;
1002 5425 1069 5470 cae-

323 5501 385 5562 teri
412 5516 493 5563 reno
521 5500 583 5562 fide
613 5500 788 5572 ferventes
815 5507 851 5560 ut
879 5500 1068 5563 festivitates

323 5593 411 5655 iuxta
423 5592 583 5656 Ecclesiae
598 5599 764 5672 praecepta
779 5593 986 5665 sanctificent,
1001 5593 1068 5654 dies

324 5685 515 5764 impendunt
524 5686 668 5762 integros
678 5684 1067 5762 initinere.Quarequum

324 5775 424 5837 breve
449 5777 525 5854 ipsis
547 5793 605 5855 pro
628 5776 712 5853 agris
735 5776 876 5838 colendis
903 5777 1067 5839 interdum

324 5873 452 5946 tempus
482 5869 636 5946 supersit,
663 5875 747 5930 terra
768 5869 887 5930 inculta
909 5875 1066 5942 remanet,

325 5966 357 6024 et
378 5976 492 6023 eorum
521 5961 658 6022 familiae
680 5961 818 6024 miseriis
845 5968 877 6023 et
905 5963 1067 6024 aerumnis

1126 764 1328 837 premuntur.
1353 758 1388 821 ln
1410 759 1590 822 civitatibus
1612 767 1720 822 autem
1736 766 1769 821 et
1783 759 1869 837 oppi-

1125 853 1183 924 dis
1206 853 1262 914 ubi
1284 853 1477 916 commercio
1500 861 1532 916 et
1550 854 1671 916 artibus
1693 861 1768 916 sunt
1783 853 1868 916 cives

1124 945 1249 1015 addicti,
1268 963 1307 1008 ex
1323 947 1420 1008 nimia
1442 946 1600 1010 festorum
1622 947 1802 1024 frequentia
1818 963 1869 1009 ae·

1125 1037 1174 1098 lus
1189 1037 1356 1115 religionis
1372 1039 1508 1112 vilescit,
1527 1040 1627 1101 otium
1644 1056 1699 1101 eos
1715 1040 1869 1112 sllicitat

1124 1131 1211 1202 iocis,
1235 1133 1513 1204 contentionibus,
1538 1133 1745 1196 ebrietatibus
1768 1139 1801 1195 et
1821 1133 1868 1194 lu-

1124 1224 1225 1285 xuriis
1254 1241 1289 1286 se
1317 1225 1496 1298 devovent,
1520 1225 1562 1286 ita
1583 1232 1620 1286 ut
1647 1226 1699 1288 vel
1722 1244 1738 1287 a
1762 1225 1867 1304 paucis

1125 1318 1192 1380 dies
1207 1318 1281 1380 festi
1294 1318 1382 1380 iuxta
1394 1319 1643 1381 ecclesiasticum
1662 1325 1867 1398 praeceptum

1125 1417 1270 1486 agantur.
1294 1410 1342 1473 hd
1363 1412 1540 1489 perniciosa
1565 1411 1642 1472 haec
1663 1427 1759 1490 porro
1781 1427 1868 1472 scan-

1126 1503 1193 1564 dala
1225 1510 1257 1566 et
1287 1503 1489 1566 incommoda
1518 1504 1732 1582 praecavenda
1765 1504 1867 1566 enixis

1125 1597 1272 1675 precibus
1295 1613 1310 1658 a
1333 1595 1424 1658 nobis
1453 1597 1588 1675 petiere,
1613 1604 1650 1658 ut
1675 1597 1801 1658 dierum
1824 1597 1868 1658 fo-

1124 1695 1249 1751 storum
1264 1705 1437 1752 numerum
1450 1690 1483 1751 in
1498 1689 1697 1752 dioecesibus
1712 1688 1869 1768 praelatae

1125 1784 1265 1857 ditionis,
1276 1801 1370 1862 quam
1383 1785 1504 1848 Novam
1515 1773 1683 1847 'Gradatam
1696 1783 1866 1864 appellant,

1124 1879 1320 1941 imminuere
1341 1878 1491 1940 velimus.

1163 1975 1182 2048 ἓ
1204 1973 1233 2034 3.
1250 1971 1313 2034 Nos
1329 1973 1447 2050 itaque,
1465 1973 1562 2034 rebus
1579 1973 1727 2036 omnibus
1743 1979 1868 2036 mature
1887 1991 1987 2089 §3323
2001 1999 2100 2036 eonces-

1125 2065 1291 2142 perpensis
1313 2065 1597 2144 praedecessorum
1626 2071 1812 2126 nostrorum
1835 2083 1869 2127 ac

1125 2159 1313 2236 praesertim
1327 2157 1381 2220 fel.
1396 2173 1460 2220 rec.
1475 2158 1638 2221 Benedicti
1650 2157 1743 2232 xlv,
1757 2159 1802 2220 Pii
1815 2158 1866 2222 Vl.

1125 2251 1170 2312 Pii
1192 2251 1256 2314 Vll.
1280 2259 1313 2313 et
1333 2251 1449 2314 Leonis
1471 2251 1535 2312 llll.
1556 2252 1774 2314 Romanorum
1790 2253 1868 2315 Pon-

1124 2345 1246 2408 tificum
1274 2344 1419 2422 vestigiis
1442 2345 1659 2418 inhaerentes,
1683 2347 1868 2410 huiusmodi

1125 2438 1272 2516 precibus
1285 2437 1426 2514 benigne
1440 2454 1584 2501 annuero
1600 2439 1865 2512 existimavimus

1125 2532 1339 2593 vehementer
1360 2531 1393 2594 in
1414 2531 1551 2593 Domino
1580 2537 1763 2610 sperantes,
1788 2533 1869 2594 hanc

1126 2625 1355 2686 ecclesiasticae
1378 2623 1562 2702 disciplinae
1576 2623 1807 2686 relaxationem
1822 2641 1868 2686 sa-

1125 2717 1229 2780 lutare
1251 2715 1431 2780 remedium
1454 2723 1603 2779 aeternae
1624 2716 1719 2778 saluti
1745 2732 1869 2795 compa·

1124 2811 1240 2873 randae
1256 2817 1288 2872 et
1303 2811 1460 2872 humanae
1481 2811 1565 2871 vitae
1587 2809 1723 2872 honeste
1744 2815 1869 2872 susten·

1125 2904 1238 2966 tandae
1259 2903 1437 2964 allaturam.
1462 2901 1579 2964 Omnes
1602 2918 1680 2980 ergo
1707 2909 1739 2963 et
1760 2902 1869 2978 singu·

1125 2995 1172 3056 los
1194 2995 1352 3074 praefatae
1368 2995 1496 3057 ditionis
1511 2995 1629 3058 incolas
1649 2996 1800 3074 peculiari
1815 2995 1869 3058 be-

1125 3089 1293 3152 neficentia
1306 3089 1457 3168 prosequi
1471 3090 1618 3152 volentes
1631 3096 1689 3151 eta
1701 3089 1868 3166 quibusvis

1125 3183 1463 3246 excommunicationis
1486 3189 1519 3244 et
1539 3182 1711 3250 interdicti.
1735 3183 1869 3260 aliisque

1125 3276 1345 3339 ecclesiasticis
1360 3276 1516 3348 censuris,
1533 3276 1701 3338 sententiis
1714 3281 1746 3337 et
1758 3276 1868 3354 poenis

1125 3369 1239 3446 quovis
1261 3369 1356 3431 modo
1379 3373 1411 3430 et
1431 3383 1632 3446 quacumque
1654 3369 1693 3430 de
1714 3385 1805 3432 causa
1826 3369 1868 3430 la-

1124 3461 1175 3533 tis,
1189 3463 1215 3522 si
1231 3476 1308 3538 quas
1320 3460 1404 3524 forte
1415 3461 1621 3532 incurrerint,
1636 3461 1732 3522 huius
1744 3467 1868 3522 tantum

1124 3554 1172 3616 rei
1195 3555 1293 3630 gratia
1322 3553 1525 3616 absolventes
1548 3561 1580 3615 et
1607 3553 1768 3615 absolutos
1799 3553 1868 3616 fore

1125 3653 1305 3718 censentes,
1320 3646 1557 3709 venerabilibus
1574 3645 1725 3708 iratribus
1738 3646 1868 3708 Anchie-

1125 3740 1253 3818 piscopo
1276 3747 1308 3801 et
1329 3739 1506 3818 Episcopis,
1536 3739 1671 3816 aliisque
1699 3739 1867 3801 ordinariis

1125 3833 1269 3895 eiusdem
1293 3832 1421 3894 ditionis
1443 3833 1477 3894 in
1498 3831 1644 3894 America
1670 3832 1868 3894 lleridionali

1125 3925 1239 3986 harum
1255 3924 1422 3987 literarum
1435 3926 1469 3986 vi
1488 3925 1719 4004 committimus
1736 3933 1768 3987 et
1781 3941 1868 3987 man·

1125 4019 1247 4090 damus
1264 4025 1311 4090 ut,
1327 4018 1353 4078 si
1369 4019 1412 4080 ita
1433 4034 1468 4080 se
1489 4033 1541 4079 res
1557 4017 1687 4090 habent,
1705 4024 1802 4097 prout
1815 4034 1869 4079 ex-

1125 4111 1256 4188 positae,
1273 4111 1461 4172 auctoritate
1483 4115 1592 4171 nostra
1610 4109 1779 4188 apostolica
1801 4110 1868 4172 dies

1125 4203 1223 4265 festos
1246 4203 1279 4265 in
1300 4203 1417 4280 quibus
1433 4203 1585 4280 obligatio
1599 4219 1724 4265 sacrum
1739 4203 1868 4264 audien-

1126 4298 1168 4370 di,
1193 4303 1254 4359 eta
1276 4297 1448 4360 servilibus
1471 4297 1701 4374 laboriosisque
1718 4297 1868 4375 operibus

1125 4391 1254 4452 vacandi
1284 4389 1425 4451 iniuncta
1453 4396 1512 4462 est,
1543 4388 1741 4461 contrahant,
1766 4396 1798 4451 et
1819 4405 1868 4452 re-

1126 4483 1240 4545 ducanl
1262 4483 1300 4544 ad
1314 4487 1487 4558 sequentes
1508 4489 1644 4555 tantum,
1661 4481 1816 4544 nimirum
1831 4485 1869 4546 ad

1126 4593 1238 4638 omnes
1268 4577 1334 4639 dies
1364 4575 1539 4638 dominicos
1561 4575 1644 4638 inira
1671 4591 1807 4649 annum,
1831 4578 1868 4639 ad

1126 4669 1193 4731 dies
1226 4669 1324 4731 festos
1355 4667 1627 4741 circumcisionis,
1661 4669 1866 4747 Epiphaniae,

1125 4759 1339 4834 ascensionis,
1360 4761 1563 4823 sacratissimi
1585 4761 1735 4840 Corporis
1750 4761 1869 4824 Christi

1126 4863 1158 4915 et
1178 4853 1356 4916 Nativitatis
1378 4855 1504 4915 Domini
1526 4855 1628 4916 nostri
1649 4854 1720 4915 lesu
1736 4855 1867 4930 Christi3

1125 4947 1162 5008 ad
1185 4947 1329 5022 quinque
1350 4946 1429 5008 festa
1450 4947 1560 5008 beatae
1583 4946 1724 5024 Virginis
1754 4949 1868 5010 ldariae

1125 5054 1242 5116 nempe
1263 5039 1504 5112 purificationis,
1529 5038 1799 5113 Annuntiationis,
1814 5041 1869 5102 hs-

1125 5131 1333 5208 sumptionis,
1364 5131 1542 5194 Nativitatis
1572 5139 1603 5194 et
1631 5131 1866 5211 Conceptionis,

1125 5241 1159 5285 ae
1180 5225 1311 5287 demum
1333 5225 1370 5288 ad
1393 5225 1471 5286 festa
1492 5232 1676 5286 sanctorum
1703 5225 1869 5304 Apostolo-

1125 5331 1197 5378 rum
1221 5317 1307 5378 Petri
1329 5323 1361 5378 et
1388 5317 1475 5378 Pauli
1504 5323 1536 5378 et
1560 5315 1710 5378 Omnium
1741 5317 1868 5380 Sancto-

1124 5424 1209 5470 rum.
1233 5409 1306 5470 Dies
1327 5416 1434 5472 autem
1457 5410 1577 5471 dicatus
1597 5411 1712 5472 sanctis
1728 5412 1867 5488 patronis

1124 5502 1378 5580 uniuscuiusque
1410 5503 1603 5580 provinciae,
1637 5509 1690 5564 aut
1719 5505 1866 5576 civitatis,

1124 5594 1177 5655 vel
1200 5595 1306 5673 oppidi
1328 5595 1540 5657 transferatur
1561 5597 1598 5657 ad
1621 5596 1706 5658 diem
1734 5597 1868 5658 domini-

1125 5702 1192 5748 cam
1214 5687 1362 5764 proxime
1383 5695 1590 5764 sequentem,
1615 5687 1675 5749 nisi
1704 5689 1869 5765 contingat

1123 5777 1156 5838 in
1177 5794 1241 5838 una
1263 5795 1303 5839 ex
1326 5779 1501 5840 enunciatis
1524 5779 1612 5840 festis
1632 5779 1744 5842 diebus
1766 5787 1802 5844 ut
1817 5797 1868 5842 su·

1124 5886 1180 5948 pra
1201 5872 1347 5933 servatis.
1371 5871 1406 5932 ln
1423 5872 1473 5933 die
1491 5887 1568 5932 vero
1592 5870 1622 5932 S.
1640 5872 1776 5951 losepho
1797 5875 1868 5936 bea-

1125 5969 1174 6024 tae
1197 5961 1311 6025 llariae
1341 5963 1483 6040 Virginis
1511 5979 1629 6043 sponso
1657 5981 1743 6027 saera
1771 5967 1868 6031 adim-

1810 614 1848 682 91
1899 621 1952 674 An.
1967 622 1996 674 O.
2018 623 2089 676 1834
