4788 6980
290 581 344 636 An.
358 583 389 636 0.
410 583 480 638 test
532 581 590 644 182

814 715 947 780 cxviii.

512 905 664 986 Episcopo
686 901 981 983 Marianopolitano
1003 901 1039 962 in
1058 895 1191 961 Ganada
1206 893 1256 954 ln-

549 997 664 1077 [criori
684 995 833 1066 nunciat,
849 1011 881 1056 sc
899 993 1121 1058 Goadintorera
1137 986 1176 1052 ab
1190 988 1256 1068 ipso

547 1090 683 1171 petitam
703 1088 916 1158 constitnisso,
936 1102 995 1167 pro
1015 1102 1075 1164 qno
1097 1083 1208 1146 literas
1224 1097 1257 1142 a·

547 1182 718 1262 postolicas
740 1181 890 1251 adnectit,
907 1180 995 1258 cique
1016 1183 1045 1240 ct
1070 1173 1257 1240 Goadiatori

550 1274 688 1354 impensa
698 1272 895 1336 commendat
909 1270 1127 1334 Seminarium
1142 1265 1173 1328 S.
1189 1263 1258 1327 Sal-

547 1367 624 1447 pitii
645 1367 773 1445 cinsqnc
793 1366 970 1430 sacerdotes
992 1363 1083 1428 aroldo
1112 1359 1184 1444 fidoi
1206 1374 1258 1422 ca·

552 1460 687 1524 tbolicoc
708 1459 924 1524 boncsncritos.

513 1642 682 1712 venerabili
704 1643 794 1711 tratri
817 1643 917 1710 loanni
935 1641 1043 1709 lacobo
1060 1639 1203 1722 tortique
1220 1635 1258 1702 Ε-

551 1739 677 1900 pgsrcoorp'o
710 1737 979 1821 Marianopolilano
1008 1736 1036 1802 ia
1067 1731 1189 1799 cauata
1216 1731 1258 1797 ln-

684 2015 905 2084 nauseatus
928 2015 989 2082 ΡΡ.
1011 2013 1083 2081 tvl.

726 2203 914 2271 Venerabilis
938 2201 1045 2281 irater,

544 2301 727 2400 salutemet
750 2295 947 2380 apostolicam
974 2292 1224 2360 benedictionem

551 2489 570 2563 ἓ
593 2487 621 2548 l.
644 2485 804 2549 Iucundos
825 2484 917 2548 nobis
932 2483 1067 2546 inerunt
1080 2479 1259 2543 fraternita-

513 2579 552 2642 tis
575 2587 648 2643 luae
673 2579 786 2642 literae
816 2576 1022 2656 Marianopoli
1038 2575 1100 2642 ,die
1127 2591 1180 2636 nv.
1203 2587 1259 2635 no-

512 2674 656 2736 vembris
687 2673 834 2751 scriptae.
868 2670 1015 2734 Vidimus
1048 2669 1134 2732 enim
1163 2681 1259 2744 quam

514 2775 603 2844 grata
618 2783 695 2844 erga
709 2781 767 2828 nos
789 2765 887 2828 animi
903 2765 949 2826 tui
964 2777 1061 2826 sensu
1076 2762 1259 2824 institutum

513 2880 529 2922 a
556 2861 649 2923 nobis
677 2858 995 2937 blarianopolitanum
1022 2855 1256 2934 episcopatum,

514 2960 667 3030 tuamque
680 2953 718 3014 ad
732 2952 826 3013 istam
847 2951 959 3013 sedem
974 2946 1186 3028 episcopalem
1207 2946 1259 3007 de·

512 3047 727 3124 signationem
755 3044 970 3123 prosequaris,
1000 3043 1085 3105 llanc
1109 3055 1188 3102 vero
1210 3055 1259 3101 ec-

513 3139 627 3202 clesiae
649 3137 822 3218 perutilem
838 3137 979 3199 luituram
995 3152 1064 3198 esse
1079 3135 1111 3196 in
1123 3133 1259 3196 Domino

513 3232 727 3295 vehementer
748 3230 950 3293 confidimus.
971 3228 1104 3292 Certum
1119 3233 1259 3306 praeter-

514 3341 550 3388 ea
578 3325 734 3387 habemus
762 3329 794 3386 te
823 3338 946 3386 novum
975 3321 1180 3402 perspicuum
1205 3319 1260 3382 be·

514 3417 717 3480 nevolentiae
739 3423 867 3479 nostrae
882 3421 1111 3493 argumentum
1126 3429 1197 3476 esse
1211 3429 1259 3476 ca·

514 3517 646 3590 pturum
662 3526 702 3574 ex
716 3509 897 3589 apostolicis
918 3508 1036 3572 nostris
1051 3507 1165 3578 literis,
1182 3521 1259 3584 quas

513 3605 589 3668 huic
604 3603 756 3683 epistolae
772 3603 907 3666 adiectas
919 3602 1088 3666 mittimus.
1112 3599 1191 3663 Nam
1206 3617 1260 3662 ex-

515 3699 626 3778 pedire
647 3698 835 3771 iudicantes,
859 3703 891 3759 te
912 3695 1105 3759 candiatore
1126 3711 1192 3757 non
1213 3712 1259 3757 ca·

514 3809 589 3855 rere
610 3807 749 3869 quocum
771 3790 897 3853 labores
918 3803 1076 3865 curasque
1097 3794 1166 3850 tuas
1191 3803 1260 3866 par-

514 3885 569 3946 tiri
589 3885 702 3964 possis,
726 3883 875 3963 precibus
896 3881 960 3944 tuis
982 3881 1153 3943 annuimus
1175 3885 1208 3942 et
1228 3881 1259 3942 id

514 3993 633 4040 munus
645 3978 840 4041 contulimus
855 3975 1012 4038 sacerdoti
1027 3973 1149 4052 lgnatio
1161 3973 1259 4036 Bour-

515 4079 580 4150 get,
608 4072 718 4149 eique,
748 4076 844 4149 prout
871 4067 1016 4148 petebas,
1048 4067 1259 4147 episcopalem

514 4165 797 4228 Tbelmassensem
828 4161 960 4225 titulum
987 4161 1171 4224 tribuimus.
1199 4159 1259 4222 bla-

515 4275 609 4336 gnam
632 4275 711 4322 vero
726 4273 817 4336 spem
832 4255 904 4319 inre
918 4254 1134 4333 concepimus,
1158 4269 1259 4316 sacer-

514 4353 623 4416 dotem
645 4351 748 4424 bunc,
773 4351 829 4428 qui
850 4355 898 4410 tot
926 4363 1025 4410 annos
1046 4347 1079 4409 in
1110 4346 1259 4422 gerendis

515 4445 735 4511 ecclesiasticis
756 4444 848 4505 istius
870 4440 1012 4518 regionis
1025 4439 1162 4516 negotiis
1177 4440 1260 4518 apud

514 4546 547 4602 te
568 4539 742 4600 studiosam
768 4550 899 4614 operam
920 4532 1092 4612 impendit,
1116 4547 1189 4595 cum
1211 4549 1260 4595 re-

515 4630 644 4708 ligionis
673 4629 895 4692 emolumento
924 4641 1062 4689 manere
1087 4625 1148 4688 sibi
1175 4641 1261 4688 com-

515 4723 613 4786 misso
634 4739 705 4784 esse
727 4721 926 4784 functurum.

555 4817 623 4892 52.
654 4815 736 4877 llaec
765 4815 842 4878 dum
870 4813 928 4876 tibi
955 4813 1161 4890 significanda
1190 4829 1260 4876 esse

516 4911 678 4983 duximus,
697 4915 909 4988 opportunam
924 4907 1016 4970 nobis
1032 4906 1168 4970 oblatam
1190 4923 1261 4970 esse

517 5005 716 5068 occasionem
744 5001 944 5073 censuimus,
969 5002 1036 5079 qua'
1051 4999 1124 5073 tibi,
1148 5016 1261 5078 asper

516 5105 548 5160 te
570 5096 745 5159 coadiutori
760 5102 828 5168 tuo,
842 5101 986 5157 mentem
1002 5100 1145 5155 nostram
1157 5093 1197 5155 de
1212 5108 1259 5166 re,

517 5205 598 5269 qnae
612 5189 702 5252 cordi
716 5188 808 5251 nobis
822 5202 1020 5265 magnopere
1042 5192 1100 5259 est,
1117 5187 1262 5250 luculen-

516 5291 567 5348 ter
594 5283 805 5363 aperiremus.
835 5280 1015 5358 Loquimur
1046 5280 1198 5343 videlicet
1222 5281 1262 5344 de

516 5378 578 5439 isto
594 5376 625 5439 S.
643 5375 772 5454 Sulpitii
793 5373 977 5446 seminario,
995 5373 1099 5450 deque
1119 5374 1263 5436 sacerdo-

516 5471 602 5532 tibus
624 5471 662 5532 ad
683 5468 764 5531 illud
786 5466 1039 5547 pertinentibus3
1064 5472 1096 5528 et
1117 5482 1186 5528 eam
1209 5467 1262 5529 do-

517 5581 608 5626 mum
630 5581 664 5626 ac
685 5561 868 5625 sacerdotes
891 5559 1035 5622 eiusdem
1052 5565 1170 5637 quanto
1192 5575 1263 5638 pos-

517 5673 629 5719 sumus
657 5656 764 5718 studio
793 5655 906 5716 tibist
932 5653 1171 5716 successoribus
1200 5653 1263 5714 tuis

1029 592 1095 638 nnn.
1118 589 1210 636 noar.
1234 587 1275 634 nn
1297 587 1327 633 r.
1350 587 1381 632 r.
1404 557 1488 634 nans
1509 587 1532 635 r.

1315 705 1397 767 clara
1425 707 1551 768 merita.
1583 704 1708 770 Scimus
1733 704 1809 767 fidei
1836 702 2009 767 catholicae
2029 702 2063 765 in

1314 799 1449 876 regione
1464 799 1640 862 Canadensi
1661 797 1941 877 amplificationem
1962 811 2063 858 sacer-

1315 891 1427 954 dotum
1450 891 1708 970 Sulpicianorum
1734 890 1897 954 laboribus
1923 889 2063 952 multum

1315 1000 1386 1048 esse
1407 985 1623 1048 tribuendam.
1649 983 1786 1047 Omnem
1808 983 1909 1062 igitur
1923 983 2000 1045 iusti
2014 999 2064 1045 re-

1314 1078 1423 1155 ctique
1443 1078 1603 1141 rationem
1622 1077 1786 1156 postulare
1807 1076 2011 1149 arbitramur,
2027 1081 2065 1139 ut

1315 1168 1414 1233 Sedes
1429 1169 1611 1250 Apostolica
1627 1171 1742 1234 domus
1758 1170 1827 1232 eins
1848 1170 2063 1234 conservatio·

1315 1279 1391 1325 nem
1413 1271 1508 1342 atque
1534 1263 1790 1328 incolumitatem
1817 1263 1930 1326 sedulo
1951 1277 2063 1325 curare

1315 1373 1381 1420 non
1403 1358 1538 1420 omittat.
1561 1356 1665 1432 Quare
1682 1363 1809 1436 gratum
1827 1356 1919 1419 nobis
1935 1373 2064 1435 semper

1315 1449 1462 1512 laturum
1485 1467 1556 1513 esse
1578 1457 1746 1524 testamur,
1771 1450 1927 1530 quidquid
1941 1451 1979 1512 ad
1995 1450 2063 1513 eius

1314 1543 1488 1606 utilitatem
1510 1543 1823 1623 prosperitatemque
1844 1544 2015 1620 conducet;
2031 1549 2064 1604 te

1315 1649 1395 1698 vero
1424 1636 1709 1714 coadiutoremque
1741 1643 1833 1700 tuum
1862 1636 2064 1699 commenda-

1314 1729 1396 1792 tioni
1419 1735 1547 1792 nostrae
1577 1730 1850 1794 obsecundaturos
1879 1746 1950 1793 asse
1975 1737 2063 1792 certo

1315 1824 1446 1885 scimus.
1469 1822 1596 1886 Interea
1611 1823 1669 1886 tibi
1692 1829 1724 1884 et
1739 1822 1977 1886 Thelmessensi
1991 1823 2064 1903 Epi-

1315 1933 1412 1995 scopo
1433 1916 1638 1995 apostolicam
1668 1915 1927 1980 benedictionem
1949 1933 1990 1980 ex
2017 1916 2064 1979 in-·

1314 2010 1395 2072 timo
1415 2008 1520 2072 cordis
1541 2009 1655 2072 auecta
1676 2009 1893 2088 impertimur.

1354 2103 1469 2165 Datum
1490 2102 1610 2164 Romae
1631 2102 1713 2182 apud
1736 2100 1768 2164 S.
1785 2102 1917 2166 Petrum
1933 2103 1992 2166 snb
2011 2119 2064 2165 an-

1315 2196 1394 2258 nulo
1408 2195 1533 2267 Piscat.,
1548 2195 1599 2258 die
1611 2212 1682 2258 x111.
1697 2195 1803 2257 martii
1814 2212 2062 2272 uncccuxxvu„

1315 2291 1518 2368 pontificatus
1540 2289 1642 2351 nostri
1662 2304 1746 2351 anno
1767 2305 1823 2351 vn.

1565 2477 1819 2488 .-.-.-..----

1634 2665 1741 2728 cxlx.

1319 2849 1482 2928 Gaianam
1509 2851 1737 2916 Britannicam
1757 2868 1813 2914 son
1837 2851 2064 2931 Dcmcrorpanc

1355 2943 1496 3024 seianpit
1517 2963 1537 3007 a
1562 2943 1727 3007 Vicoriata
1752 2943 1929 3026 Apostolico
1951 2943 2065 3009 SSritac

1361 3036 1541 3108 Trinitatis,
1557 3037 1707 3116 illamque
1727 3037 1763 3100 in
1784 3054 1901 3101 nouam
1925 3037 2065 3103 Vicaria-

1357 3136 1426 3192 tant
1447 3130 1662 3211 apostolicam
1683 3131 1790 3212 cripit.

1491 3299 1706 3367 ellidollllts
1731 3300 1789 3368 ΡΡ.
1813 3300 1884 3368 xvt.

1437 3422 1473 3488 ad
1496 3427 1669 3504 perpetuam
1695 3421 1738 3488 rei
1761 3423 1943 3490 memoriam.

1356 3597 1404 3660 Ex
1425 3598 1590 3677 pastoralis
1617 3597 1789 3660 ministerii
1814 3613 1952 3662 munere
1974 3600 2065 3662 nobis

1317 3691 1471 3755 divinitus
1500 3692 1675 3755 concrediti
1701 3708 1766 3754 non
1788 3693 1861 3756 leve
1891 3694 1990 3755 totins
2012 3695 2065 3756 do-

1317 3787 1426 3850 minici
1448 3787 1556 3864 gregis
1573 3802 1653 3848 onus
1669 3785 1822 3859 terentes,
1839 3787 1936 3850 nullis
1959 3803 2065 3866 neque

1316 3879 1402 3941 curis
1425 3893 1531 3956 neque
1546 3877 1687 3940 consiliis
1703 3893 1811 3955 neque
1833 3879 1995 3942 laboribus
2009 3897 2065 3942 no-

1316 3971 1365 4034 bis
1395 3973 1591 4051 parcendum
1624 3987 1694 4034 esse
1726 3973 1970 4049 cognoscimus,
2001 3989 2064 4052 quo

1317 4065 1575 4128 christifidelium
1605 4065 1691 4128 bono
1716 4072 1812 4142 atque
1841 4065 1971 4128 utilitati
1997 4068 2066 4144 qui·

1317 4159 1443 4237 busque
1464 4157 1560 4221 rebus
1583 4173 1641 4237 pro
1662 4157 1786 4220 viribus
1807 4159 2004 4222 consulatur.

1356 4254 1375 4328 ἓ
1398 4253 1426 4314 l.
1449 4251 1559 4329 ltaque
1582 4251 1709 4314 eumad
1729 4251 1991 4331 prospiciendum
2006 4253 2064 4315 lle·

1317 4346 1447 4424 ligionis
1468 4345 1640 4409 catholicae
1662 4345 1873 4410 incolumitati
1901 4354 1997 4425 atque
2017 4347 2065 4410 in-

1318 4445 1484 4502 cremento
1498 4439 1532 4502 in
1547 4439 1736 4502 vastissimis
1753 4445 1785 4502 et
1799 4439 1988 4518 longissime
2003 4441 2064 4503 dis-

1317 4532 1386 4594 sitis
1407 4531 1607 4608 regionibus,
1625 4547 1706 4610 quae
1721 4532 1866 4595 districtu
1888 4532 2063 4595 vicariatus

1318 4623 1491 4703 apostolici
1519 4624 1643 4687 insulae
1673 4623 1789 4686 SSuinae
1819 4623 1980 4687 Trinitatis
2006 4641 2064 4688 seu

1317 4717 1480 4781 lndiarum
1502 4713 1753 4780 Occidentalium
1774 4717 1993 4790 continentur,
2010 4734 2065 4780 ne-

1318 4813 1492 4876 cessarium
1511 4827 1643 4890 prorsus
1659 4827 1729 4874 esse
1745 4810 1933 4872 noverimus
1948 4825 2065 4872 noram

1319 4906 1524 4970 ecclesiastici
1555 4905 1722 4982 regiminis
1750 4905 1784 4966 in
1813 4903 1897 4966 tanta
1919 4903 2066 4968 locorum

1318 4999 1529 5079 amplitudine
1557 4997 1762 5076 partitionem
1792 4997 1873 5070 ficri,
1898 4997 1959 5074 qui
1987 4997 2067 5062 laets

1320 5093 1498 5171 expeditior
1514 5097 1546 5154 et
1560 5090 1759 5158 commodior
1781 5091 1894 5153 evadat
1906 5089 2066 5154 Ecclesiae

1319 5185 1550 5248 administratio
1572 5190 1605 5246 et
1625 5184 1819 5263 populorum
1841 5199 1927 5256 cura,
1952 5183 1991 5246 de
2012 5198 2067 5246 re·

1320 5278 1513 5341 nerabilinm
1544 5277 1681 5338 tratrem
1713 5283 1901 5339 nostrorum
1934 5273 2066 5339 Sanctae

1319 5372 1478 5437 Romanae
1499 5369 1660 5432 Ecclesiae
1684 5367 1901 5432 Cardinalium
1928 5369 2065 5446 negotiis

1320 5464 1542 5544 Propagandae
1557 5463 1645 5525 Fidei
1661 5463 1917 5542 praepositorum
1932 5461 2067 5526 consilio

1321 5557 1504 5621 censuimus
1533 5563 1629 5635 atque
1658 5556 1878 5629 decrevimus,
1912 5555 2066 5634 [inionem

1320 5651 1535 5713 Britannicam
1556 5666 1614 5712 seu
1636 5650 1874 5727 Demeraryam,
1899 5663 1980 5726 qnae
1996 5649 2067 5710 bac-

518 5749 791 5814 commendamns.
812 5745 998 5810 Notanobis
1019 5745 1266 5823 vobisquesunt
1322 5749 1416 5806 tenus
1445 5743 1561 5807 Vicarii
1594 5741 1767 5822 apostolici
1797 5741 1921 5804 insulae
1950 5739 2067 5804 SSniiae

518 5843 696 5923 praedictae
719 5843 833 5904 domus
849 5846 881 5902 et
895 5839 1096 5902 sacerdotum
1113 5839 1146 5899 in
1162 5837 1197 5900 et
1212 5838 1265 5901 de-

520 5933 920 6024 gentiaminpropagandt
928 5932 999 5995 istic
1009 5931 1168 6010 religione
1176 5947 1266 6010 prae·

1322 5837 1484 5899 Trinitatis
1512 5835 1725 5898 iurisdictioni
1752 5833 1896 5906 suberat,
1920 5833 1958 5896 ab
1979 5833 2066 5896 illius

1323 5929 1543 5992 iurisdictione
1564 5927 1758 5990 subtractam
1772 5925 1806 5990 in
1822 5925 2017 6008 peculiarem
2032 5941 2067 5992 ac

2092 567 2150 620 An.
2168 565 2206 617 G.
2231 561 2311 614 1837
