4770 6982
101 553 154 604 An.
170 555 200 605 C.
223 552 292 606 1844

929 567 1104 617 annuemus
1125 569 1176 614 PP.
1201 567 1266 615 xvt.

303 711 307 720 ·
323 691 471 752 rumdam
494 707 551 770 per
567 691 758 754 divisionem
781 690 1001 769 amplitudine,
1019 706 1071 750 au-

324 793 440 862 ctoque
463 801 536 846 cum
559 785 753 862 evangelicis
776 784 930 862 operariis
945 783 1072 861 Episco-

323 893 440 956 porum
463 895 611 952 numero,
633 895 731 942 novas
754 878 981 954 distinctasque
998 877 1072 936 mis-

324 973 431 1034 siones
447 973 662 1034 instituamus.
681 973 788 1049 ltaque
805 987 905 1048 quum
921 972 954 1032 in
970 969 1072 1047 ampla

324 1067 420 1126 nimis
450 1067 552 1128 adbuc
584 1067 770 1128 occidentali
793 1067 943 1126 missione
972 1080 1072 1125 66666

324 1161 537 1237 perficiendae
550 1161 698 1222 divisioni
711 1161 817 1222 locum
831 1177 901 1221 esse
914 1175 1073 1235 cognove-

324 1255 436 1325 rimus,
462 1255 588 1332 praevia
607 1255 891 1316 dismembratione
913 1254 1070 1324 locorum,

325 1354 361 1409 ut
381 1348 478 1420 infra,
508 1365 548 1410 ex
575 1349 727 1410 vicariatu
758 1347 962 1418 occidentali,
995 1347 1073 1407 duos

325 1443 492 1504 distinctos
515 1443 684 1504 vicariatus
712 1442 928 1504 instituendos
950 1440 1074 1502 censui-

326 1552 409 1608 mus,
421 1551 561 1612 quorum
574 1535 655 1598 alter
671 1536 885 1606 Melanesiam,
900 1535 980 1596 alter
995 1549 1073 1594 vero

325 1629 546 1691 llicronesiam
569 1629 811 1707 complectatur.

365 1726 384 1798 g
405 1723 434 1784 2.
458 1722 673 1797 Quamobrem
690 1725 729 1785 de
744 1740 842 1785 venn.
861 1725 996 1786 fratrum
1019 1739 1074 1784 no-

325 1825 468 1878 strorum
499 1817 530 1880 S.
558 1818 592 1880 R.
625 1819 659 1878 ll.
691 1818 907 1880 cardinalium
937 1817 1075 1894 negotiis

326 1911 550 1988 Propagandae
559 1912 646 1973 Fidei
660 1912 914 1989 praepositorum
928 1909 1073 1982 consilio,

326 2013 416 2066 niatu
441 2007 569 2084 proprio
585 2022 618 2066 ac
635 2008 757 2066 matura
774 2005 1003 2068 deliberatione
1021 2021 1076 2064 no-

326 2101 406 2172 stra,
437 2101 540 2176 deque
566 2100 755 2177 apostolicae
781 2099 945 2176 potestatis
976 2098 1076 2176 pleni-

327 2195 448 2265 tudine,
472 2194 672 2270 inlrascripta
690 2194 760 2260 ,loca
782 2201 876 2269 atque
899 2192 1017 2252 insulas
1039 2191 1076 2252 ab

327 2287 514 2349 occidentali
537 2287 689 2348 vicariatu
707 2287 838 2348 omnino
854 2286 1027 2348 dividimus
1043 2303 1077 2347 ac

328 2381 609 2451 dismembramus,
627 2395 815 2456 novumque
838 2380 1024 2442 vicariatum
1048 2398 1077 2440 a·

328 2476 519 2555 postolicum
542 2476 574 2536 in
591 2475 761 2536 blelanesid
783 2475 940 2550 erigimus
955 2492 989 2536 ac
1004 2491 1076 2535 con-

328 2570 509 2641 stituimus,
540 2569 774 2645 quaequidem
805 2569 842 2628 ab
872 2568 997 2628 oriente
1019 2568 1077 2629 cir-

328 2665 520 2741 cumscripta
537 2669 584 2724 est
600 2663 684 2724 inter
707 2663 823 2739 gradus
847 2679 942 2724 cxxv.
958 2669 988 2723 et
1004 2679 1074 2722 ccx.

328 2759 555 2834 longitudinis,
579 2757 634 2818 ubi
657 2757 807 2818 centralis
829 2757 939 2817 missio
970 2763 1076 2817 ortum

329 2851 435 2924 babet,
460 2859 492 2914 et
513 2853 550 2912 ad
573 2851 742 2913 meridiem
773 2852 858 2912 inter
888 2851 1005 2912 lineam
1028 2867 1077 2910 ae-

329 2946 557 3022 quinoctialem
580 2951 611 3006 66
641 2946 775 3021 gradum
803 2962 859 3006 xn.
889 2944 1075 3016 latitudinis,

328 3041 366 3101 ad
379 3038 895 3116 eamque,praeteraliasminoris
908 3038 1075 3109 momenti,

329 3134 494 3211 pertinere
517 3133 721 3194 decernimus
740 3132 859 3193 insulas
882 3137 1078 3209 nuncupatas

329 3227 417 3288 Nova
445 3227 577 3297 Guinea,
603 3225 715 3295 Tobia,
743 3225 894 3297 William,
920 3224 1076 3296 Sbouten,

329 3321 488 3397 Waigion,
513 3322 576 3382 duo
599 3319 723 3394 Vesset,
749 3320 932 3390 Timollant,
947 3319 1076 3392 Arriou,

331 3415 506 3487 Amirante,
531 3415 639 3476 Novae
661 3414 861 3482 Hannovera,
879 3414 1031 3474 Hibernia
1046 3431 1080 3474 ac

331 3509 502 3581 Britannia,
517 3509 700 3580 liuixianda,
718 3507 969 3583 Bourgainville,
986 3507 1080 3570 Choi-

331 3603 419 3674 seul,
443 3603 592 3673 lsabella‚
617 3601 839 3673 tintinniacum,
864 3601 1077 3662 Christovald.

332 3697 379 3758 Ad
402 3697 622 3757 blicronesiam
642 3712 732 3766 vero,
750 3696 782 3756 in
798 3711 858 3772 qua
881 3695 1018 3755 alterum
1034 3695 1080 3754 vi-

332 3791 485 3852 cariatum
507 3791 716 3868 apostolicum
734 3790 890 3866 erigimus
913 3795 945 3850 et
966 3789 1080 3849 consti-

333 3885 453 3946 tuimus
475 3885 631 3960 cuiusque
653 3884 772 3946 limites
800 3871 897 3944 erunt
916 3884 953 3944 ad
977 3884 1081 3944 orien-

333 3983 399 4038 tem
423 3979 538 4054 gradus
561 3995 656 4038 cxxv.
680 3978 718 4039 ad
741 3978 939 4039 occidentem
962 3993 1078 4038 ccxxx.

333 4072 553 4150 longitudinis,
564 4073 599 4133 ad
613 4073 868 4150 septentrionem
883 4072 999 4146 gradus
1009 4089 1079 4132 xm.

333 4166 519 4237 latitudinis
539 4172 571 4226 et
591 4167 629 4228 ad
652 4166 821 4227 meridiem
843 4165 1081 4241 aequinoctialis

334 4258 490 4330 circulus,
515 4259 679 4338 pertinere
708 4259 859 4320 volumus
882 4276 916 4318 ac
935 4258 1082 4337 decerni-

333 4368 417 4424 mus,
446 4361 574 4430 praeter
599 4353 674 4414 alias
700 4352 863 4414 interioris
893 4352 1014 4412 ordinis
1036 4352 1082 4412 in-

333 4446 428 4518 sulas,
442 4447 588 4522 integros
603 4446 832 4525 drcbipelagos
847 4446 1080 4518 Carolinarum,

335 4540 482 4602 llarslrali
505 4557 539 4602 ac
560 4540 706 4602 Gilberti.

374 4636 392 4709 ἐ
414 4635 443 4694 3.
468 4634 636 4696 Praeterea
650 4635 803 4697 volumus
818 4653 852 4697 ac
865 4634 1081 4706 decernimus,

335 4735 371 4789 ut
391 4735 528 4804 utraque
545 4729 654 4789 missio
666 4745 723 4790 seu
740 4729 908 4790 vicariatus
925 4745 982 4806 pro
998 4745 1084 4790 nunc

336 4823 372 4884 ab
394 4840 460 4885 uno
483 4825 662 4902 eodemque
675 4824 799 4887 Vicario
822 4823 1004 4903 Apostolica
1027 4841 1083 4900 gu-

335 4917 508 4991 bernetur,
532 4920 715 4996 usquedum
739 4919 960 4997 opportunitas
983 4918 1085 4979 aderit

335 5012 433 5073 alium
457 5029 514 5090 pro
536 5014 637 5074 altero
653 5013 805 5074 vicariatu
828 5011 1013 5074 Antistitem
1036 5029 1084 5074 se-

335 5105 469 5182 ligendi.

376 5203 394 5275 ἓ
416 5201 444 5262 l.
470 5201 586 5264 Curam
604 5219 700 5280 porro
716 5203 849 5280 duplicis
862 5203 996 5264 buiusce
1012 5219 1084 5264 con-

336 5295 447 5368 iuncti,
466 5313 523 5374 pro
536 5313 632 5368 nunc,
646 5296 827 5368 vicariatus,
843 5312 1011 5373 quousque
1027 5312 1084 5374 pro

337 5388 493 5450 alterutro
510 5405 622 5450 eoram
636 5388 728 5450 aliter
740 5395 908 5460 statuatur,
924 5405 1085 5450 commen-

338 5483 472 5544 dandam
507 5483 658 5544 volumus
692 5483 912 5546 benemeritae
944 5483 1085 5544 societati

338 5577 604 5655 presbyterorum
626 5575 660 5636 Β.
679 5577 718 5637 ll.
738 5575 788 5648 tt..
813 5577 863 5637 cui
885 5577 948 5637 iam
964 5583 1086 5638 centra-

339 5671 376 5731 lis
392 5677 424 5732 et
439 5670 642 5732 occidentalis
665 5670 834 5731 missiones
857 5671 996 5732 creditae
1018 5670 1086 5731 iae-

338 5771 425 5837 runt,
443 5781 483 5826 ex
502 5765 683 5840 iisdemque
706 5763 902 5841 presbyteris
925 5763 1085 5826 Vicarium

337 5858 557 5936 Apostolicum
581 5857 766 5935 eligendum
790 5873 860 5919 esse
881 5857 1033 5919 volumus
1053 5874 1087 5917 ac

338 5952 519 6014 statuimus.

1167 689 1185 762 ἓ
1206 688 1235 748 5.
1260 688 1477 750 Decernentes
1493 686 1548 748 bas
1564 687 1672 748 literas
1688 687 1806 756 sirmas,
1824 701 1876 746 va-

1128 782 1205 842 lidas
1222 789 1254 843 et
1269 783 1408 844 efficaces
1432 783 1572 843 existere
1588 788 1619 842 66
1635 780 1713 851 lore,
1736 795 1876 856 suosque

1128 875 1286 952 plenarios
1309 883 1341 937 et
1374 875 1518 951 integros
1548 876 1679 936 etl'eotus
1709 873 1817 934 sortiri
1846 879 1877 933 et

1129 969 1276 1030 obtinere
1299 976 1358 1031 etc.

1168 1065 1281 1124 llatnm
1310 1064 1427 1126 Romae
1455 1064 1537 1140 apud
1569 1063 1600 1124 S.
1627 1063 1754 1124 tlariam
1785 1060 1877 1122 blato-

1129 1175 1196 1218 rem
1221 1159 1280 1219 sub
1299 1158 1417 1219 annulo
1439 1158 1616 1229 Piscatoris,
1644 1158 1694 1218 die
1718 1173 1783 1216 xrx.
1809 1155 1878 1215 iulii

1129 1269 1335 1324 6666666666,
1360 1251 1561 1329 pontificatus
1585 1251 1685 1314 nostri
1711 1266 1794 1311 anno
1812 1266 1875 1310 xrv.

1456 1537 1557 1600 GGLI:

1132 1724 1175 1788 Ab
1197 1727 1349 1790 orientali
1381 1727 1538 1790 06666666
1559 1727 1709 1788 missione
1738 1723 1880 1787 Sandral-

1170 1821 1323 1884 cbtanacm
1341 1821 1586 1901 Arcltipetcpum
1608 1820 1733 1886 diuidit,
1748 1825 1777 1878 ct
1792 1835 1831 1878 666
1847 1834 1879 1877 66

1170 1915 1367 1976 vicariatum
1389 1915 1597 1994 apostolicum
1613 1913 1791 1979 constituit,
1809 1927 1880 1972 666-

1171 2009 1328 2070 creditum
1361 2007 1512 2070 Societati
1535 2007 1697 2068 Satirarum
1730 2005 1880 2067 Cordium

1174 2101 1241 2161 lesu
1264 2107 1293 2162 et
1315 2101 1451 2164 Mariae.

1305 2272 1607 2339 anfractuosae.
1634 2271 1706 2338 xvt.

1252 2396 1288 2461 ad
1312 2401 1487 2478 perpetuam
1510 2397 1553 2460 rei
1577 2395 1759 2460 memoriam.

1173 2573 1332 2634 Pastorale
1363 2573 1501 2634 officium
1530 2573 1668 2650 superna
1697 2571 1752 2631 Dei
1776 2571 1881 2648 provi-

1133 2667 1238 2728 dentia
1269 2667 1413 2727 numeris
1443 2667 1561 2727 nostris
1591 2665 1781 2742 impositum
1802 2664 1879 2725 illud

1134 2761 1285 2836 exquirit,
1299 2769 1335 2822 ut
1345 2760 1410 2820 illis
1427 2760 1595 2836 praecipue
1612 2759 1737 2829 ovibus,
1752 2774 1832 2834 quae
1845 2758 1883 2818 ab

1134 2855 1193 2916 boc
1205 2854 1335 2916 unitatis
1347 2853 1520 2915 catholicae
1531 2860 1643 2916 centro
1656 2853 1783 2914 dissitae
1795 2861 1881 2924 sunt,

1134 2949 1257 3018 maiori,
1282 2963 1342 3024 qua
1365 2949 1535 3026 possimus,
1561 2949 1635 3008 cura
1658 2965 1692 3008 ac
1713 2947 1883 3008 sedulitate

1134 3041 1350 3120 consulamus.

1174 3135 1243 3210 §l
1267 3135 1357 3206 Hinc,
1387 3151 1486 3211 quum
1510 3135 1601 3196 nobis
1629 3135 1822 3207 innotuerit,
1847 3137 1882 3197 ad

1134 3245 1204 3290 rem
1227 3228 1414 3290 catholicam
1440 3229 1473 3289 in
1500 3229 1709 3290 orientalibus
1732 3228 1884 3291 Oceaniae

1134 3321 1322 3398 regionibus
1335 3322 1436 3398 magis
1452 3323 1618 3398 magisque
1631 3325 1883 3400 promovendam

1135 3416 1274 3494 perutile
1291 3416 1423 3476 omnino
1440 3433 1520 3487 esse,
1535 3424 1571 3477 ut
1584 3417 1616 3476 in
1631 3417 1740 3478 eadem
1758 3419 1885 3495 amplis-

1135 3510 1214 3571 simi
1227 3510 1379 3570 missione
1393 3510 1590 3587 presbyteris
1600 3503 1765 3571 Societatis
1778 3511 1885 3598 86666-
1917 3511 1920 3516 ’

1135 3620 1208 3664 rum
1230 3602 1383 3664 Cordium
1407 3602 1476 3662 lesu
1501 3609 1532 3663 et
1555 3603 1668 3663 blariae
1691 3606 1882 3678 concredita,

1136 3697 1262 3775 praeviat
1277 3697 1310 3757 in
1327 3696 1436 3773 plures
1451 3695 1619 3764 divisione,
1638 3713 1699 3758 una
1715 3714 1788 3758 cum
1812 3714 1885 3776 ope-

1136 3789 1227 3851 rariis
1257 3789 1451 3865 evangelicis
1481 3797 1623 3866 pastores
1653 3791 1799 3868 Episcopi
1833 3808 1886 3852 au-

1138 3890 1284 3960 geantur,
1310 3881 1575 3944 Sandvcbianum
1598 3901 1655 3961 pro
1676 3884 1886 3946 666666616-

1137 3978 1286 4056 pelagum
1304 3978 1335 4038 in
1352 3977 1537 4038 distinctum
1553 3977 1743 4040 vicariatum
1758 3979 1886 4055 erigere

1137 4073 1372 4134 constituimus.

1177 4169 1195 4240 5
1216 4166 1245 4227 2.
1269 4166 1495 4239 Quamobrem,
1511 4167 1549 4254 de
1565 4167 1698 4228 consilio
1711 4183 1807 4228 venn.
1826 4167 1886 4228 lra-

1139 4265 1224 4320 trum
1240 4267 1426 4320 nostrorum
1444 4259 1475 4320 S.
1493 4260 1528 4321 R.
1547 4260 1582 4320 E.
1601 4259 1817 4322 Cardinalium
1833 4277 1887 4322 ne-

1138 4353 1236 4430 gociis
1259 4353 1482 4430 Propagandae
1505 4354 1592 4414 Fidei
1616 4354 1884 4432 praepositorum,

1138 4452 1228 4507 motu
1258 4447 1405 4524 proprio,
1437 4453 1522 4508 certa
1544 4448 1674 4509 sciential
1700 4466 1734 4509 ac
1764 4450 1887 4510 matura

1138 4541 1247 4602 nostra
1280 4540 1529 4613 deliberatione,
1565 4543 1668 4620 deque
1698 4542 1887 4619 apostolicae

1139 4636 1303 4712 potestatis
1316 4636 1527 4713 plenitudine,
1540 4635 1815 4698 Sanduicbianum
1830 4652 1887 4714 pro

1139 4747 1224 4792 nunc
1246 4730 1495 4808 alrcbipelagum
1512 4731 1549 4792 ab
1566 4731 1712 4792 orientali
1736 4730 1888 4792 missione

1138 4825 1339 4901 seiungimus
1369 4841 1402 4885 ac
1429 4825 1715 4895 dismembramus,
1748 4839 1888 4900 eumque

1139 4919 1170 4979 in
1194 4919 1379 4980 distinctum
1396 4919 1583 4980 vicariatum
1601 4918 1808 4995 apostolicum
1828 4919 1888 4980 eri·

1140 5012 1246 5087 gimus
1268 5029 1302 5074 ac
1323 5012 1549 5073 coristituimus
1566 5012 1602 5072 ab
1618 5012 1732 5073 iisdem
1756 5013 1886 5090 presby·

1140 5106 1217 5166 teris
1240 5106 1398 5166 societatis
1425 5106 1601 5184 praedictae
1630 5106 1806 5166 curandum
1829 5105 1889 5166 sub

1141 5197 1352 5276 dependentia
1381 5199 1551 5277 peculiaris
1574 5198 1689 5260 Vicarii
1714 5198 1889 5276 Apostolici

1140 5293 1178 5354 ad
1199 5293 1285 5354 illius
1308 5293 1457 5370 regimen
1480 5293 1664 5370 deputandi.

1180 5389 1198 5461 ,ξ
1220 5387 1249 5448 3.
1273 5387 1482 5449 Decernimus
1503 5393 1609 5447 autern
1633 5387 1688 5448 bas
1707 5387 1815 5449 literas
1837 5388 1889 5448 fir-

1141 5497 1218 5553 mas,
1243 5481 1408 5543 validaset
1423 5482 1563 5543 etlicaces
1590 5481 1730 5543 existere
1753 5488 1784 5541 et
1806 5481 1885 5548 lore,

1141 5591 1281 5651 suosque
1294 5576 1453 5653 plenarios
1469 5582 1501 5637 et
1516 5575 1660 5652 integros
1677 5576 1808 5635 allectus
1824 5591 1890 5635 sor-

1143 5669 1192 5729 tiri
1217 5675 1248 5729 et
1272 5669 1435 5741 obtinere,
1467 5670 1571 5745 iisque
1597 5670 1633 5730 ad
1663 5684 1743 5744 quos
1771 5675 1891 5746 spectat

1142 5763 1222 5824 etin
1238 5763 1384 5824 laturum
1400 5763 1564 5841 spectabit,
1581 5763 1764 5840 plenissime
1780 5764 1890 5824 satire-

1143 5857 1221 5934 gari,
1247 5863 1279 5919 et
1299 5857 1337 5918 ab
1360 5857 1508 5919 omnibus
1531 5855 1760 5918 inviolabiliter
1783 5857 1891 5918 obser-

1141 5951 1226 6027 vari,
1251 5951 1359 6028 sicque
1380 5951 1413 6012 in
1436 5950 1618 6030 praemissis
1641 5967 1698 6030 per
1720 5966 1891 6030 quoscum-

1797 547 1856 612 343
1906 553 1959 604 Au.
1976 552 2004 600 t‘.
2028 551 2097 600 1844
