4864 6994
5 2531 6 2534 ,
102 2484 199 2536 nnn.
223 2485 302 2537 1831

704 1103 951 1276 13313
1011 987 1522 1336 1331111311

494 1425 631 1530 DE
678 1429 1437 1544 PROPAGANDA
1482 1442 1730 1550 FIDE

819 1693 1059 1773 PARS
1101 1701 1407 1783 PRIMA

1005 1899 1025 1904 .,.
1031 1899 1174 1907 .-ὴ“-.

902 2191 1191 2276 anteobitus
1221 2198 1320 2276 Χ1ΙΙ.

557 2487 816 2552 consulundo
837 2487 859 2550 l.

338 2679 552 2742 Franciscuru
581 2677 795 2740 Xoereriumn
824 2675 855 2738 S.
880 2676 987 2746 Auno,
1018 2695 1085 2738 erru-

378 2789 440 2834 uus
468 2769 668 2832 missionorii
697 2769 862 2849 apostolici
889 2776 1085 2831 exercentem

379 2863 464 2946 opud
494 2863 556 2925 Vic.
580 2864 686 2942 etpost.
715 2860 864 2938 noncop,
896 2861 1085 2943 Episcopum

378 2959 523 3021 Amnteo.
547 2954 714 3036 31331111).

337 3143 456 3210 ltilecto
478 3141 550 3210 lilio,
563 3140 730 3206 francisco
754 3138 880 3206 11333113
902 3158 920 3206 3
944 3139 977 3206 S.
1001 3143 1084 3208 Anna

378 3235 588 3303 fratrumord.
607 3233 641 3298 Β.
660 3233 698 3298 u.
717 3233 922 3300 31333313
946 3233 1083 3301 carnelo

379 3329 626 3395 Excalceatcrum
656 3332 890 3409 nuncupatorum
918 3327 945 3392 in
968 3329 1083 3411 provin·

379 3424 427 3490 cia
449 3421 589 3504 Bombav,

510 3603 727 3673 enfieontus
752 3605 811 3672 ΡΡ.
837 3603 908 3672 11111.

616 3794 733 3859 Dilecta
756 3793 810 3872 tili,

378 3890 504 3958 salutem
525 3895 557 3954 31
576 3887 772 3972 apostolicam
794 3885 1043 3953 benedictionem.

377 4081 578 4160 Apostolatus
594 4077 744 4151 officium,
759 4078 882 4140 meritis
897 4077 972 4140 licet
985 4077 1083 4155 impa-

337 4173 436 4246 ribus,
460 4172 551 4235 nobis
567 4189 605 4233 eu
621 4171 685 4234 alto
707 4172 924 4244 commissum,
948 4187 1012 4248 quo
1035 4187 1083 4232 33-

337 4267 508 4330 clesiarum
532 4266 676 4327 omnium
692 4264 844 4341 regimini
859 4265 965 4326 divina
981 4251 1083 4342 dispo-

335 4361 452 4422 sitione
474 4359 709 4438 praesidemus,
739 4358 864 4419 utiliter
887 4358 1003 4435 exequi
1032 4357 1083 4418 ad-

335 4453 467 4516 1333313
488 4451 624 4514 11331133
646 4451 821 4528 cupientes,
837 4450 964 4512 solliciti
986 4450 1081 4512 corde

335 4547 504 4610 reddimur
526 4553 559 4608 et
578 4546 723 4618 solertes,
748 4551 794 4616 ut,
825 4561 898 4614 cum
921 4545 960 4606 de
983 4544 1082 4605 eccle-

1139 2509 1230 2556 seous
1250 2513 1347 2575 super
1368 2499 1448 2563 11133
1464 2518 1625 2582 quoquam
1648 2507 1758 2584 quavis
1779 2518 1884 2574 aucto·
1914 2517 2012 2570 11130.
2036 2519 2101 2570 teet

1139 2587 1232 2648 ritate
1259 2591 1398 2653 scienter
1419 2597 1472 2657 vel
1499 2598 1687 2673 ignoranter
1713 2604 1885 2681 contigerit

1140 2684 1298 2743 attentari.
1317 2685 1523 2750 Postmodum
1540 2707 1617 2754 vero
1631 2695 1815 2774 episcopalis
1828 2700 1883 2761 Ec-

1140 2771 1232 2834 clesia
1248 2775 1394 2839 1133133.
1412 2795 1493 2856 quae
1507 2784 1566 2844 sub
1582 2785 1760 2850 Patriarolra
1775 2790 1885 2854 111313-

1139 2866 1331 2944 33131311333
1353 2872 1386 2932 13
1408 2875 1549 2950 partibus
1577 2878 1756 2943 infidelium
1785 2885 1885 2946 consi-

1139 2958 1203 3030 stit,
1228 2963 1330 3024 31331
1353 2980 1426 3026 ven.
1444 2966 1483 3028 fr.
1507 2969 1639 3032 loannes
1661 2973 1817 3038 Antonius
1840 2977 1884 3038 De

1141 3049 1221 3114 Lillo
1236 3053 1371 3117 ultimus
1386 3057 1471 3120 illius
1487 3061 1659 3142 Episcopus
1675 3068 1882 3144 praesidebat,

1140 3159 1198 3220 per
1219 3148 1460 3213 translationem
1484 3155 1579 3232 ipsius
1601 3157 1726 3221 loannis
1754 3160 1885 3223 Antonii

1139 3238 1176 3298 ad
1199 3237 1372 3304 Ecclesiam
1394 3245 1433 3306 de
1455 3245 1587 3310 duceres
1608 3251 1641 3312 in
1662 3251 1757 3315 Indiis
1772 3255 1884 3318 solatio

1139 3331 1275 3394 Pastoris
1298 3336 1457 3410 destituta,
1482 3357 1538 3402 nos
1560 3344 1597 3405 ad
1620 3345 1763 3408 eiusdem
1786 3349 1885 3411 eccle-

1138 3423 1212 3497 siae,
1230 3427 1269 3487 de
1285 3430 1374 3492 cuius
1397 3434 1559 3496 333311333
1575 3437 1695 3498 3313133
1717 3439 1781 3501 fide
1796 3441 1884 3518 digni

1139 3515 1288 3582 fecerunt
1309 3539 1365 3584 uos
1387 3527 1571 3600 certiorem,
1596 3531 1813 3606 provisionem
1836 3551 1885 3596 ce-

1138 3608 1241 3672 lerem
1263 3620 1358 3690 atque
1380 3616 1518 3692 felicem,
1543 3621 1656 3698 inqua
1677 3640 1774 3686 nemo
1797 3643 1885 3704 prae-

1138 3707 1189 3764 ter
1208 3721 1265 3766 nos
1282 3723 1316 3768 se
1333 3711 1438 3786 potuit
1451 3729 1506 3772 seu
1520 3716 1638 3790 poterit
1652 3717 1881 3792 intromittere,

1139 3800 1357 3863 reservatione
1380 3821 1413 3865 ac
1435 3805 1564 3867 decreto
1586 3808 1812 3874 obsistentibus
1833 3830 1884 3874 su-

1139 3893 1296 3969 pradictis,
1311 3896 1417 3957 ncilla
1432 3897 1546 3975 longae
1561 3903 1732 3965 vacationis
1747 3922 1883 3983 expona-

1139 3991 1191 4046 tur
1203 3986 1423 4062 incommodis,
1438 3999 1571 4070 paterno
1583 4012 1617 4056 ac
1630 3996 1767 4059 sollicito
1778 4001 1883 4062 studio

1138 4078 1354 4154 intendentes,
1385 4091 1455 4161 post
1481 4086 1758 4162 deliberationem,
1788 4107 1883 4169 quam

1138 4171 1177 4233 de
1200 4175 1413 4250 praeficiendo
1429 4179 1533 4241 eidem
1549 4182 1699 4244 ecclesiae
1715 4200 1883 4262 personam

1137 4265 1251 4328 utilem
1274 4275 1306 4329 31
1331 4268 1525 4334 fructuosam
1556 4290 1724 4338 3331333.
1749 4277 1883 4340 fratibus

1138 4361 1255 4421 nostris
1271 4359 1301 4422 S.
1319 4361 1354 4423 ll.
1369 4363 1404 4423 E.
1423 4362 1640 4428 cardinalibus
1658 4370 1794 4445 negotiis
1809 4371 1883 4434 Pro-

1137 4455 1298 4530 pagaudae
1320 4453 1408 4517 Fidei
1435 4459 1620 4536 praepositis
1642 4461 1811 4524 habuimus
1839 4465 1882 4526 di-

1137 4545 1304 4623 ligentem,
1329 4550 1459 4611 demum
1481 4552 1517 4612 ad
1543 4560 1583 4624 te,
1598 4555 1652 4629 qui
1675 4571 1714 4616 eu
1736 4556 1882 4634 legitimo

335 4641 456 4703 siarum
478 4640 618 4718 ipsarum
640 4638 854 4716 regiminibus
876 4639 982 4715 agitur
997 4653 1082 4699 com·
1134 4641 1341 4704 matrimonio
1364 4653 1547 4721 procreatus
1569 4651 1601 4707 et
1621 4647 1654 4707 in
1670 4655 1771 4710 aetate
1787 4652 1881 4712 etiam

335 4733 510 4805 mittendis,
536 4732 613 4794 tales
636 4731 680 4794 313
695 4732 728 4792 13
743 4731 886 4792 Pastores
908 4731 1081 4808 praeficere

333 4827 530 4898 studeamus,
555 4827 610 4902 qui
632 4825 787 4903 populum
808 4840 883 4886 suae
906 4839 1082 4886 33133313-

335 4920 439 4982 ditum
468 4920 568 4982 sciant
589 4935 654 4980 333
675 4918 780 4979 331313
808 4917 951 4978 doctrina
976 4917 1079 4990 verbi,

335 5015 392 5076 sed
408 5014 502 5075 etiam
519 5011 758 5089 exemplabant
774 5011 878 5093 operis
893 5010 1079 5082 informare,

336 5108 583 5184 commissasque
608 5106 667 5168 sibi
690 5107 838 5169 ecclesias
868 5107 901 5169 in
926 5114 1081 5187 3131333-

335 5201 425 5262 311133
448 5208 480 5262 31
501 5202 676 5278 tranquillo
697 5200 800 5262 velint
822 5207 855 5262 et
876 5201 1082 5272 331333133-

335 5299 423 5356 31333
446 5293 593 5367 Domino,
611 5294 783 5356 salubriter
804 5310 920 5370 regere
936 5293 1081 5356 31131131-

225 5383 228 5390 '
333 5393 386 5449 ter
408 5388 600 5466 gubernare.

97 5487 243 5538 Eleetlonts
254 5502 316 5539 con·

90 5545 216 5594 ditiones.

375 5482 394 5557 5
417 5481 444 5543 l.
468 5481 596 5544 Dudum
617 5482 777 5560 siquidem
793 5481 1010 5561 provisionem
1033 5499 1082 5545 ec-

335 5573 505 5638 clesiarum
523 5575 669 5637 omnium
684 5592 769 5637 nunc
781 5576 972 5648 3333311331,
987 5591 1081 5653 quae-

334 5668 460 5745 quein
488 5674 654 5746 posterum
682 5675 860 5742 vacaturae,
889 5670 1081 5732 ordinationi

334 5777 370 5823 33
391 5761 566 5840 provisioni
594 5770 723 5825 nostrae
750 5763 1003 5836 reservavimus,
1029 5764 1081 5826 de-

334 5863 515 5930 cernentes,
540 5873 581 5920 311
609 5863 685 5920 1333
711 5857 842 5920 irritum
872 5863 904 5920 et
924 5859 1029 5933 inane,
1054 5859 1080 5920 31

375 6067 403 6126 ll)
418 6068 456 6114 ltx
469 6067 532 6126 Reg.
548 6068 672 6116 Brevium
685 6067 735 6116 vol.
752 6071 801 6128 1v.,
815 6083 839 6130 p.
854 6074 888 6119 ⁵0.

1136 4733 1280 4811 legitima
1301 4737 1493 4798 constitutus
1516 4739 1636 4812 existis,
1651 4741 1771 4820 quique
1792 4743 1883 4806 Insti-

1138 4833 1243 4890 tutum
1265 4829 1401 4891 fratrum
1430 4829 1503 4892 Ord.
1528 4832 1562 4893 B.
1587 4832 1625 4893 ll.
1651 4833 1688 4895 ll.
1713 4836 1752 4896 de
1775 4835 1881 4899 llonte

1136 4919 1284 4983 Carnuelo
1313 4923 1527 4986 Excalceatus.
1558 4935 1729 5006 nuncupat.
1754 4945 1787 4990 es
1810 4946 1882 5008 prc-

1137 5013 1239 5076 fessus
1267 5033 1301 5078 ac
1329 5017 1473 5095 pluribus
1506 5019 1619 5082 abbino
1647 5022 1738 5082 anuis
1767 5039 1881 5101 magna

1136 5123 1209 5171 cum
1239 5108 1333 5170 laude
1361 5112 1442 5188 apud
1472 5109 1632 5174 1113311133
1663 5111 1880 5192 apostolicum

1137 5201 1277 5280 Bombay
1299 5203 1489 5266 missionarii
1511 5207 1673 5283 apostolici
1695 5223 1812 5271 munus
1828 5227 1881 5287 ge·

1136 5295 1196 5368 ris,
1221 5295 1310 5358 33133
1339 5299 1421 5374 apud
1447 5314 1503 5360 uos
1532 5300 1570 5361 de
1592 5301 1675 5361 vitae
1705 5303 1878 5374 munditia,

1137 5404 1266 5452 morum
1288 5389 1466 5464 honestate,
1484 5392 1588 5468 deque
1609 5393 1714 5455 studio
1736 5395 1769 5456 in
1790 5395 1880 5460 (11131-

1136 5483 1255 5544 stianae
1277 5481 1451 5559 Religionis
1467 5492 1499 5546 et
1513 5485 1683 5548 catholicae
1707 5487 1780 5573 fidei
1796 5489 1878 5561 zelo,

1137 5593 1170 5637 ac
1191 5577 1405 5654 spiritualium
1434 5579 1634 5658 providentia
1663 5587 1695 5642 et
1722 5588 1880 5659 tempora-

1136 5669 1216 5731 lium
1238 5671 1523 5750 circumspectione
1545 5673 1607 5738 bde
1622 5674 1717 5750 digna
1739 5676 1880 5737 testimo·

1136 5763 1186 5824 uia
1216 5763 1445 5841 perhibentur,
1476 5766 1583 5828 oculos
1613 5768 1729 5828 mentis
1753 5775 1880 5832 nostrae

1135 5857 1322 5920 direximus.
1346 5859 1400 5920 His
1423 5860 1571 5922 omnibus
1597 5867 1723 5925 mature
1746 5879 1880 5944 perpen-
