1290 1823
565 180 598 193 lun.
610 181 655 193 rom.
667 181 687 193 m!
698 182 713 193 ι».
725 182 740 193 1³⁴
752 182 794 193 runs
804 182 815 194 1.

353 215 394 230 quae
401 210 440 227 sacri
446 215 515 227 canones
523 213 539 227 et
544 212 622 231 cuiusque
630 215 677 230 regu-

353 234 421 250 instituti
435 235 557 250 constitutiones
571 235 676 254 praecipiunt.

362 258 375 273 si
385 262 431 273 secus
442 260 495 273 actum
510 258 564 276 fuerit,
578 262 595 273 ea
607 258 650 273 nulla
662 260 678 274 et

351 284 398 300 quam
405 281 456 297 valida
463 281 491 296 tibi
499 281 592 297 declaranda
601 283 654 299 9111111,
661 283 677 297 et

351 308 415 319 crorum
428 308 507 320 canonum
521 306 569 324 atque
583 304 677 320 earumdem

350 327 436 343 itutionum
453 332 526 343 normam
544 328 643 345 reducenda,
661 330 677 343 et

350 351 397 366 ertim
409 351 452 367 iuxta
465 351 548 367 decretum
559 356 567 367 a
577 353 677 367 sacrosancto

350 374 375 389 llio
386 374 480 389 Tridentino
489 374 551 390 editum
558 374 630 390 sessione
638 378 675 390 xxv.

361 401 400 413 vero
414 397 433 413 ad
445 398 523 413 moniales
537 398 615 417 pertinet,
631 398 676 413 volu-

358 423 379 438 te,
390 421 407 436 in
418 421 458 439 illas,
468 425 509 440 111119
520 425 528 436 1
539 421 639 440 regularibus
650 425 676 437 su-

350 444 395 460 rihus
410 444 489 464 pendent,
507 445 555 460 huius
571 444 676 464 delegationis

350 468 427 483 «ostolicae
441 468 536 483 visitationis
549 468 675 483 iurisdictionem

350 491 364 506 iu
376 495 461 509 exercere,
476 491 552 510 quamdiu
567 491 600 511 ipsa
614 493 676 511 aposto-

350 514 427 533 ielcgatio
441 516 457 529 et
469 514 537 529 visitatio
552 514 623 533 durabit3
639 519 675 530 111111

350 541 360 555 1,
367 541 407 556 quae
415 537 494 553 ordinaria
500 537 615 557 Episcoporuin
623 540 675 553 aucto-

363 562 449 579 reguntur,
461 561 513 576 omnis
528 563 553 576 tua
565 561 629 576 facultas
641 563 675 577 tum

350 587 373 599 1111
384 584 456 601 cessabit,
468 588 505 599 cum
516 585 590 604 proprius
598 584 675 600 dioecesis

350 611 389 627 opus
400 607 418 623 ah
430 607 458 623 hac
470 607 560 627 Apostolica
574 607 615 623 Sede
629 612 675 623 cano-

350 630 397 646 luerit
407 631 495 646 institutus,

353 665 356 668 .
369 653 389 669 Ut
399 656 458 672 autem,
467 654 563 670 venerabilis
571 654 626 673 frater,
634 655 675 670 salu-

352 677 403 696 possis
413 677 489 693 adhihere
497 678 567 693 remedia
575 678 625 695 malis,
634 682 675 697 quae

354 700 438 719 regulares
449 701 537 718 inveneris,
546 701 574 716 tibi
585 701 641 716 eadem
648 706 675 717 au-

351 725 375 738 ate
386 725 440 739 nostra
450 724 535 743 apostolica
545 726 639 743 potestatem
648 725 675 740 tri>

350 750 372 764 us,
384 750 415 765 qua
426 747 509 766 regulares
523 747 631 766 professiones
642 752 674 763 non

350 770 415 787 emissas.
427 770 514 786 electiones
524 774 532 785 a
544 770 673 789 provincialibus,

352 797 403 812 usque
414 793 486 809 coenobii
497 797 526 808 seu
534 793 578 808 domi
585 794 675 809 moderato-

350 828 352 834 ,
361 820 393 832 111111
401 816 473 835 legitime
483 816 530 832 iactas
537 817 628 834 confirmes,
637 817 674 832 mis-

350 844 355 855 1
372 843 420 855 onera
433 840 480 855 etiam
495 840 593 855 manualium
608 840 674 856 minime

352 864 366 878 ta
378 867 406 882 per
416 863 549 878 condonationem
561 867 589 878 seu
597 864 675 883 composi>

350 890 368 904 11,
376 888 424 906 prout
431 886 482 905 magis
493 886 509 901 in
519 886 587 901 Domino
598 887 674 906 expedire

351 909 388 928 9115,
397 909 474 927 remittas.
486 914 503 925 ac
512 909 558 925 iustis
566 910 674 929 gravibusque

350 933 384 949 isis.
391 933 442 952 iisque
451 933 587 952 permanentibus„
596 933 674 953 cuiusque

352 956 383 975 gati
398 958 414 971 et
429 956 535 975 cappellaniae
551 960 600 971 onera
615 956 674 972 futuris

350 979 406 997 uibus,
417 981 481 995 servato
492 979 540 995 modo
548 981 565 995 et
572 979 622 995 {orma
630 984 637 995 a
646 980 672 995 fel.

350 1002 430 1018 3enedicto
438 1002 478 1018 XIV.
487 1003 610 1022 praedecessore
618 1005 674 1018 nostro

350 1029 374 1041 3re
381 1026 401 1041 de
409 1025 474 1045 Synodo
480 1026 575 1041 Dioecesana
583 1026 624 1042 libro
630 1030 672 1044 xiii..

350 1049 369 1064 110
380 1053 427 1064 xxiii.
439 1049 501 1067 tradita,
516 1049 582 1064 reducas
593 1051 609 1065 et
621 1049 673 1065 immi-

350 1074 398 1091 avque
409 1076 417 1087 a
428 1072 500 1087 censuris
510 1072 588 1090 absolvas,
600 1076 639 1091 quas
648 1077 673 1088 re-

350 1099 364 1111 95
375 1095 395 1110 ob
406 1095 439 1115 ipsa
450 1095 535 1110 missarum
551 1099 598 1111 onera
612 1098 673 1111 contra-

350 1120 359 1136 t,
371 1119 443 1138 itemque
454 1122 482 1134 eos
493 1123 501 1133 a
511 1119 583 1137 censuris
591 1119 672 1138 expedias,

351 1146 358 1157 s
369 1142 439 1157 devincti
450 1142 510 1157 fuerint
522 1143 557 1157 tum
568 1142 581 1157 si
592 1142 672 1160 donarint,

350 1165 408 1183 derint,
420 1165 532 1184 permutarint,
544 1166 560 1180 et
571 1169 673 1184 quocumque

359 1192 385 1204 res
396 1188 414 1204 ad
426 1188 509 1208 regulares
524 1188 580 1204 domos
594 1188 619 1204 vel
631 1189 672 1208 ipsos

350 1216 384 1227 osos
399 1212 498 1231 pertinentes
511 1212 601 1229 alienarint.
617 1213 648 1227 tarn
659 1212 672 1227 si

350 1235 385 1250 11101
396 1235 431 1250 labe
442 1235 496 1250 infecti
508 1235 573 1252 fuerint.
585 1235 611 1250 vel
622 1235 638 1250 in
646 1239 672 1250 su-

350 1258 390 1274 ·ibus
405 1258 489 1277 eligendis,
503 1258 530 1273 vel
545 1258 560 1273 in
575 1258 609 1273 aliis
623 1258 672 1274 rebus

350 1281 400 1297 endis.
413 1281 436 1296 Ex
447 1281 505 1300 quihus
516 1281 581 1300 quidem
591 1281 671 1299 omnibus,

351 1305 397 1320 abilis
408 1304 463 1322 frater,
475 1304 547 1324 profecto
558 1304 635 1323 intelligis
643 1304 672 1319 liu-

350 1328 368 1343 rdi
380 1328 492 1347 gravissimum
503 1331 541 1343 sane
555 1331 613 1343 munus
625 1328 653 1343 tibi
664 1332 672 1343 a

356 1355 374 1366 ea
385 1352 440 1366 mente
454 1352 471 1366 et
484 1350 550 1366 consilio
561 1351 672 1366 concreditum

350 1386 353 1392 ,
360 1376 378 1390 ut
385 1374 515 1390 commemoratis
523 1374 539 1389 in
546 1374 640 1393 regionibus
647 1378 672 1390 re-

350 1402 372 1413 1111
383 1397 482 1417 disciplinam
489 1397 574 1415 instaures.
583 1397 672 1417 damnaque

350 1427 357 1438 l.
366 1421 379 1436 si
390 1425 431 1440 quae
442 1421 543 1440 irrepserint,
552 1425 580 1440 pro
588 1421 649 1436 viribus
657 1425 671 1436 a-

350 1444 377 1459 nda
388 1448 441 1459 cures.
453 1444 485 1459 Hoc
495 1447 534 1459 vero
542 1447 574 1463 quo
582 1443 642 1459 facilius
650 1446 671 1459 at-

350 1467 441 1483 ommodius
452 1467 528 1486 consequi
538 1467 594 1486 possis,
604 1469 671 1486 potesta-

350 1490 370 1506 ibi
382 1490 447 1506 facimus
459 1490 529 1510 eligendi
537 1490 580 1506 viros
587 1490 671 1509 religiosos

350 1518 363 1529 m
374 1514 458 1534 probitate,
470 1513 547 1531 doctrina,
559 1513 644 1533 prudentia
655 1515 671 1529 et

706 216 761 227 rerum
769 212 878 231 gerendarum
885 212 941 232 peritia
949 213 1033 231 spectatos,
1040 215 1079 231 quo·

705 239 742 251 rum
753 236 811 251 vicaria
821 235 871 251 utaris
882 239 930 255 opera
941 235 967 251 vel
977 235 993 250 in
1004 235 1079 251 omnibus

705 259 777 278 agendis.
790 259 815 274 vel
829 258 858 274 alia
872 260 934 274 tantum
949 259 965 274 in
977 263 994 274 re
1009 259 1079 277 gerenda

705 282 747 301 apud
757 286 783 297 eas
792 282 875 301 regulares
883 282 939 297 domos
947 286 975 297 seu
984 284 1077 299 conventus,

705 308 737 324 11110
748 305 820 320 locorum
832 305 955 324 longinquitate,
967 305 1019 320 aliove
1029 305 1079 324 impe-

705 328 782 346 dimento.
795 330 817 346 tu,
830 328 926 344 venerabilis
941 328 995 346 frater,
1009 332 1078 348 pergere

705 352 771 367 minime
782 352 847 371 poteris.
860 351 894 367 Tibi
910 352 960 371 igitur
971 351 994 367 ias
1005 352 1036 367 erit
1046 353 1078 367 tam

705 377 761 394 perte,
768 379 815 394 quam
823 379 852 395 per
860 375 925 390 eosdem
933 375 1006 393 vicarios,
1013 375 1078 390 visitare

705 402 741 414 cum
749 398 765 414 in
773 398 887 418 spiritualibus,
896 400 930 414 tum
938 398 955 413 in
963 398 1078 417 temporalibus

705 426 733 437 seu
745 422 851 437 oeconomicis
863 422 916 437 omnia
927 423 943 437 et
950 421 1013 440 singula
1021 425 1078 436 coeno-

705 445 734 463 bia,
746 447 841 463 conventus,
853 445 955 462 monasteria,
965 444 1038 464 hospitia,
1047 444 1078 459 col-

705 468 754 487 legia,
770 472 833 483 eremos
848 470 864 483 et
878 471 987 487 quascumque
1000 467 1038 483 alias
1051 468 1077 483 do-

704 495 739 507 mos
750 491 828 511 cuiusque
839 491 918 510 regularis
928 491 1004 508 instituti.
1013 491 1077 510 quaein

704 514 792 530 Peruviana
801 514 862 530 ditione
869 514 946 530 existunt.
955 514 1043 529 Facultates
1050 518 1077 529 ve-

704 542 728 555 ro.
740 538 759 553 de
770 538 828 557 quibus
840 538 892 553 habita
903 537 964 553 mentio
975 539 1004 555 est,
1017 537 1077 557 poteris

704 561 730 576 vel
741 565 770 581 per
780 563 796 576 te
807 561 858 580 ipsum
870 564 952 578 exercere,
961 560 987 576 vel
999 564 1025 576 eas
1033 565 1077 580 prae-

705 584 739 599 fatis
750 584 813 600 vicariis
820 584 900 602 conferre,
909 588 946 599 cum
953 584 970 599 in
977 584 1046 603 singulis
1053 588 1077 599 ca-

704 607 753 625 sibus.
765 608 781 623 in
793 607 851 627 quibus
859 611 898 627 opus
906 607 961 625 tuerit,
969 609 1004 623 tum
1012 607 1077 623 univer-

704 631 740 649 sim,
752 631 797 646 brevi
807 633 860 647 tamen
869 631 945 650 temporis
953 631 1009 650 spatio.
1018 632 1046 646 tuo
1053 634 1077 646 ar-

704 654 752 670 bitrio
761 654 875 674 praesumendo.
884 654 900 669 ld
909 655 962 669 tamen
970 658 988 669 ea
996 654 1032 673 iege
1040 657 1076 669 con-

704 682 767 693 cessum
781 678 862 695 volumus²
876 679 894 693 ut
907 677 938 697 ipsi
952 677 1006 692 vicarii
1022 677 1041 692 de
1052 681 1077 692 ea>

704 701 778 717 rumdem
784 701 877 717 facultatum
884 705 915 716 usu
922 701 1002 716 rationem
1008 700 1076 716 reddere

704 724 732 739 tibi
743 724 816 741 debeant.
828 724 876 743 idque
887 724 993 743 delegationis
1004 728 1032 739 seu
1040 728 1076 743 apo-

703 747 768 762 stolicae
780 747 875 762 visitationis
888 747 926 762 actis
941 747 972 762 erit
982 747 1076 766 consignan-

703 770 747 786 dum.
759 770 838 786 Volumus
850 772 913 788 autem,
929 772 944 785 te
956 772 1025 789 tuosque
1036 770 1076 785 vica-

703 794 735 809 rios
746 797 775 809 ssu
785 793 898 813 subdelegatos
907 793 923 808 in
934 793 1027 809 huiusmodi
1038 793 1076 808 actis

703 819 719 832 et
729 817 822 832 facultatum
833 821 863 832 usu
877 818 924 836 atque
935 816 1013 832 exercitio
1025 816 1076 832 decla>

703 844 738 856 rare
749 840 842 856 auctoritate
853 840 938 859 apostolica
949 840 1002 855 omnia
1011 844 1076 860 semper

703 863 761 882 egisse.
773 863 808 878 Non
819 863 910 878 dubitamus
918 863 995 883 profecto,
1004 863 1044 882 quin
1052 865 1074 881 tu,

703 887 799 902 venerabilis
814 886 868 904 frater,
880 888 944 902 nostrae
958 886 1037 902 voluntati
1048 891 1076 902 no>

702 910 772 929 strisque
780 910 864 925 desideriis
872 914 919 929 quam
927 910 1051 929 diligentissime
1059 912 1076 925 et

702 933 827 949 cumulatissime
843 933 949 953 respondeas,
967 935 1042 952 tuamque
1058 933 1074 948 in

702 958 773 972 mentem
781 960 881 974 revocamus,
890 956 909 972 ab
917 956 973 971 ultima
981 956 1075 975 antiquitate

702 980 720 995 nd
731 980 771 995 lianc
782 983 833 999 usque
845 980 887 995 diem
895 983 951 994 omnes
959 979 1045 999 Episcopos
1053 981 1075 995 at<

702 1007 733 1022 que
747 1003 803 1019 fideles
817 1002 843 1018 vel
854 1002 873 1018 ab
884 1002 1013 1018 disiunctissimis
1026 1002 1075 1018 etiam

701 1026 794 1045 regionibus
809 1030 874 1045 semper
887 1025 990 1041 consuevisse
1004 1025 1023 1041 ad
1035 1025 1075 1041 lianc

701 1049 743 1065 Petri
750 1049 851 1067 Cathedram,
858 1049 962 1065 ecclesiarum
970 1049 1042 1064 omnium
1050 1053 1075 1064 ca-

701 1074 730 1092 put
745 1074 761 1088 et
777 1073 849 1088 omnium
866 1074 933 1088 matrem
950 1076 967 1087 ac
981 1072 1074 1091 magistram

701 1097 748 1115 atque
759 1096 844 1111 catholicae
852 1095 917 1111 unitatis
924 1097 1004 1113 centrum,
1014 1095 1075 1115 suppli-

701 1123 727 1134 ces
738 1119 834 1138 confugere,
850 1119 894 1134 utin
908 1119 960 1134 dubiis
975 1118 1074 1138 trepidisque

701 1142 749 1157 rebus
760 1142 825 1157 Romani
837 1142 923 1159 Pontisscis,
931 1141 959 1161 qui
966 1141 1026 1157 Christi
1033 1142 1074 1157 vica<

701 1165 735 1180 rius
749 1167 765 1180 et
779 1165 821 1180 Petri
834 1169 922 1182 successor,
936 1165 994 1180 iudicia
1007 1169 1074 1184 quaere-

701 1190 742 1206 rent,
751 1188 809 1203 auxilia
818 1188 923 1208 implorarent
930 1190 946 1204 et
954 1188 1017 1204 decreta
1025 1188 1074 1204 susci-

701 1213 763 1231 perent.
775 1211 830 1227 Omnia
841 1211 890 1231 igilur
901 1212 964 1227 coneris
975 1213 1044 1231 oporiet.
1056 1214 1074 1227 ut

701 1239 729 1250 nos
744 1234 818 1250 omnibus
833 1235 852 1250 de
866 1234 915 1250 rebus
929 1239 991 1250 summa
1006 1239 1043 1250 cura
1058 1237 1074 1250 et

701 1258 783 1277 diligentia
793 1258 870 1273 certiores
881 1258 932 1276 facias,
944 1259 961 1273 et
972 1258 1073 1277 gravioribus

700 1281 716 1296 in
731 1281 799 1300 negotiis
811 1285 830 1296 ex
845 1285 890 1296 more
904 1281 1010 1300 institutoque
1025 1281 1073 1296 maio-

700 1308 737 1319 rum
751 1304 791 1319 lianc
802 1304 908 1323 Apostolicam
924 1303 982 1319 Sedem
993 1304 1072 1322 consulas,

700 1327 767 1346 eiusque
778 1327 874 1343 sententiam
885 1329 966 1347 expectes.
975 1327 1009 1342 Tibi
1019 1329 1072 1343 autem

700 1350 772 1366 districte
787 1350 892 1370 praecipimus
906 1352 954 1369 atque
968 1350 1071 1368 mandamuS.

700 1375 718 1389 ut
728 1377 826 1392 unoquoque
838 1373 907 1388 triennio
921 1373 994 1388 eamdem
1005 1373 1073 1393 Aposto-

700 1396 746 1412 licain
763 1396 821 1412 Sedem
837 1397 924 1416 diligenter
940 1396 1016 1414 edoceas.
1033 1400 1072 1416 quo-

700 1420 748 1435 modo
759 1424 776 1435 se
787 1424 813 1435 res
824 1420 897 1438 habeant,
906 1421 954 1439 atque
965 1420 983 1435 ad
991 1424 1026 1435 eam
1036 1424 1072 1440 apo-

699 1443 764 1459 stolicae
775 1443 869 1458 visitationis
879 1447 908 1458 seu
919 1443 1025 1462 delegationis
1036 1445 1072 1459 tuae

700 1468 732 1482 acta
740 1466 817 1482 mittenda
824 1470 876 1484 cures.
888 1466 907 1481 iis
921 1470 958 1481 cum
972 1466 1072 1482 animadver-

699 1489 776 1508 sionibus,
791 1494 830 1509 quas
841 1494 870 1509 pro
885 1491 911 1505 tua
922 1489 1006 1509 prudentia
1017 1490 1072 1506 existi-

699 1517 774 1528 maveris.

1095 178 1122 191 An⁴
1129 179 1145 192 C.
1159 177 1199 191 1832
