4822 6986
990 653 1087 697 rabor
1109 655 1321 698 nuuruoanuu
1853 643 1910 704 blass

370 765 478 828 xllll.
504 767 631 828 Peracta
648 767 835 828 Visitatioue
851 766 1028 845 Apostolicai
1043 769 1121 830 Coe·
1176 769 1250 830 ulli,
1270 771 1447 834 Conlirmat
1461 774 1708 836 constitutiones
1723 765 1862 837 instituti
1878 793 1929 838 so-

430 861 516 922 nouo
541 845 582 922 et
599 861 736 936 corrigo
765 861 954 923 launoium
979 861 1009 922 s.
1035 862 1120 924 autu

1235 881 1347 926 rorum
1370 866 1515 928 Caritatis
1538 869 1678 932 llublini.
1703 869 1752 930 89.

430 955 463 1016 in
480 955 703 1024 Mentorides
720 962 828 1016 ruente
848 955 1026 1017 Visitatoris
1039 955 1120 1034 Apo·
1175 957 1238 1018 LX.
1263 958 1395 1020 Plaudet
1416 959 1578 1022 laboribus
1595 978 1611 1022 a
1627 961 1790 1024 Praefecto
1808 969 1840 1024 et
1857 963 1928 1024 llis-

428 1049 530 1110 stoliri
557 1049 681 1110 statuit:
716 1049 741 1110 l.
767 1049 967 1110 Coeuobium
996 1055 1027 1110 ot
1048 1048 1118 1111 Col-

430 1142 552 1218 legium
579 1143 814 1204 subiioiondum
844 1159 912 1204 osse
935 1143 1119 1204 immediate

431 1237 578 1298 rraioistro
592 1236 733 1312 gontrali
746 1235 883 1308 Ordinis,
898 1237 1120 1313 dependenter

431 1337 537 1390 tamon
559 1348 575 1390 a
596 1346 681 1390 sacra
710 1329 986 1406 Cougrogatioue3
1018 1329 1047 1390 2.
1072 1347 1120 1391 re·

430 1423 627 1485 rnovondum
651 1439 719 1484 esso
741 1423 779 1483 ab
802 1440 839 1483 oo
857 1423 1001 1484 studium
1018 1423 1119 1500 pbilo-

429 1518 577 1596 sopbiae3
602 1515 630 1576 a.
654 1516 843 1577 servandam
869 1517 897 1576 in
922 1533 959 1577 eo
983 1533 1052 1594 esso
1074 1517 1119 1577 vi-

431 1619 492 1673 tam
515 1626 721 1672 communem
745 1608 935 1687 perfectam,
953 1611 981 1670 b.
1001 1609 1119 1670 instau-

430 1705 561 1766 randam
585 1720 651 1764 esse
668 1703 904 1764 observantiam
920 1704 1030 1764 Brevis
1049 1701 1119 1765 Cra-

429 1799 489 1860 diti
511 1797 599 1860 nobis
621 1796 797 1858 Clementis
819 1796 870 1858 lli.
896 1797 943 1858 lb.

372 1895 405 1954 L.
436 1891 607 1970 Privilogia
635 1909 782 1954 concessa
810 1891 974 1954 sororibus
1003 1891 1119 1954 Carita-

348 1983 350 1986 ’
429 1987 467 2048 tis
497 1986 731 2063 auricupatisa
760 1983 873 2046 Sancto
905 1985 1073 2048 Vincentio
1103 2004 1119 2048 a

428 2081 535 2142 Paulo.
560 2078 607 2140 ab.

369 2177 416 2238 ul.
441 2175 609 2253 lleputatio
638 2175 776 2251 delegati
806 2174 895 2238 Sedis
918 2173 1118 2252 apostolicae

428 2271 464 2332 ad
481 2269 627 2330 obeunda
644 2270 775 2344 negocia
791 2268 999 2332 ecclesiarum
1013 2268 1118 2330 orien-

429 2364 550 2424 talium.
575 2362 622 2424 77.

368 2458 428 2518 ull.
454 2457 614 2534 Descripta
630 2458 818 2518 extensione
834 2457 1021 2518 missionum
1037 2457 1117 2518 Con-

428 2551 608 2629 gregationi
639 2550 693 2614 SS.
718 2550 830 2612 Cordis
858 2551 926 2612 lesu
949 2556 981 2611 et
1003 2551 1116 2612 blariae

427 2649 460 2708 iu
480 2645 611 2708 Oceania
627 2647 883 2714 commissarum,
901 2645 1062 2707 Vicarium
1079 2647 1117 2707 Α-

429 2741 616 2818 postolicum
640 2741 677 2802 ad
700 2757 750 2800 eas
773 2741 930 2815 regendas
952 2741 1117 2802 constituit

426 2835 608 2896 charactere
632 2833 801 2911 episcopali
820 2835 1047 2904 decorandum,
1065 2835 1116 2895 cui

426 2927 551 2988 subsint
572 2927 667 2987 latiam
697 2927 850 2987 Praefecti
873 2925 1045 3004 Apostolici
1068 2945 1116 2988 ea-

428 3022 575 3082 rumdem
608 3021 816 3090 missionum,
841 3027 874 3081 et
895 3037 1014 3081 munus
1035 3021 1116 3082 illud

427 3115 552 3176 «confert
581 3113 742 3192 Stephano
769 3113 963 3175 Roucbouae
987 3114 1116 3192 presby-

427 3215 495 3269 tero
518 3207 662 3268 eiusdem
681 3206 960 3283 Congregationis.
985 3207 1032 3268 78.

367 3303 440 3363 till.
467 3301 611 3362 llonores
634 3306 665 3360 et
688 3299 855 3378 privilegia
885 3300 1003 3362 tributa
1027 3302 1116 3364 soda-

426 3395 494 3456 litio
517 3411 571 3454 sou
602 3393 856 3454 confraternitati
886 3394 971 3455 tertii
994 3395 1114 3457 ordinis

426 3491 535 3550 beatae
558 3488 671 3548 llariao
694 3487 835 3564 Virginis
858 3488 897 3550 de
921 3489 1025 3548 blonte
1042 3489 1115 3550 Car-

426 3583 511 3644 melo
533 3581 667 3644 civitatis
685 3579 789 3642 Sancti
806 3581 978 3642 Salvatoris
993 3582 1026 3642 in
1044 3583 1115 3644 Bra-

386 3727 391 3734 .
427 3677 505 3737 silla.
530 3675 579 3736 80.

367 3771 442 3832 lth.
468 3769 653 3830 imminutio
680 3769 837 3830 festorum
862 3769 892 3830 in
915 3770 1053 3830 dioecesi
1076 3770 1114 3832 de

426 3865 551 3924 Buenos
573 3861 675 3939 Ayres
697 3863 730 3922 iu
753 3861 848 3924 indiis
870 3861 1030 3926 tlccirlont.
1062 3863 1111 3925 82.

366 3958 428 4020 LV.
454 3957 581 4018 Erectio
604 3957 635 4016 in
656 3953 857 4017 sodalitatem
880 3957 965 4017 tertii
988 3955 1114 4018 Ordinis

426 4051 529 4112 Sancti
552 4049 708 4110 Francisci
731 4049 769 4108 de
791 4049 883 4110 Paula
906 4049 1115 4112 confraterni-

426 4146 494 4206 tatis
517 4150 641 4206 eroctae
665 4143 697 4203 in
721 4141 851 4206 ecclesia
874 4143 984 4204 beatae
1000 4143 1114 4206 blariae

426 4237 567 4314 Virginis
589 4237 693 4297 Bonae
710 4235 819 4296 llortis
837 4236 943 4314 oppidi
960 4235 990 4298 S.
1010 4237 1114 4300 Salva-

425 4333 502 4394 toris
526 4331 679 4394 dioecesis
700 4330 857 4392 Fluminis
873 4331 1018 4392 ianuarii.
1043 4331 1111 4409 Sl.¹

365 4427 442 4489 LVl.
467 4426 500 4487 ln
523 4424 735 4503 patrocinium
757 4441 852 4486 suum
875 4427 988 4503 recipit
1007 4442 1114 4488 mona-

425 4520 560 4582 sterium
583 4517 656 4580 Ord.
676 4517 706 4580 S.
726 4517 888 4580 Benedicti
907 4519 1114 4596 Connington

423 4615 456 4676 in
479 4613 607 4690 Anglia;
634 4613 664 4674 S.
682 4613 717 4674 ll.
735 4613 770 4673 Ε.
789 4613 880 4674 Card.
900 4612 991 4674 Weld
1009 4614 1113 4675 visita-

426 4716 529 4769 torem
553 4707 737 4768 monasterii
760 4707 936 4778 constituit,
961 4721 1114 4785 suspensa

425 4809 608 4864 ceterorum
631 4801 850 4864 iurisdictione
871 4809 929 4862 eto.
954 4801 1032 4862 lbid.

366 4897 455 4960 tl'll.
480 4897 575 4957 blittit
589 4895 624 4956 arf
642 4895 926 4974 archiepiscopum
943 4896 1113 4958 Primatem

425 4989 815 5067 Constantinopolitanum
832 4989 1050 5050 Armenorum
1066 5007 1115 5051 re-

424 5084 613 5162 sponsiones
637 5082 667 5145 S.
690 5083 957 5160 Congregatiouis
981 5085 1114 5144 auctori-

427 5185 487 5238 tato
510 5177 669 5253 pontificia
691 5177 892 5240 confirmatas
913 5177 949 5238 ad
968 5177 1062 5238 dubia
1077 5177 1113 5238 ab

425 5289 462 5333 eo
485 5271 656 5348 proposita,
675 5269 767 5330 dilata
784 5271 994 5346 responsione
1011 5271 1114 5346 quoad

424 5367 581 5428 llitualenr
605 5366 735 5436 librum,
761 5365 855 5441 eiquo
884 5366 1007 5426 animos
1030 5367 1115 5428 addit

424 5461 461 5521 ad
483 5459 702 5530 difficultates,
734 5459 849 5536 quibus
872 5459 904 5520 in
934 5460 1114 5521 rninisterio

424 5571 512 5616 sacro
543 5555 711 5631 premitur,
736 5553 841 5614 (lirina
865 5569 924 5630 ope
946 5553 1114 5631 implorata

424 5648 628 5725 superandas.
653 5645 702 5706 86.

366 5739 468 5802 tl'lll.
494 5741 665 5816 Pririlegia
687 5756 835 5801 concessa
861 5740 1114 5803 confraternitati

426 5838 533 5896 beatae
556 5833 670 5894 llariae
693 5833 834 5909 Virginis
858 5835 896 5894 de
919 5834 1065 5896 lleroede
1080 5836 1113 5896 in

426 5928 546 6006 tenlplo
569 5928 719 6004 Deiparae
746 5928 925 6004 Puerperae
948 5928 1050 5990 dicato
1073 5929 1113 5990 ci-

425 6024 529 6084 vitatis
551 6022 706 6084 Fluminis
729 6021 874 6082 ianuarii.
898 6019 947 6082 87.

1234 1051 1379 1113 sionariis
1401 1051 1563 1132 Congreg.
1580 1055 1757 1117 Gallicanae
1779 1056 1833 1118 SS.
1851 1057 1927 1118 Cor-

1234 1146 1323 1207 dium
1345 1147 1416 1208 lesu
1439 1155 1471 1208 ot
1497 1147 1610 1211 Mariae
1633 1149 1666 1210 in
1688 1151 1803 1212 insulis
1828 1151 1924 1212 Sand-

1236 1240 1396 1301 uiclrianis
1424 1242 1610 1314 exantlatis,
1640 1260 1694 1304 eos
1718 1245 1865 1306 bortatur
1887 1246 1923 1308 ad

1234 1335 1446 1411 pergendum,
1466 1340 1498 1396 et
1512 1335 1676 1398 Praefecto
1694 1338 1833 1408 nunciat,
1853 1355 1926 1400 cou-

1233 1427 1367 1489 cessisse
1390 1445 1446 1506 per
1468 1429 1498 1490 S.
1516 1429 1811 1507 Congregationcm
1828 1432 1923 1494 facul·

1235 1525 1314 1582 tates
1336 1522 1518 1600 requisitas.
1543 1521 1592 1584 99.

1173 1613 1250 1674 lilii.
1275 1615 1473 1676 Patriarcbae
1495 1615 1714 1680 Armenorum
1737 1619 1864 1680 Ciliciae
1886 1621 1924 1682 de

1233 1707 1330 1769 rebus
1347 1709 1415 1770 cius
1432 1707 1598 1772 ecclesiam
1615 1712 1861 1789 respicientibus
1875 1730 1926 1776 re-

1233 1802 1380 1878 spondet.
1404 1801 1482 1864 lbid.
1587 1875 1590 1878 ,

1173 1893 1262 1956 LXll.
1280 1894 1466 1957 imminutio
1482 1896 1640 1960 festorum
1653 1899 1685 1960 in
1698 1900 1799 1962 dioec.
1814 1901 1920 1964 Novae

1232 1989 1384 2052 Craoatae
1406 1989 1439 2050 in
1455 1989 1601 2052 Afflssi'iffl
1618 1992 1828 2056 lleridionali.
1852 1993 1901 2056 bl.

1173 2082 1276 2144 LVlll.
1300 2084 1486 2147 imminutio
1503 2086 1661 2148 festorum
1676 2087 1709 2150 in
1725 2089 1821 2150 variis
1838 2091 1922 2152 dioe·

1233 2177 1358 2240 cesibus
1380 2178 1547 2256 Americae
1570 2180 1796 2244 bleridionalis.
1819 2182 1868 2246 92.

1173 2272 1279 2334 LlllV.
1303 2271 1404 2334 Aucto
1425 2274 1460 2334 in
1482 2273 1645 2336 ranetam
1671 2276 1823 2340 missione
1846 2279 1922 2340 fide-

1231 2367 1311 2428 lium
1335 2383 1482 2440 numero,
1507 2368 1584 2430 illuc
1603 2369 1702 2432 mittit
1719 2369 1923 2434 Visitatorem

1231 2460 1451 2538 Apostolicum
1473 2461 1512 2524 fr.
1537 2460 1700 2538 Angelum
1723 2464 1761 2525 de
1784 2465 1923 2527 Planella

1231 2553 1304 2616 Ord.
1324 2555 1398 2616 llin.
1422 2555 1688 2632 capuccinorum,
1713 2565 1748 2618 ut
1770 2558 1920 2634 inquirat,

1231 2664 1294 2708 non
1323 2649 1429 2708 solum
1458 2665 1497 2708 an
1520 2665 1676 2710 rruinerus
1706 2650 1922 2713 missionario·

1231 2758 1304 2802 rum
1327 2742 1368 2802 sit
1389 2742 1568 2817 augendus,
1593 2742 1650 2804 sed
1673 2743 1767 2806 etiam
1791 2762 1830 2806 an
1848 2747 1922 2806 mis-

1231 2834 1377 2896 sionariis
1396 2849 1498 2896 norae
1514 2835 1779 2911 praescribendae
1796 2839 1860 2900 sint
1874 2855 1924 2900 re-

1232 2927 1342 3004 gulae,
1374 2942 1450 3004 quas
1473 2927 1499 2987 si
1521 2928 1589 3004 ipse
1616 2927 1714 3001 ferat,
1746 2932 1853 2994 statim
1875 2933 1923 2994 illi

1233 3021 1406 3082 observare
1422 3027 1603 3090 teneantur,
1619 3022 1720 3084 donec
1734 3023 1764 3084 S.
1779 3024 1921 3102 Congre-

1232 3115 1315 3192 gatio
1339 3115 1377 3176 de
1400 3114 1437 3174 iis
1459 3113 1553 3176 aliter
1574 3114 1774 3176 iudicaverit.
1799 3118 1848 3179 ut.

1172 3208 1263 3270 LXV.
1290 3207 1450 3269 Vicarium
1480 3207 1537 3285 Ap.
1566 3206 1726 3270 Calcuttae
1756 3212 1922 3276 constituit

1230 3301 1414 3364 immediate
1430 3319 1445 3360 a
1461 3299 1491 3362 S.
1507 3299 1589 3364 Sede
1606 3301 1855 3379 dependentem,
1871 3307 1919 3367 cui

1231 3395 1426 3471 gubernium
1453 3394 1626 3456 committit
1653 3394 1814 3458 Calcuttae
1837 3399 1921 3459 eius-

1230 3505 1293 3566 que
1309 3488 1455 3566 politicae
1468 3486 1698 3565 praefecturae,
1714 3491 1855 3567 exceptis
1872 3509 1925 3554 re-·

1232 3582 1380 3658 globibus
1409 3581 1562 3642 subiectis
1591 3579 1657 3642 Vic.
1689 3582 1746 3661 Ap.
1777 3584 1920 3646 Tbibotis

1229 3675 1314 3737 Arae
1336 3681 1368 3737 et
1389 3675 1489 3751 Pegu,
1514 3675 1601 3736 nulla
1620 3675 1724 3738 babila
1741 3679 1865 3740 ratione
1882 3679 1921 3740 de

1229 3785 1331 3846 goano
1354 3774 1533 3846 patronatu.
1557 3767 1606 3828 95.

1170 3863 1275 3924 LllVl.
1300 3863 1533 3941 Episcoporum
1562 3861 1695 3925 Concilii
1724 3863 1760 3926 ll.
1791 3867 1919 3944 provin-

1229 3957 1314 4019 cialis
1342 3956 1599 4026 Baltimorensis,
1631 3959 1686 4033 qui
1708 3959 1777 4019 eius
1794 3951 1865 4021 'acta
1889 3970 1920 4022 et

1229 4053 1355 4114 decreta
1372 4051 1537 4120 miserant,
1556 4049 1663 4111 zelum
1681 4057 1712 4112 et
1728 4052 1919 4128 obsequium

1230 4163 1306 4221 erga
1329 4144 1445 4207 Sedem
1469 4144 1686 4222 apostolicam
1708 4145 1855 4208 laudibus
1879 4148 1922 4208 ef-

1229 4239 1447 4314 fortemque
1469 4238 1506 4300 ad
1530 4237 1649 4298 maiora
1671 4253 1801 4316 semper
1818 4239 1922 4302 incre-

1230 4338 1339 4394 menta
1372 4331 1514 4403 ecclesiis
1547 4330 1613 4392 suis
1645 4331 1806 4393 afferenda
1838 4335 1921 4395 exci-

1233 4435 1286 4490 tat.
1310 4426 1359 4488 96.

1171 4521 1288 4585 LXVll.
1320 4521 1497 4584 Confirmat
1525 4521 1723 4582 erectionem
1753 4520 1921 4582 vicariatus

1230 4615 1393 4694 apostolici
1416 4614 1654 4692 bladraspatani.
1678 4613 1727 4676 98.

1171 4710 1302 4773 curru.
1328 4709 1432 4786 Erigit
1457 4709 1675 4786 episcopatum
1698 4709 1920 4787 Vincenitopo-

1229 4805 1364 4866 litanum
1387 4803 1420 4863 in
1441 4801 1528 4864 lndia
1549 4803 1583 4862 in
1605 4803 1777 4864 foederatis
1797 4802 1920 4864 limeri-

1229 4915 1282 4960 cao
1296 4896 1568 4974 septemtrionalis
1581 4896 1755 4974 provinciis
1768 4897 1917 4976 Arcbiep.

1231 4990 1495 5053 Baltbimorensis
1515 4989 1765 5066 suffraganeum.
1789 4990 1838 5052 99.

1170 5089 1275 5150 Llllll.
1291 5087 1537 5149 Dismembratio
1550 5092 1687 5164 quatuor
1700 5089 1919 5166 paroeciarum

1230 5183 1267 5243 ab
1289 5181 1471 5258 episcopatu
1494 5180 1700 5252 Emeritensi,
1725 5187 1757 5242 et
1778 5181 1855 5243 unio
1878 5187 1922 5242 at-

1208 5291 1292 5352 oue
1314 5273 1528 5352 incorporatio
1551 5281 1706 5351 perpetua
1733 5277 1920 5337 earumdem

1230 5368 1367 5430 dioecesi
1397 5365 1528 5429 Sanctae
1557 5367 1645 5430 ridet
1674 5369 1713 5430 de
1742 5368 1862 5444 Bogota
1889 5370 1920 5430 io

1231 5462 1394 5525 territorio
1428 5461 1534 5523 Novae
1568 5461 1721 5523 Cranatae
1754 5462 1920 5524 Americao

1230 5555 1456 5618 Meridionalis.
1480 5555 1558 5616 lbid.

1171 5649 1263 5711 Lxx.
1280 5648 1474 5712 Constitutio
1488 5647 1662 5711 Vicariatus
1675 5647 1848 5727 apostolici
1862 5650 1923 5712 No-

1230 5759 1288 5804 vae
1307 5743 1503 5804 Hollandiae.
1529 5741 1597 5804 lta.

1170 5836 1274 5898 cxxi.
1299 5836 1561 5914 Circumscriptio
1585 5837 1769 5899 dioecesum
1792 5838 1825 5899 in
1848 5853 1919 5916 pro-

1228 5930 1340 5992 vinciis
1373 5929 1544 5992 foederatis
1575 5930 1741 5992 Americae
1775 5930 1922 6010 Septem-

1230 6023 1386 6086 trionalis.
1410 6023 1488 6085 lbid.
