4864 6994
113 587 171 641 Au.
187 594 223 644 C.
247 587 322 646 1832

127 908 278 956 Concessio
301 912 336 958 fa·

100 959 251 1008 cultatem.

959 609 1134 660 GlitinRlUS
1156 613 1207 660 rb.
1230 613 1296 660 xvi.

355 727 506 790 ecclesiae
528 729 680 806 regimini
702 729 857 809 imparem
885 731 1016 792 omnino
1038 732 1099 792 iam

354 821 502 884 evasisse.

393 915 412 987 ς
433 914 462 974 ὅ.
487 913 550 976 Nos
572 915 690 978 idcirco
711 915 816 994 ipsum
832 923 1100 979 commemoratae

354 1007 505 1068 ecclesiae
528 1009 623 1070 titulo
644 1009 684 1089 (si
706 1010 809 1071 adbuc
830 1010 928 1070 vitam
944 1008 1028 1086 agat)
1050 1025 1100 1070 or·

354 1105 464 1160 natum
492 1117 563 1162 esse
591 1103 747 1174 volentes
771 1110 803 1164 te
833 1103 977 1164 eiusdem
1004 1103 1099 1164 etiam

354 1193 503 1256 ecclesiae
524 1194 683 1258 vicarium
700 1194 918 1273 Apostolicum
935 1196 1099 1258 renuncia-

354 1301 436 1356 mus,
461 1287 582 1364 tibique
605 1304 669 1350 non
692 1289 787 1350 modo
807 1289 971 1350 facultates
987 1304 1099 1351 omnes

354 1393 434 1453 quae
456 1380 634 1442 ordinariae
657 1381 868 1459 appellantur,
891 1396 1007 1442 verum
1030 1382 1099 1444 illas

354 1471 447 1532 etiam
470 1472 666 1535 conferimus
688 1490 766 1550 quas
789 1491 846 1552 pro
862 1474 929 1536 aliis
945 1474 1097 1547 ecclesiis

354 1579 434 1640 quae
465 1565 529 1626 suis
561 1574 671 1628 carent
694 1569 886 1646 pastoribus
913 1569 1096 1631 tribuimus,

353 1655 521 1720 Praeterea
542 1659 599 1720 tibi
620 1661 841 1723 auctoritatem
862 1663 973 1724 damus
988 1662 1099 1740 praeli-

353 1749 457 1812 ciendi
471 1751 577 1812 eidem
592 1753 731 1815 dioecesi
754 1755 792 1816 da
807 1753 910 1816 Gusco
929 1771 1031 1816 unum
1045 1755 1099 1816 vel

354 1843 463 1920 plures
477 1845 612 1907 vicarios
626 1848 804 1922 generales,
818 1855 915 1926 prout
929 1848 1030 1926 magis
1047 1865 1099 1926 op·

353 1942 529 2012 portunum
559 1939 735 2010 censueris
760 1940 814 2016 qui
837 1940 967 2016 quidem
990 1941 1099 2002 vicarii

354 2027 538 2090 huiusmodi
567 2030 746 2106 fungentur
775 2047 922 2105 munere,
953 2034 1099 2110 quamvis

354 2119 528 2199 Episcopus
550 2123 695 2184 debitum
716 2132 849 2187 naturae
870 2123 992 2197 reddat,
1013 2128 1099 2203 quod

352 2213 379 2273 si
407 2215 590 2290 contigerit,
625 2215 671 2277 illi
703 2217 929 2279 canonicorum
962 2219 1099 2294 collegio

355 2319 484 2366 omnem
506 2305 689 2369 facultatem
711 2309 838 2387 penitus
857 2310 1014 2372 sublatam
1029 2327 1099 2373 csse

353 2397 505 2460 volumus
534 2399 675 2476 eligendi
696 2403 850 2465 vicarium
879 2405 1097 2482 capitularem.

247 2543 251 2550 .
355 2488 388 2550 Si
410 2507 489 2553 vero
512 2491 656 2555 laudatus
678 2494 853 2574 Episcopus
870 2498 955 2558 diem
970 2499 1033 2559 iam
1049 2515 1100 2560 su·

355 2598 504 2660 premum
525 2585 650 2658 obierit,
668 2603 769 2664 eaque
785 2597 954 2668 propterea
970 2591 1101 2654 ecclesia

354 2695 414 2742 suo
441 2680 482 2740 sit
511 2681 662 2742 destituta
690 2689 829 2760 pastore,
860 2691 1030 2762 antequam
1052 2693 1098 2758 tu,

354 2773 548 2835 venerabilis
581 2773 697 2848 frater,
728 2773 928 2854 apostolicus
957 2777 1101 2841 Vicarius

354 2863 454 2927 fueris
484 2866 687 2938 constitutus,
712 2875 744 2928 ct
766 2869 846 2930 illud
873 2872 1100 2934 canonicorum

354 2957 529 3036 collegium
551 2959 706 3022 vicarium
728 2962 935 3039 capitularem
951 2965 1098 3042 elegerit,

355 3051 506 3112 volumus
528 3058 622 3129 atque
637 3053 860 3131 praecipimus
879 3063 910 3118 te
924 3057 960 3118 iis
977 3064 1100 3120 tantum

354 3141 554 3206 facultatibus
575 3144 634 3216 uti,
659 3144 775 3222 quibus
796 3148 844 3208 uti
867 3155 956 3226 potes
978 3151 1010 3211 in
1032 3152 1100 3212 aliis

355 3235 507 3308 ecclesiia,
531 3237 666 3312 quaein
688 3237 864 3300 Peruviana
892 3241 1013 3304 ditione
1034 3245 1100 3306 suis

356 3335 465 3390 extant
479 3328 606 3392 orbatae
622 3331 812 3408 pastoribus
827 3332 956 3396 Plenam
972 3351 1100 3414 quoque

356 3420 537 3484 facultatem
560 3423 616 3484 tibi
639 3423 806 3500 largimur,
831 3427 922 3488 cuius
944 3430 1100 3505 praesidio

356 3515 586 3578 ecclesiasticae
602 3516 734 3578 militiae
750 3518 941 3592 adscribere,
956 3539 990 3584 ac
1004 3524 1100 3584 sacris

357 3608 522 3670 ordinibus
535 3610 629 3670 etiam
642 3611 819 3673 sacerdotio
830 3611 1023 3690 inaugurare
1032 3632 1101 3695 pos-

356 3702 399 3762 sis
421 3719 476 3764 eos
493 3719 615 3775 omnes,
632 3719 712 3780 quos
728 3720 768 3765 ex
784 3711 837 3766 tua
852 3708 1043 3770 conscicntia
1058 3717 1101 3772 at-

357 3810 420 3872 que
441 3797 600 3858 sententia
627 3804 691 3858 tam
714 3798 746 3858 in
769 3799 900 3860 ecclesia
927 3801 966 3862 dc
988 3801 1098 3876 (lusco,

357 3903 452 3964 quam
474 3890 507 3950 in
528 3891 596 3951 aliis
619 3891 791 3969 Episcopos
813 3908 877 3954 non
898 3894 1098 3970 habentibus,

357 3981 453 4042 utiles
474 3989 568 4058 atque
590 3985 787 4046 necessarios
809 4001 878 4049 esse
900 3988 1102 4052 existimave-

358 4075 413 4146 ris
436 4076 560 4137 etiamsi
582 4076 642 4153 ipsi
670 4076 772 4138 literis
794 4080 914 4158 proprii
944 4078 1101 4145 Ordinarii

358 4181 438 4244 quae
459 4169 686 4231 dimissoriales
708 4179 863 4233 vocantur
888 4181 1025 4247 careant,
1049 4178 1102 4239 vel

357 4260 542 4324 huiusmodi
571 4261 682 4326 literae
709 4279 792 4326 anuo
821 4267 971 4328 ecclesiae
997 4269 1101 4332 luctus

358 4354 519 4418 confectae
540 4355 672 4430 fuerint,
696 4357 749 4419 vel
771 4359 808 4420 ad
830 4375 994 4422 sacrorum
1011 4379 1102 4424 cano-

358 4463 435 4510 num
456 4465 603 4510 normam
626 4450 759 4512 minime
779 4459 935 4526 exaratae,
952 4455 978 4516 si
995 4462 1101 4518 tamen

358 4541 404 4603 illi
433 4558 485 4604 aas
513 4543 731 4620 praeseferant
759 4545 860 4618 dotes
885 4547 1000 4624 quibus
1029 4550 1101 4612 illos

358 4634 485 4712 fulgere
514 4643 651 4714 oportet,
682 4638 794 4714 quiin
824 4647 946 4702 sortem
975 4641 1101 4705 Domini

358 4730 471 4802 rocati,
485 4729 594 4792 divino
609 4746 644 4792 se
660 4731 840 4792 ministerio
856 4733 1036 4812 mancipare
1049 4753 1102 4798 ex·

359 4828 478 4900 optant,
496 4829 528 4884 et
548 4823 606 4884 tibi
622 4823 774 4886 ecclcsiae
789 4823 908 4886 utilitas
925 4834 977 4888 aut
994 4843 1101 4889 neces-

358 4916 430 4977 sitas
459 4916 649 4978 constiterit.
682 4916 746 4978 Tua
775 4917 870 4978 etiam
892 4919 925 4979 in
947 4925 1102 4997 potestate

358 5011 419 5072 erit
440 5009 656 5088 praelatorum
678 5009 895 5086 negligentiae
924 5014 1048 5075 mederi
1070 5015 1102 5075 in

359 5103 500 5165 ecclesiis
522 5103 642 5178 absque
664 5108 801 5179 pastore,
819 5103 920 5167 donec
935 5105 1049 5168 iisdem
1065 5108 1102 5168 ab

357 5197 414 5259 bac
436 5195 616 5274 Apostolica
639 5193 721 5256 Sede
737 5197 961 5274 praeficiantur
977 5199 1103 5277 Episco-

359 5291 399 5368 pi,
423 5289 476 5351 vel
498 5289 556 5350 alia
578 5288 701 5350 ratione
716 5291 898 5351 consultum
914 5290 1021 5353 fuerit.
1039 5292 1102 5354 lam

358 5397 436 5445 vero
464 5397 534 5444 cum
568 5382 737 5460 apostolica
763 5383 922 5460 delegatio
950 5397 1007 5446 seu
1029 5386 1103 5447 visi-

358 5477 434 5538 tatio
455 5475 488 5537 in
511 5491 622 5537 omnes
641 5477 809 5552 utriusque
824 5492 921 5540 sexus
935 5479 1103 5554 regulares

360 5569 415 5631 tibi
436 5569 477 5630 sit
499 5571 690 5647 peragenda,
715 5571 748 5631 in
770 5571 881 5650 primis
904 5578 935 5634 te
957 5589 993 5632 ea
1007 5571 1103 5634 facul-

358 5669 421 5723 tate
450 5663 631 5740 pvaeditum
660 5679 730 5725 esse
759 5663 921 5736 volumus
952 5665 1042 5727 cuius
1071 5665 1103 5725 vi

360 5755 501 5832 singulas
520 5771 664 5833 quasque
678 5757 847 5834 utriusque
863 5775 959 5820 sexus
974 5758 1103 5836 religio-

360 5863 407 5908 sas
430 5849 563 5910 familias
585 5850 707 5922 visites,
732 5857 764 5911 et
785 5867 896 5912 earum
914 5853 1018 5913 omnia
1034 5869 1104 5914 coe·

359 5941 464 6015 nobia,
487 5943 635 6020 hospitia,
659 5942 803 6019 collegia,
821 5950 1011 6016 conventus,
1036 5959 1104 6006 ero·

1158 747 1238 803 mos
1263 733 1374 794 domos
1396 734 1479 794 intra
1501 733 1669 796 Peruviani
1684 733 1851 810 regiminis
1866 735 1902 796 li-

1158 825 1251 888 mites
1281 827 1467 898 existentes
1491 827 1662 904 inquibus
1690 828 1744 890 vel
1773 828 1902 889 domici-

1157 918 1236 980 lium
1266 919 1412 990 babeant,
1442 919 1494 982 vel
1525 920 1676 998 perbrevi
1703 921 1797 982 etiam
1828 921 1902 984 anni

1156 1017 1302 1090 tempore
1325 1019 1494 1075 morentur
1509 1013 1571 1076 viri
1586 1013 1730 1090 religiosi
1746 1015 1902 1091 cuiusque

1157 1104 1277 1167 ordinis
1296 1111 1328 1166 et
1342 1107 1609 1184 congregationis,
1628 1108 1772 1184 quamvis
1787 1109 1902 1170 eremi-

1155 1203 1260 1260 tarum
1289 1197 1341 1259 vel
1371 1198 1552 1260 oblatorum
1582 1201 1712 1262 nomine
1741 1201 1902 1279 appellen-

1156 1295 1220 1362 tur,
1243 1291 1298 1368 qui
1327 1291 1511 1367 regularem
1533 1291 1632 1354 vitam
1658 1295 1902 1369 quomodolibet

1156 1385 1378 1462 profiteantur,
1403 1391 1435 1444 et
1455 1385 1564 1446 habitu
1593 1391 1724 1447 utantur
1746 1387 1899 1463 regulari.

1155 1479 1261 1554 Atque
1289 1477 1406 1538 idcirco
1435 1477 1545 1538 eadem
1578 1479 1765 1540 auctoritate
1793 1487 1902 1541 nostra

1155 1569 1325 1648 apostolica
1347 1585 1476 1632 omnem
1504 1572 1754 1648 exemptionem,
1778 1574 1826 1634 uti
1848 1589 1901 1634 vo·

1156 1670 1237 1735 cant,
1268 1664 1395 1740 penitus
1424 1663 1612 1736 auferimus,
1637 1680 1718 1741 quae
1746 1665 1783 1726 ab
1806 1666 1901 1728 buius

1157 1754 1356 1835 apostolicae
1369 1755 1459 1819 Sedis
1472 1757 1642 1836 privilegio
1654 1775 1713 1820 seu
1726 1776 1742 1819 a
1754 1760 1902 1822 concilio-

1156 1865 1229 1912 rum
1250 1851 1386 1912 decretis
1410 1857 1442 1911 et
1463 1851 1744 1914 constitutionibus
1760 1870 1794 1914 ac
1808 1868 1902 1932 pecu-

1156 1942 1288 2004 liaribus
1315 1943 1472 2021 cuiusque
1500 1944 1639 2006 instituti
1661 1947 1784 2023 regulis
1807 1947 1903 2023 origi-

1157 2053 1232 2098 uem
1247 2037 1378 2108 ducens
1392 2037 1553 2113 religiosis
1566 2037 1641 2115 ipsis
1654 2039 1762 2100 favere
1775 2046 1898 2117 posset:

1157 2145 1237 2206 quae
1269 2129 1399 2204 quidem
1432 2130 1595 2208 exemptio
1627 2131 1748 2192 nullius
1777 2133 1903 2193 roboris

1157 2223 1228 2295 erit,
1246 2223 1350 2298 quoad
1365 2222 1550 2284 huiusmodi
1565 2224 1715 2294 visitatio,
1734 2232 1766 2286 et
1780 2231 1904 2303 aposto-

1157 2315 1214 2377 lica
1236 2315 1395 2392 delegatio
1417 2316 1478 2376 erit
1500 2316 1666 2391 duratura;
1684 2333 1718 2379 ac
1733 2325 1903 2396 propterea

1157 2407 1376 2486 probibemus
1407 2415 1502 2484 atque
1529 2416 1675 2470 vetamus
1704 2427 1719 2470 a
1741 2425 1902 2487 quoquam

1157 2501 1189 2562 in
1218 2502 1362 2564 medium
1392 2501 1530 2579 proferri
1559 2518 1652 2580 posse
1684 2518 1903 2581 quascumque

1158 2595 1380 2672 exemptiones
1409 2601 1441 2656 et
1470 2596 1639 2672 privilegia
1664 2611 1744 2672 quae
1770 2597 1823 2660 vel
1845 2599 1904 2659 im-

1158 2687 1306 2749 minuere
1325 2687 1378 2748 vel
1401 2687 1511 2764 quavis
1527 2689 1650 2749 ratione
1665 2689 1822 2767 impedire
1834 2706 1904 2768 pos·

1158 2787 1239 2850 sent,
1271 2780 1444 2858 quominus
1473 2779 1532 2842 hae
1559 2781 1670 2843 literae
1699 2797 1794 2844 suum
1825 2783 1904 2844 obti-

1157 2881 1254 2936 neant
1274 2873 1435 2936 effectum.

1197 2969 1215 3042 §
1237 2965 1266 3027 6.
1290 2965 1354 3027 Nos
1383 2967 1470 3027 enim
1499 2966 1611 3028 eadem
1640 2968 1827 3030 auctoritate
1848 2985 1904 3031 no·
1923 3039 1954 3084 ua
1968 2987 2135 3094 melfium

1157 3068 1221 3122 stra
1242 3059 1412 3137 apostolica
1435 3058 1584 3120 omnibus
1607 3066 1639 3121 et
1656 3060 1793 3136 singulis
1808 3077 1904 3138 regu-

1157 3153 1276 3215 laribus
1298 3153 1352 3230 qui
1372 3153 1547 3214 Peruviana
1563 3153 1595 3214 in
1612 3153 1733 3216 ditione
1749 3155 1901 3228 existunt,

1157 3247 1252 3307 etiam
1271 3245 1493 3324 superioribus
1508 3261 1689 3323 eorumque
1706 3247 1901 3320 officialibus,

1157 3339 1312 3400 ministris
1329 3354 1393 3400 nou
1409 3339 1579 3416 exemptis,
1596 3341 1741 3416 syndacis
1757 3341 1904 3418 apostoli-

1157 3433 1200 3493 cis
1224 3431 1343 3494 ordinis
1366 3431 1628 3504 mendicantium,
1647 3433 1680 3493 in
1696 3433 1817 3495 virtute
1835 3451 1905 3495 san-

1157 3532 1225 3588 ctae
1247 3525 1447 3586 obedientiae
1470 3525 1682 3603 praecipimus
1704 3532 1799 3604 atque
1815 3527 1905 3590 iube-

1158 3633 1241 3688 mus
1265 3624 1307 3689 te,
1331 3618 1364 3678 in
1386 3625 1534 3678 nostrum
1551 3617 1735 3694 delegatum
1752 3626 1784 3680 et
1799 3621 1905 3681 visita-

1157 3717 1262 3772 torem
1291 3711 1499 3788 apostolicum
1529 3725 1723 3785 agnoscere,
1756 3711 1905 3788 excipere

1158 3809 1190 3864 et
1205 3801 1324 3872 vereri,
1343 3802 1466 3878 tibique
1483 3801 1628 3864 debitum
1644 3803 1798 3880 praebere
1815 3805 1905 3867 obse-

1158 3897 1281 3974 quium,
1305 3895 1427 3957 sublata
1455 3895 1587 3958 cuilibet
1615 3912 1655 3956 ex
1683 3897 1905 3974 superioribus

1158 3989 1313 4065 cuiusque
1345 3988 1502 4064 regularis
1542 3989 1662 4050 ordinis
1701 3991 1905 4066 generalibus

1158 4087 1314 4160 potestate
1344 4081 1506 4159 quidpiam
1529 4097 1588 4159 per
1616 4098 1651 4143 se
1673 4083 1726 4144 vel
1748 4098 1806 4160 per
1827 4084 1905 4145 alios

1157 4174 1224 4236 sive
1246 4174 1279 4235 in
1301 4174 1426 4252 scriptis
1448 4175 1517 4236 sive
1538 4190 1617 4236 voce
1633 4175 1814 4249 mandandi,
1832 4193 1905 4239 con·

1158 4266 1296 4338 sulendi,
1320 4267 1526 4339 decernendi,
1551 4268 1636 4344 quod
1659 4269 1833 4340 retardare,
1847 4269 1905 4330 im-

1159 4361 1318 4430 minuere,
1333 4359 1386 4424 vel
1402 4359 1522 4420 directe
1534 4366 1588 4422 aut
1602 4360 1758 4422 indirecte
1772 4368 1905 4423 tenuare

1159 4453 1258 4530 possit
1286 4453 1381 4514 huius
1410 4453 1619 4530 delegationis
1654 4459 1685 4514 et
1716 4455 1906 4531 apostolicae

1158 4545 1348 4607 visitationis
1371 4545 1532 4608 effectum.
1556 4546 1659 4620 Quare
1682 4546 1749 4620 tibi,
1773 4564 1906 4610 venera-

1159 4639 1230 4700 bilis
1254 4639 1363 4712 frater,
1388 4641 1420 4700 in
1442 4640 1609 4716 regulares
1637 4651 1906 4705 commemoratae

1159 4732 1355 4794 Peruvianae
1377 4733 1505 4795 ditionis
1529 4749 1598 4794 eam
1625 4751 1755 4797 omnem
1778 4736 1906 4798 faculta-

1159 4833 1225 4888 tem
1241 4826 1424 4898 tribuimus
1443 4842 1503 4903 qua
1522 4829 1666 4905 supremi
1686 4831 1906 4892 nroderatores

1158 4935 1215 4982 seu
1239 4920 1406 4997 generales
1422 4920 1578 4997 cuiusque
1593 4922 1752 4998 regularis
1767 4923 1906 4986 instituti

1159 5013 1331 5089 fruantur;
1362 5013 1562 5093 proindeque
1585 5015 1642 5076 tibi
1664 5015 1709 5076 fas
1738 5016 1800 5078 erit
1821 5017 1907 5080 licite

1159 5113 1192 5168 et
1211 5107 1316 5169 valide
1338 5115 1402 5169 tam
1426 5123 1484 5186 pro
1513 5108 1678 5180 exteriori,
1704 5123 1799 5186 quam
1826 5110 1907 5172 inte-

1159 5200 1237 5262 riori
1259 5201 1473 5264 conscientiae
1495 5201 1565 5264 foro
1587 5202 1620 5262 in
1642 5202 1715 5265 illos
1735 5219 1805 5265 eam
1821 5203 1907 5266 adhi-

1159 5292 1238 5355 bere
1259 5294 1525 5366 iurisdictionem,
1550 5309 1631 5372 quae
1653 5297 1691 5358 ad
1713 5297 1797 5374 ipsos
1814 5311 1907 5376 supe-

1159 5387 1262 5448 riores
1278 5403 1334 5449 seu
1347 5385 1531 5450 Ordinarios
1546 5388 1737 5466 pertinebat.
1752 5388 1907 5450 Peculiari

1160 5487 1267 5542 autem
1290 5488 1321 5542 te
1343 5481 1490 5543 facultate
1512 5482 1689 5554 munimus,
1710 5497 1771 5558 qua
1792 5481 1907 5542 conflr-

1160 5589 1229 5636 mes
1258 5573 1364 5634 omnia
1394 5580 1426 5635 et
1451 5574 1578 5650 singula
1607 5581 1672 5635 acta
1701 5574 1906 5636 comitiorum

1160 5681 1218 5727 seu
1237 5665 1452 5743 capitulorum
1475 5667 1730 5744 provincialium,
1751 5681 1831 5742 qaae
1854 5667 1907 5727 ha·

1160 5758 1224 5820 bita
1246 5758 1367 5820 fuerint
1389 5758 1485 5820 etiam
1507 5760 1610 5836 quoad
1633 5760 1790 5835 graduum
1813 5760 1907 5823 colla-

1161 5853 1294 5923 tionem,
1317 5851 1491 5913 dummodo
1503 5853 1537 5913 in
1552 5852 1601 5912 his
1616 5852 1815 5916 celebrandis
1834 5869 1907 5914 con-

1163 5945 1370 6022 ficiendisque
1392 5943 1505 6006 saltem
1527 5944 1746 6008 substantialia
1763 5947 1828 6009 sint
1841 5961 1907 6010 ser·

1842 597 1881 660 89
1931 600 1985 652 An.
2000 602 2030 654 O.
2052 603 2120 656 1832
