4788 6980
71 601 129 647 An.
146 600 178 649 G.
207 601 273 650 1839

909 614 1083 659 GREGORIUS
1105 614 1155 659 PP.
1179 614 1244 660 XVI.

301 731 400 793 stious
421 737 475 792 aut
496 730 593 792 laicus
621 731 726 808 ipsum
750 732 827 794 illud
851 732 1047 808 Nigritarum

301 825 532 886 commercium
561 825 662 886 veluti
695 824 817 886 licitum
847 826 906 885 sub
935 827 1048 901 quovis

302 917 435 979 obtentu
458 924 511 978 aut
533 918 677 994 rpttaesito
692 919 799 979 colore
816 919 909 990 tueri,
927 925 980 979 aut
995 919 1048 979 ali-

302 1017 349 1072 ter
371 1016 480 1072 contra
503 1027 538 1071 ea
560 1026 640 1087 quae
663 1011 779 1072 nostris
800 1012 886 1072 hisce
901 1013 1049 1090 apostoli-

300 1103 343 1164 cis
365 1104 482 1165 litteris
498 1104 683 1165 monuimus
700 1106 881 1182 praedicare
897 1122 954 1167 seu
970 1122 1047 1183 quo-

300 1198 477 1259 modolibet
508 1197 634 1274 publice
666 1199 718 1260 vel
752 1199 899 1277 privatim
933 1201 1047 1262 docere

300 1298 492 1366 praesumat.

123 1388 281 1444 emmurga-
339 1385 408 1459 §la
432 1384 472 1446 Ut
493 1391 598 1446 autem
624 1385 755 1447 eaedem
779 1385 836 1446 hae
856 1392 982 1446 nostrae
998 1385 1047 1447 lit-

60 1440 141 1482 ttonis
173 1443 279 1488 modum

61 1494 196 1548 praeripit.

300 1484 386 1537 terae
416 1479 565 1540 omnibus
595 1478 716 1540 facilius
744 1479 958 1550 innotescant,
989 1496 1047 1540 nec

298 1571 468 1648 qtrisquam
500 1573 628 1634 illarum
661 1573 875 1650 ignorantiam
908 1573 1046 1649 allegare

300 1665 408 1741 possit,
433 1666 637 1727 decernimus
659 1674 691 1727 et
711 1667 899 1727 mandamus
920 1665 990 1726 illas
1009 1666 1044 1727 ad

297 1759 405 1819 valvas
427 1759 576 1820 Basilicae
598 1760 751 1837 Principis
767 1759 993 1836 Apostolorum
1015 1769 1046 1820 et

297 1851 510 1913 Canceliariae
533 1853 741 1931 spostolicae,
768 1871 825 1914 trec
854 1870 917 1914 non
940 1855 1045 1915 curiae

299 1946 459 2021 generalis
488 1947 520 2006 in
550 1946 655 2007 Monte
683 1947 839 2017 citatorio,
871 1947 1044 2008 acinacie

284 2038 398 2115 campi
415 2039 526 2100 Florae
542 2040 581 2100 de
597 2039 681 2100 Urbe
695 2056 751 2117 per
764 2040 902 2116 aliquem
919 2056 958 2101 es
974 2058 1044 2101 our-

297 2131 424 2193 soribus
446 2132 574 2204 nostris,
593 2139 628 2193 ut
648 2133 747 2193 moris
762 2141 820 2202 est,
839 2133 992 2209 publicari
1009 2133 1043 2194 il-

297 2224 467 2300 larurnque
490 2225 636 2301 exempla
651 2224 769 2286 ibidem
785 2225 875 2286 allisa
890 2226 1040 2302 relinqui.

295 2457 298 2461 -
338 2431 367 2482 (tt
384 2429 508 2473 ttarndem
530 2428 693 2481 facultatem,
708 2429 739 2471 de
754 2440 805 2484 qna
822 2430 847 2472 in
868 2429 986 2484 proxime
1001 2440 1044 2473 an·

297 2497 478 2540 tecedentihus
500 2495 595 2549 literis,
609 2496 727 2540 concedit
747 2497 779 2541 oh
794 2498 913 2540 earrtdem
935 2507 1041 2541 creusam

298 2563 399 2608 vicario
413 2565 558 2621 apostolico
573 2563 724 2607 Cocinciuae
739 2564 847 2618 eiusque
860 2564 1014 2608 coadiutori.

513 2688 693 2730 essecutus
709 2688 752 2729 Pr.
768 2688 829 2729 XVI.

464 2785 500 2825 ad
513 2784 639 2830 futuram
654 2786 693 2824 ret
708 2786 873 2825 ttwrnortum.

336 2903 504 2959 apostolatus
517 2903 627 2948 officium
641 2904 714 2949 nohis
725 2904 852 2948 divinitus
862 2906 1041 2949 concreditum

296 2971 421 3025 postulat,
438 2976 467 3015 ut
480 2972 697 3016 christifidelium
714 2973 916 3017 necessitatibus
928 2974 1042 3018 rrraxima

296 3036 433 3093 vigilantia
447 3039 625 3083 consulamus.

302 3107 306 3110 ’
334 3113 346 3153 ι
362 3109 379 3149 l.
396 3110 488 3162 ltaque
502 3118 562 3150 curn
579 3118 675 3160 rnagno
689 3108 793 3162 paterni
808 3107 890 3151 arriani
907 3107 990 3151 nostri
1000 3108 1041 3150 dt)-

295 3173 350 3218 lore
365 3174 441 3218 nobis
457 3173 604 3218 innotuerit
623 3173 649 3217 in
666 3175 814 3230 apostolico
833 3174 1041 3218 (hinchinchinae

295 3240 430 3285 vicariatu
445 3244 584 3284 cruentam
599 3241 685 3284 adhuc
699 3244 791 3284 contra
810 3241 997 3284 christifideles
1012 3252 1041 3285 ac

295 3307 433 3363 praecipue
448 3307 583 3363 operarios
599 3309 763 3362 evangelicos
778 3308 945 3352 ethnicorum
959 3321 1042 3364 perse·

293 3374 426 3418 cntionem
448 3373 557 3426 terrere,
580 3385 727 3430 magnoque
750 3380 888 3431 propterea
911 3377 937 3419 in
952 3375 1041 3419 discri-

294 3442 365 3485 mine
381 3441 480 3486 versari
497 3442 604 3487 illorum
625 3443 773 3496 praesulem
795 3454 851 3486 ven.
867 3443 976 3486 fratrem
993 3446 1041 3486 hle-

294 3509 506 3564 tellopolitanum
529 3510 683 3564 Episcopum
701 3510 796 3554 vicarii
814 3510 952 3565 .·tpostolici
968 3511 1040 3554 coad-

294 3574 418 3625 iutorem,
432 3586 462 3619 ac
478 3579 534 3618 turn
549 3575 581 3618 oh
599 3575 695 3618 ricarli
711 3575 793 3630 ipsius
808 3576 965 3630 absentiam,
983 3581 1039 3620 tum

293 3640 325 3686 ob
339 3645 539 3697 persecutorum
555 3640 665 3685 insidias
682 3642 755 3686 ratde
771 3642 917 3685 timendum
934 3654 974 3693 ne,
990 3654 1039 3686 rne-

293 3712 395 3754 morato
410 3711 533 3766 praesule
548 3709 573 3753 in
585 3720 679 3754 manus
691 3715 888 3765 persecutorum
901 3710 1040 3763 incidente,

292 3786 355 3829 grex
371 3776 417 3820 ille
438 3777 484 3820 diu
507 3782 612 3820 inanest
635 3780 741 3820 Pastore
762 3777 918 3829 destitutus,
940 3789 987 3820 nos
1008 3778 1039 3821 de

294 3854 367 3885 verm.
385 3841 497 3885 fratrum
514 3848 665 3886 nostrorum
682 3846 704 3885 S.
718 3846 745 3886 R.
760 3846 785 3887 E.
802 3842 982 3887 cardinalium
1000 3854 1040 3886 ne·

292 3908 371 3964 gotiis
394 3909 580 3964 Propagandae
599 3909 670 3952 Eidei
691 3909 900 3964 praepositormn
920 3909 1039 3961 consilio,

293 3979 346 4020 tam
363 3975 466 4019 Vicario
478 3976 625 4031 apostolico
639 3987 718 4031 quam
730 3976 881 4032 supradicto
891 3976 1038 4020 coadiutori

292 4043 446 4087 facultatem
456 4042 625 4087 tribuendam
637 4044 797 4095 censuimus,
808 4048 844 4095 ut,
854 4044 939 4087 altero
947 4054 1038 4087 eorum

292 4111 414 4164 obeunte,
424 4114 560 4165 superstes
574 4111 642 4154 alter
653 4123 682 4154 ex
694 4111 812 4166 probatis
823 4111 968 4155 vicariatus
980 4111 1037 4155 mis·

292 4177 416 4223 sionariis
431 4188 493 4221 eurn
509 4178 534 4221 in
550 4178 730 4222 coadiutorem
753 4178 802 4221 sibi
818 4178 940 4231 adiecere
955 4190 984 4221 ae
999 4177 1039 4222 de-

292 4251 386 4300 putare
407 4245 501 4298 valeat,
516 4256 594 4300 quem
610 4244 635 4288 ιιι
652 4247 760 4288 Dortttno
781 4245 928 4297 digniorem
944 4243 1039 4288 iudica-

293 4313 368 4364 verit,
383 4324 442 4356 cum
459 4313 517 4356 inre
539 4312 712 4356 successionis
726 4317 752 4355 et
767 4311 921 4354 charactere
942 4311 1039 4365 episco-

292 4379 354 4434 pali,
368 4379 512 4434 eodemque
534 4378 614 4422 titulo
629 4377 753 4421 ecciesiae
768 4377 794 4419 in
811 4377 931 4433 partibus
951 4377 1039 4420 intlde-

291 4445 365 4497 liom,
381 4457 432 4501 quo
446 4445 586 4489 defunctus
602 4444 706 4500 praesul
723 4445 858 4499 praeditus
874 4445 967 4487 fuerat.

330 4514 376 4559 st.
394 4512 568 4561 Quamobrem
585 4512 655 4555 hisce
670 4512 757 4555 literis
771 4512 932 4555 auctoritate
948 4511 1038 4554 nostra

291 4578 435 4634 apostolica
452 4582 505 4623 tam
523 4580 669 4635 apostolico
681 4579 784 4622 t'ioario
794 4590 873 4634 otram
883 4589 1039 4621 commemo·

292 4649 350 4691 rato
364 4646 513 4690 coadiutori
528 4646 691 4689 necessarias
701 4650 780 4702 atque
790 4649 951 4701 opportunas
962 4646 1039 4690 facul·

292 4714 359 4756 tates
370 4713 515 4757 tribuimus
526 4717 605 4768 atque
615 4714 790 4760 currcedimus,
803 4718 839 4766 ut,
850 4724 909 4757 cunt
921 4715 990 4758 alter
1000 4728 1039 4757 eo·

293 4790 351 4822 rum
373 4779 458 4832 obeat,
472 4778 517 4834 qui
539 4783 673 4834 superstes
689 4792 718 4823 ex
736 4779 798 4834 ipsis
820 4780 910 4832 scierit,
931 4793 991 4823 eum
1008 4793 1038 4824 er

292 4845 409 4901 probatis
429 4845 571 4889 vicariatus
593 4845 776 4898 rnlssiouariis,
791 4858 868 4901 qrrem
890 4847 1037 4899 digniorem

290 4924 320 4955 ac
336 4913 421 4965 magis
437 4912 498 4955 hnic
513 4912 617 4956 muneri
639 4911 761 4956 idoneum
783 4913 808 4956 in
824 4913 932 4957 ltornino
952 4915 1039 4958 existi·

292 4978 412 5031 macerit,
427 4977 477 5021 sibi
493 4977 520 5020 in
534 4978 714 5022 coadiutorem
730 4978 828 5032 eligere
845 4979 935 5034 possit,
951 4981 987 5025 ita
1003 4986 1038 5024 ta·

292 5055 351 5087 rnen
366 5047 395 5087 nt
409 5044 547 5088 coadiutor
564 5044 601 5088 ita
616 5044 716 5087 electus
736 5045 839 5088 nonnisi
855 5057 893 5099 ea,
908 5058 975 5101 qttae
991 5048 1038 5091 hac

290 5111 317 5154 in
332 5121 361 5154 re
376 5110 416 5155 illi
438 5110 471 5154 ah
491 5111 603 5154 electore
624 5109 783 5155 demandata
805 5110 911 5164 fuerint,
932 5113 1038 5157 oninino

290 5182 428 5233 praestare
451 5181 585 5231 tenentum
608 5178 712 5232 qnarrdo
733 5185 823 5222 alutem
841 5189 936 5222 munus
951 5180 1039 5222 huius-

291 5243 360 5287 modi
376 5243 572 5300 quomodolibet
591 5245 731 5297 vatcauerit,
750 5246 930 5289 coadiutorem
951 5251 981 5290 nt
998 5258 1039 5291 su·

291 5322 337 5365 pra
351 5310 503 5364 eligendum
523 5310 657 5355 vicariurn
674 5311 850 5367 apostolicum
871 5313 1038 5357 concinnent-

291 5389 339 5422 nae
352 5388 412 5421 cum
428 5378 550 5422 omnibus
565 5383 592 5422 et
607 5379 720 5433 singulis
730 5379 910 5431 facultatibus,
921 5392 988 5434 quae
1000 5392 1039 5426 ra·

291 5445 362 5487 tione
376 5444 452 5488 oflicii
470 5445 621 5488 huiusmodi
636 5446 669 5489 ab
685 5446 733 5490 hac
744 5446 892 5500 apostolica
904 5445 968 5489 Sede
978 5460 1037 5503 orto·

291 5511 434 5555 modolibet
448 5523 585 5556 concessae
601 5516 671 5564 sunt,
687 5525 717 5555 er
734 5524 801 5555 nunc
816 5524 863 5567 pro
879 5518 941 5557 tunc
951 5521 1039 5558 aucto-

290 5578 371 5622 ritate
386 5582 413 5622 et
427 5582 518 5623 tenore
529 5580 671 5634 praedictis
682 5579 792 5623 tacimus
804 5584 830 5623 et
840 5581 1037 5633 constituimus,

290 5646 363 5691 salva
380 5649 467 5689 tamen
483 5658 587 5702 semper
602 5647 628 5690 in
644 5646 796 5702 praemissis
807 5648 967 5692 {anctoritate
978 5654 1039 5692 tton-

289 5713 453 5768 gregationis
468 5714 620 5757 eorumdem
641 5714 828 5757 cardinalium.
846 5717 993 5768 Praeterea,
1010 5721 1037 5759 ιιι

290 5779 358 5823 idern
378 5781 517 5825 coadiutor
537 5781 576 5824 ita
589 5780 726 5834 eligendus
745 5782 899 5824 charactere
918 5785 943 5824 et
959 5780 1038 5826 titulo

289 5847 430 5903 episcopali
445 5847 589 5903 insignitus
603 5847 705 5900 evadat,
716 5848 800 5891 eidem
813 5847 920 5891 electori
931 5849 1039 5893 faculta-

291 5918 343 5959 tem
358 5914 477 5969 tacimus,
492 5926 544 5971 qua
559 5915 650 5959 eadem
665 5913 825 5958 atteteritate
836 5919 926 5959 nostra
936 5923 1037 5971 aposto·

216 6034 219 6042 ,
289 5981 340 6026 lica
354 5982 535 6027 coadiutorem
551 5980 701 6036 eligendum
716 5979 789 6025 illius
801 5981 926 6026 ecclesiae
937 5983 1037 6037 Episco-

397 6104 449 6151 lur.
468 6105 537 6151 Pom.
553 6104 584 6150 de
599 6106 673 6164 Prop.
692 6104 752 6150 Fide
766 6105 846 6150 Partis
861 6109 878 6151 1.
895 6104 948 6149 vol.
964 6106 989 6149 V.

1144 732 1256 793 batum
1286 732 1404 793 Romae
1433 732 1513 809 apud
1543 730 1574 792 S.
1600 731 1727 792 Mariam
1760 729 1851 790 hlaio·

1105 841 1173 886 rem
1197 827 1256 887 sub
1284 826 1403 887 annulo
1428 825 1593 885 Piscatoris
1622 824 1673 884 die
1702 840 1749 883 nr.
1781 822 1848 883 dec.

1105 935 1338 990 dccccxxxix„
1364 919 1564 996 pontificatus
1586 916 1685 978 nostri
1707 932 1849 976 annom.

1367 1172 1590 1179 Ἣ-

1425 1387 1527 1449 uttx.

1102 1571 1253 1637 Feruente
1268 1575 1508 1653 persequutione
1523 1575 1556 1635 in
1578 1575 1744 1652 Tuupuino
1764 1575 1848 1636 nect·
1916 1633 1921 1639 ,

1141 1663 1262 1726 ‹lentot-i
1283 1666 1472 1745 fucultatem
1488 1668 1612 1746 confert
1630 1667 1754 1730 Vicorio
1770 1667 1848 1746 ,lpo-

1140 1757 1249 1818 stolico
1271 1759 1398 1837 eiusque
1423 1762 1614 1829 coadiutori,
1644 1768 1692 1830 ut,
1715 1762 1743 1821 ιι
1767 1763 1849 1822 alter

1140 1866 1248 1910 corum
1271 1869 1286 1911 e
1307 1853 1375 1913 otta
1391 1854 1530 1922 decedat,
1547 1862 1704 1933 superstes
1721 1873 1759 1915 en
1775 1854 1848 1914 *ntis-

1139 1945 1293 2006 st'onuriis
1330 1947 1508 2010 Vicuriotus
1539 1946 1600 2011 stoi
1632 1949 1848 2010 coadiutorem

1140 2039 1237 2122 stipat
1265 2040 1452 2121 Episcopum
1481 2043 1732 2104 cottsecrondum
1760 2042 1848 2102 illius

1139 2134 1286 2194 ecclesiae
1307 2135 1342 2194 iu
1362 2140 1449 2214 port.
1474 2136 1562 2215 iufid.
1587 2152 1666 2212 quoe
1688 2153 1727 2196 en
1749 2141 1848 2195 niorto

1138 2226 1273 2288 ulterius
1292 2228 1452 2306 praesulis
1474 2228 1638 2291 occurrerit
1659 2228 1714 2308 (l).

1099 2440 1159 2484 pum
1175 2431 1256 2485 eligat
1270 2442 1350 2486 atque
1365 2432 1489 2487 declaret,
1504 2446 1571 2489 quae
1586 2435 1611 2477 in
1626 2436 1745 2489 partibus
1760 2437 1848 2478 infide·

1098 2496 1162 2540 lium
1178 2509 1208 2540 ex
1223 2498 1338 2542 defuncti
1354 2501 1484 2554 praesulis
1501 2507 1585 2545 morte
1602 2503 1742 2555 vacaverit,
1757 2503 1847 2558 illique

1099 2567 1126 2605 ut
1142 2564 1173 2606 ad
1189 2565 1325 2609 ecclesiam
1349 2568 1476 2620 eattndern,
1498 2569 1625 2624 qttanrdiu
1647 2571 1680 2614 ab
1696 2570 1846 2615 infidelibus

1097 2629 1268 2683 detinebitur,
1283 2633 1415 2684 accedere,
1431 2640 1457 2677 et
1471 2636 1540 2690 :titud
1552 2647 1609 2679 eam
1622 2639 1798 2692 personaliter
1808 2650 1846 2681 re-

1097 2695 1182 2739 sidere
1205 2698 1313 2741 minime
1336 2703 1468 2754 teneatur,
1485 2701 1554 2745 dicta
1576 2704 1737 2746 anctoritate
1755 2709 1846 2749 nostra

1096 2764 1228 2816 concedat,
1244 2764 1389 2818 indulgeat,
1404 2772 1484 2822 atque
1500 2768 1549 2823 ipsi
1565 2769 1672 2813 electori
1690 2771 1730 2813 rel
1745 2770 1792 2814 alii
1807 2783 1846 2815 ca·

1099 2828 1195 2872 tholico
1219 2831 1337 2874 Atrtistiti
1364 2833 1479 2887 gratiam
1504 2842 1530 2877 et
1552 2836 1763 2880 communionem
1785 2848 1844 2880 cum

1098 2895 1145 2939 hac
1160 2897 1224 2939 Sede
1241 2899 1388 2951 apostolica
1412 2900 1527 2953 habenti,
1551 2906 1580 2945 ut
1603 2914 1671 2946 unns
1686 2916 1716 2947 er
1733 2905 1797 2959 ipsis
1813 2906 1846 2948 ei-

1096 2961 1154 3005 dem
1169 2963 1317 3008 coadiutori
1334 2975 1362 3009 ut
1378 2978 1458 3022 supra
1469 2968 1597 3023 eligendo,
1609 2981 1640 3013 ac
1651 2976 1739 3024 postea
1752 2972 1778 3015 in
1790 2973 1846 3027 Epi-

1096 3040 1201 3084 scopum
1219 3031 1403 3086 renuntiando,
1420 3040 1558 3089 postquam
1573 3036 1606 3079 ab
1617 3049 1646 3080 eo
1657 3037 1844 3092 1n·ofessionetn

1096 3096 1240 3141 catholicae
1257 3098 1316 3141 fidei
1340 3100 1413 3143 iuxta
1434 3101 1562 3146 articulos
1577 3114 1593 3147 a
1608 3104 1667 3146 sede
1684 3113 1774 3148 nostra
1790 3116 1845 3159 pro-

1096 3163 1202 3216 positos,
1217 3175 1247 3207 ac
1263 3170 1354 3209 nostro
1369 3172 1394 3209 et
1410 3169 1543 3212 Romanae
1560 3170 1690 3214 Ecclesiae
1703 3171 1806 3214 nornine
1818 3172 1843 3215 n-

1095 3228 1213 3272 delltatis
1235 3229 1338 3274 debitae
1360 3233 1470 3277 solitum
1494 3234 1676 3280 iuramentum
1700 3238 1844 3292 receperit,

1097 3304 1192 3337 nrttmrs
1208 3297 1413 3342 etirrseorationis
1428 3305 1589 3345 auctoritate
1600 3307 1690 3347 nostra
1701 3305 1845 3360 apostolica

1097 3359 1246 3415 impendere
1269 3364 1341 3407 licite
1364 3367 1458 3419 valeat,
1480 3368 1662 3423 auertissent
1680 3371 1764 3415 hocei
1781 3372 1844 3415 assi·

1095 3429 1236 3482 steutihns,
1245 3431 1346 3475 duobus
1357 3432 1413 3477 loco
1422 3435 1608 3491 cpiscoporum
1618 3438 1781 3493 presbyteris
1791 3450 1844 3483 sae

1095 3496 1238 3550 sularibus,
1253 3510 1299 3541 seu
1319 3500 1508 3557 cuiuscumque
1531 3504 1644 3557 Ordinis,
1660 3507 1844 3560 Corrgregatio-

1097 3561 1144 3616 nis,
1160 3569 1186 3606 et
1196 3564 1319 3608 instituti
1334 3568 1502 3621 regularibus
1518 3571 1667 3625 praedictae
1683 3573 1762 3616 huius
1776 3574 1844 3618 sedis

1095 3630 1210 3681 gratiam
1226 3636 1252 3675 et
1267 3634 1477 3678 conamunionem
1495 3637 1661 3692 habentibus,
1677 3640 1844 3687 dictaaucto·

1096 3697 1176 3740 ritate
1191 3698 1294 3753 plenam
1306 3706 1332 3743 et
1344 3701 1455 3746 liberam
1468 3704 1613 3748 tribuimus
1623 3705 1783 3751 facultatem.
1799 3711 1844 3751 vo·

1095 3763 1184 3806 laurus
1208 3769 1305 3819 tamen,
1320 3769 1463 3824 eademque
1485 3772 1646 3816 anctoritate
1666 3775 1843 3830 praecipimus

1094 3834 1174 3884 atque
1187 3831 1361 3887 decernimus,
1371 3840 1408 3887 nt,
1419 3836 1469 3878 nisi
1480 3837 1593 3892 receptis
1603 3839 1636 3882 ah
1645 3839 1691 3883 illo
1700 3852 1746 3895 per
1756 3841 1843 3896 ipsum

1094 3903 1290 3942 cotrsecrnntern
1306 3899 1458 3946 iuramento
1472 3907 1500 3947 et
1511 3906 1671 3958 professione
1684 3907 1742 3950 fidei
1754 3908 1843 3951 huius·

1095 3964 1172 4018 modi,
1187 3965 1242 4020 ipse
1257 3969 1463 4013 corrsecrationis
1484 3983 1581 4016 tironus
1598 3974 1749 4029 impendere
1764 3981 1790 4018 et
1804 3988 1843 4019 co·

1093 4031 1200 4075 adiutor
1214 4032 1314 4077 dictum
1338 4047 1434 4080 rnunus
1456 4038 1589 4094 suscipere
1606 4043 1843 4098 praesumpserint,

1093 4103 1259 4140 corrsecrator
1273 4099 1414 4155 Episcopus
1424 4112 1439 4145 a
1451 4103 1609 4156 pontificalis
1621 4105 1697 4149 tiflicii
1709 4106 1843 4160 exercitio,

1093 4167 1119 4204 et
1136 4168 1190 4205 tam
1206 4164 1260 4218 ipse
1275 4176 1354 4220 quarn
1370 4167 1509 4213 coadiutor
1527 4181 1543 4214 a
1563 4170 1692 4225 regimine
1706 4177 1786 4229 atque
1801 4174 1844 4217 ad·

1095 4228 1292 4276 ministratione
1314 4235 1486 4279 ecclesiarum
1509 4250 1619 4283 suarum
1644 4241 1764 4296 suspensi
1788 4241 1842 4285 sint

1094 4306 1123 4338 eo
1138 4296 1201 4351 ipso.

1133 4371 1145 4412 s
1160 4367 1179 4409 3.
1196 4368 1351 4433 hlandamus
1367 4376 1505 4426 propterea
1521 4373 1546 4416 in
1560 4374 1658 4418 virtute
1669 4380 1775 4419 sanotae
1785 4376 1843 4420 obe·

1094 4431 1209 4477 dientiae
1230 4435 1352 4480 omnibus
1374 4443 1401 4481 et
1422 4439 1534 4494 singuiis
1556 4441 1675 4496 adoquos
1697 4447 1843 4497 spectatae

1094 4501 1224 4553 spectabit
1245 4502 1269 4545 in
1295 4512 1419 4559 tempore,
1441 4511 1469 4549 ιιι
1490 4507 1641 4552 huiusmodi
1661 4510 1840 4553 coadiutorem

1095 4566 1132 4609 ita
1147 4567 1297 4622 eligendum
1312 4571 1344 4614 ad
1360 4572 1472 4616 liberunt
1495 4574 1612 4618 eiusdem
1635 4577 1752 4619 muneris
1772 4588 1842 4620 exer·

1094 4631 1186 4674 citium
1210 4634 1284 4678 iuxta
1306 4638 1484 4690 praesentium
1508 4644 1625 4684 tenorem
1648 4642 1785 4696 recipiant,
1800 4643 1844 4686 ad-

1096 4698 1212 4754 mittant,
1228 4701 1320 4758 illique
1336 4704 1362 4747 in
1377 4706 1509 4761 omnibns,
1531 4719 1598 4763 quae
1616 4709 1649 4753 ad
1668 4708 1781 4753 ofliciunr
1798 4712 1845 4753 hu·

1095 4768 1207 4811 lusmodi
1224 4769 1364 4825 pertinent,
1375 4775 1479 4827 praesto
1490 4775 1543 4818 sint
1553 4781 1633 4832 satque
1643 4778 1775 4831 obediant,
1786 4789 1843 4822 sua-

1094 4847 1143 4890 que
1158 4836 1278 4880 salubria
1294 4839 1394 4883 monita
1409 4844 1434 4883 et
1452 4842 1574 4886 inundata
1597 4845 1843 4888 1·everentersusci·

1094 4903 1167 4957 piant
1181 4909 1207 4947 et
1222 4905 1362 4949 ellleaeiter
1371 4908 1544 4963 adimpleant,
1554 4910 1670 4966 alioquin
1682 4912 1841 4956 sententiam

1094 4983 1139 5013 seu
1156 4982 1274 5025 poenanr,
1290 4984 1369 5027 qrratm
1385 4975 1435 5017 rite
1452 4975 1546 5019 tulerit
1560 4976 1587 5019 in
1603 4978 1715 5022 rebelles
1730 4991 1776 5023 seu
1793 4986 1843 5023 sta-

1095 5038 1186 5091 tuerit,
1208 5044 1294 5084 ratam
1318 5041 1483 5097 habebimus,
1498 5052 1522 5087 et
1538 5045 1664 5090 faciemus
1686 5050 1737 5091 Deo
1755 5053 1843 5091 aucto-

1095 5112 1170 5149 rante
1185 5108 1316 5162 usquead
1335 5111 1541 5156 satisfactionem
1563 5114 1719 5168 condignam
1736 5115 1843 5159 iuviola-

1094 5172 1183 5216 biliter
1198 5174 1340 5220 observari.

1133 5247 1178 5290 st,
1198 5247 1249 5287 h'on
1266 5246 1434 5290 obstantibus
1449 5248 1685 5293 constitutionibus
1700 5257 1725 5293 et
1740 5251 1843 5294 certina

1096 5309 1211 5354 tionibus
1232 5312 1383 5366 apostolicis
1399 5313 1423 5357 in
1445 5317 1609 5360 corrtrariunt
1634 5317 1841 5372 praemissorum

1093 5378 1288 5430 ‹puornodolihet
1310 5380 1448 5432 concessis,
1469 5382 1633 5425 confirmatis
1655 5388 1681 5424 et
1700 5383 1841 5436 innovatis,

1094 5443 1189 5499 quilius
1210 5445 1333 5489 orantibus
1348 5452 1374 5489 et
1390 5447 1503 5502 singulis
1526 5449 1631 5491 illorum
1652 5455 1755 5493 tenores
1772 5462 1843 5505 prae·

1094 5512 1221 5565 sontibus,
1237 5524 1284 5568 pro
1300 5513 1374 5567 plene
1389 5522 1414 5557 et
1431 5515 1591 5559 sufficienter
1612 5517 1751 5571 expressis,
1767 5530 1796 5561 ac
1811 5518 1842 5560 de

1096 5578 1172 5621 rer-bo
1193 5579 1225 5622 ad
1248 5580 1356 5622 rertmm
1381 5583 1488 5625 insertis
1511 5584 1644 5630 linientes,
1663 5584 1716 5626 illis
1731 5586 1799 5629 alias
1816 5586 1841 5628 in

1094 5654 1141 5687 suo
1153 5643 1248 5686 robore
1258 5647 1447 5699 permansuris,
1459 5648 1489 5690 ad
1503 5650 1708 5703 praemissorum
1720 5652 1840 5695 eflectum

1095 5709 1143 5752 hac
1157 5708 1211 5752 vice
1226 5711 1366 5755 dumtaxat
1388 5714 1537 5767 specialiter
1552 5723 1577 5757 et
1593 5728 1714 5771 expresse
1735 5719 1843 5773 deroga-

1095 5785 1161 5829 mus,
1175 5776 1340 5832 caeterisque
1355 5780 1497 5822 contrariis
1512 5781 1728 5836 qttitntscuunpte.

1134 5845 1228 5886 tratum
1248 5847 1355 5899 Rornae,
1373 5846 1442 5901 apud
1465 5850 1488 5890 S.
1510 5848 1619 5892 Mariam
1643 5851 1777 5904 hlaiorem,
1793 5851 1841 5895 sub

1092 5911 1191 5954 annulo
1212 5911 1361 5965 Piscatoris,
1381 5913 1422 5956 die
1441 5926 1464 5957 x,
1485 5916 1629 5960 decentbris
1651 5929 1840 5972 srncccxxxtx,

1095 5980 1262 6038 pontificatus
1277 5981 1362 6025 nostri
1376 5991 1445 6025 anno
1460 5993 1495 6025 rx.

1708 6108 1735 6151 99

1774 594 1834 656 225
1883 594 1936 644 An.
1951 597 1980 646 O.
2004 595 2071 646 teas
