4822 6986
1014 651 1113 698 tubex
1134 649 1345 696 nunnreanuu
1405 659 1407 662 ·
1877 627 1935 689 163

371 755 373 759 ’
443 769 660 850 Apostolicos,
685 769 722 832 ab
747 769 828 848 ipso,
853 770 955 832 donee
977 767 1143 844 erigantur

443 863 481 926 in
503 864 679 937 dioeceses,
703 863 876 940 regendos.
901 862 970 924 365.

1260 750 1409 828 delinitos
1432 764 1551 828 limites
1572 765 1605 826 in
1628 780 1750 827 novum
1767 763 1954 826 vicariatum
1994 747 1997 752 ’

1258 875 1306 938 ap.
1331 858 1438 936 erigit.
1463 857 1533 920 361.

364 952 506 1020 GCLX.
530 957 616 1019 Duos
639 973 679 1017 ea
699 955 956 1018 moderatoribus
975 953 1145 1017 Seminarii
1197 951 1354 1014 GGLlllll.
1379 951 1565 1014 Africanum
1591 951 1793 1014 territorium
1819 953 1857 1014 ad
1886 967 1952 1014 me-

448 1049 637 1112 Parisiensis
664 1048 854 1110 Missionum
877 1049 914 1111 66
937 1054 1065 1110 exteros
1086 1046 1144 1108 im·

450 1161 551 1224 pense
573 1145 689 1216 laudat,
714 1149 757 1216 et,
778 1141 1038 1206 commemoratis
1059 1140 1145 1203 labo·

451 1238 541 1300 ribus
563 1237 596 1298 in
618 1235 828 1298 missionibus
850 1233 887 1296 ab
910 1234 1048 1296 alumnis
1063 1233 1145 1295 eius-

1257 1047 1372 1109 ridiem
1396 1044 1573 1108 dbissiniae
1592 1064 1608 1107 6
1629 1045 1755 1125 populis
1775 1045 1886 1108 Gallos
1902 1047 1955 1108 ba-

1258 1139 1361 1201 bitum
1381 1139 1414 1200 in
1430 1155 1552 1202 novum
1568 1139 1757 1202 vicariatum
1772 1145 1873 1217 apost.
1892 1139 1953 1201 eri-

1258 1234 1314 1310 git.
1339 1233 1417 1298 lbid.

401 1325 409 1334 '
451 1331 523 1394 dem
539 1329 679 1391 instituti
694 1328 873 1398 exantlatis,
889 1343 1004 1406 corpus
1017 1326 1048 1388 b.
1063 1342 1144 1387 mar·
1199 1325 1343 1390 cclxx.
1360 1326 1451 1390 Novo
1463 1326 1628 1388 vicariatui
1640 1332 1740 1404 apost.
1755 1325 1840 1388 inter
1853 1342 1954 1406 popu-

452 1423 531 1502 tyris
553 1422 733 1502 Phosphori
755 1422 861 1484 eidem
889 1419 1068 1482 Seminario
1090 1419 1143 1482 do-

450 1523 503 1578 nat
524 1516 713 1595 propediem
735 1515 940 1597 mittendum.
965 1512 1034 1575 356.

1260 1421 1306 1483 los
1324 1419 1599 1484 66116616616166
1616 1425 1724 1482 erecto
1740 1419 1951 1482 Guillelmum

1263 1513 1391 1576 Massaia
1413 1513 1471 1592 Ep.
1488 1513 1689 1577 Cassiensem
1705 1512 1858 1590 praeficit.
1882 1511 1952 1575 362.

382 1609 519 1672 cccxl.
550 1607 728 1671 Gonlirmat
758 1607 943 1670 ltistitutum
977 1605 1142 1670 11666666-
1200 1604 1358 1670 CCLXXI.
1385 1607 1644 1670 blanduriensem
1666 1606 1763 1668 vicar.
1787 1621 1836 1684 ap.
1858 1605 1955 1668 1616-

452 1719 524 1765 rum
547 1701 782 1766 Gbaldaeorum
804 1700 836 1764 S.
854 1701 1041 1763 Hormisdae
1056 1699 1143 1764 Ordi-

453 1797 501 1858 nis
526 1795 557 1859 S.
582 1795 723 1868 Antonii,
740 1811 775 1857 66
792 1795 955 1858 monacbis
972 1794 1143 1857 obseruan-

451 1891 504 1953 das
533 1890 684 1969 proponit
711 1889 841 1967 regulas
871 1905 928 1968 pro
955 1889 1143 1951 Antonianis

1261 1701 1319 1763 diis
1344 1700 1464 1764 Orient.
1490 1699 1560 1764 Soc.
1584 1699 1653 1762 lesu
1678 1698 1851 1762 committit
1872 1700 1955 1762 adie-

1258 1795 1316 1856 ctis
1348 1795 1586 1858 conditionibus
1609 1801 1641 1856 et
1662 1793 1790 1872 praevia
1814 1792 1955 1854 limitum

1257 1888 1455 1952 definitione.
1478 1887 1548 1952 363.

427 2040 430 2048 .
453 1984 615 2047 Maronitis
637 2001 653 2045 6
674 1983 842 2046 Clemente
858 1983 922 2044 llll.
945 1983 1141 2062 approbatas,
1199 1981 1371 2046 CCLXXII.
1395 1982 1476 2045 lulio
1498 1981 1611 2044 Alexio
1635 1981 1705 2046 Soc.
1729 1981 1800 2045 lesu
1821 1983 1952 2060 presby-

453 2079 616 2141 uonnullis
639 2083 746 2139 tamen
768 2076 887 2139 inillis
910 2077 1143 2140 mutationibus

452 2173 539 2235 lactis
568 2187 626 2250 per
649 2170 679 2233 S.
704 2171 1000 2248 congregationem
1027 2171 1143 2249 patela-

451 2265 583 2329 ciendis.
607 2265 685 2326 lbid.

1261 2084 1330 2140 tero
1346 2093 1430 2138 novo
1445 2077 1610 2142 vicariatut
1629 2076 1846 2139 blanduriensi
1862 2092 1953 2154 prae-

1249 2172 1401 2244 ‚fioiendo
1418 2171 1547 2234 titulum
1563 2187 1612 2249 ep.
1631 2170 1707 2234 6661.
1723 2171 1904 2232 Tamassen.
1922 2171 1955 2233 in

1259 2265 1364 2328 insula
1386 2265 1483 2344 Cypri
1505 2264 1640 2327 confert.
1664 2263 1733 2326 366.

392 2359 534 2422 cccxli.
558 2359 714 2436 Prorogat
735 2360 773 2420 ad
795 2358 911 2435 viginti
934 2375 1033 2420 annos
1049 2358 1145 2422 lacul-
1199 2358 1383 2422 CCLXlllll.
1408 2358 1558 2422 Aletium
1581 2357 1685 2420 Ganoz
1712 2358 1854 2438 presbyt.
1880 2359 1950 2422 Soc.

453 2461 532 2515 tates
559 2470 574 2514 6
597 2453 704 2516 Leone
727 2451 791 2514 Xll.
817 2453 1001 2531 Praeposito
1031 2469 1142 2530 gener.

453 2546 485 2609 S.
506 2547 529 2608 l.
554 2561 729 2609 concessas.
754 2545 823 2608 357.

1259 2453 1330 2514 lesu
1352 2468 1437 2514 novo
1460 2439 1678 2515 Ma'nduriensi
1698 2452 1759 2514 vio.
1783 2451 1952 2532 661616-
2016 2467 2018 2472 ’

1260 2547 1319 2609 diis
1341 2544 1555 2610 Orientalibus
1578 2545 1730 2624 praeficit.
1754 2544 1823 2607 366.
1870 2581 1872 2586 =

392 2640 547 2704 66161111.
573 2640 757 2702 blissionem
777 2639 939 2718 Tanquini
954 2640 987 2702 in
1004 2642 1083 2703 duos
1099 2643 1145 2702 vi·
1202 2639 1390 2703 CCLXXlV.
1408 2640 1500 2704 Dolet
1516 2641 1555 2702 de
1571 2639 1783 2702 matrimoniis
1800 2640 1906 2702 mixtis
1918 2641 1956 2703 ab

452 2734 586 2796 cariatus
609 2733 774 2796 distinctos
796 2734 920 2796 dividit.
944 2733 1022 2796 lbid.

395 2827 551 2891 CCLXlV.
583 2827 782 2890 Provinciam
812 2826 1004 2890 llouei-Kou
1027 2846 1043 2890 a
1064 2829 1145 2891 vica-

454 2923 534 2984 riatu
557 2927 657 3000 apost.
683 2919 877 2984 Sutcbueusi
899 2921 932 2982 in
955 2921 1039 2984 Sinis
1058 2939 1146 3002 sepa-

454 3021 502 3076 rat
523 3021 555 3076 et
574 3015 608 3076 iu
624 3029 745 3076 novum
762 3015 949 3077 distinctum
965 3015 1026 3077 vic.
1044 3027 1143 3094 apost.

453 3107 681 3186 mmtffiS=
1083 3125 1086 3130 ·

393 3201 538 3265 cclxv.
563 3201 707 3280 laponiae
727 3211 879 3280 regnum,
897 3203 984 3265 iuxta
1000 3207 1144 3280 modum,

455 3295 488 3356 in
509 3294 696 3356 vicariatum
720 3312 768 3373 ap.
794 3295 901 3373 erigit.
925 3296 994 3358 359.

396 3388 552 3452 cclxvi.
566 3389 749 3450 Provincias
762 3390 970 3468 che-lliaug
983 3397 1015 3452 et
1026 3392 1145 3470 Kiang-

457 3482 490 3545 Si
515 3484 548 3544 in
572 3481 656 3544 Sinis
678 3483 710 3543 iu
733 3484 812 3545 duos
840 3483 937 3546 vicar.
962 3500 1010 3563 ap.
1035 3485 1149 3548 dividit

455 3577 542 3638 iuxta
564 3577 708 3639 modum.
732 3575 810 3639 lbid.

395 3668 566 3732 cctva.
590 3669 750 3747 Regiones
773 3671 870 3734 medii
899 3677 995 3750 atque
1015 3672 1147 3736 1616616-

1262 2735 1403 2797 Ecclesia
1421 2733 1529 2797 vetitis
1545 2735 1577 2796 in
1592 2733 1803 2811 Friburgensi
1818 2733 1956 2796 dioecesi

1260 2829 1418 2902 invectis,
1442 2845 1476 2890 66
1498 2828 1604 2890 laudat
1624 2827 1819 2906 Episcopum
1841 2828 1956 2890 doctri-

1262 2939 1335 2984 nam
1359 2921 1520 2984 Ecclesiae
1541 2922 1575 2984 in
1597 2921 1631 2984 66
1653 2937 1690 2982 66
1708 2927 1956 2998 promoventem

1261 3024 1293 3079 et
1314 3016 1436 3078 abusus
1459 3014 1575 3078 tollere
1597 3019 1785 3088 conantem;
1810 3013 1956 3092 pluribus

1262 3111 1447 3181 confirmat,
1479 3114 1511 3170 et
1532 3107 1653 3184 ubique
1681 3107 1791 3169 ualere
1820 3107 1952 3180 asserit,

1263 3195 1524 3267 benedictionem
1546 3199 1580 3261 in
1601 3199 1715 3261 iisdem
1742 3199 1956 3262 matrimoniis

1262 3297 1422 3378 impertiri
1437 3313 1502 3358 non
1519 3310 1614 3376 posse
1628 3309 1710 3371 quae
1726 3295 1956 3357 contrabantur

1260 3393 1330 3455 sine
1353 3390 1590 3470 dispensatione
1611 3395 1646 3450 et
1667 3387 1878 3462 cautionibus
1896 3389 1957 3452 etsi

1262 3485 1377 3549 alicubi
1394 3484 1433 3547 ob
1449 3484 1608 3550 invectam
1625 3481 1892 3545 consuetudinem
1910 3491 1956 3545 to·

1261 3581 1385 3642 leretur
1413 3585 1450 3640 ut
1470 3579 1508 3640 iis
1537 3575 1756 3648 benedicatur,
1780 3575 1806 3636 si
1828 3575 1955 3654 dispen-

1261 3672 1340 3735 satio
1363 3679 1397 3738 et
1418 3671 1581 3734 cautiones
1604 3670 1846 3754 praecesserint.
1864 3667 1933 3732 366.

454 3763 499 3825 ris
522 3764 650 3826 Tbibeti
669 3764 703 3826 in
725 3765 911 3828 vicariatum
928 3783 975 3845 ap.
995 3767 1092 3845 erigit
1107 3785 1146 3830 eu
1202 3765 1377 3830 CCLXXP'.
1398 3752 1956 3841 1116611666661661616666116,661-

457 3858 538 3921 urbe
559 3855 652 3919 Lassa
674 3859 918 3922 nominandum.
942 3859 1011 3923 366.

396 3947 580 4011 cclxviii.
611 3948 797 4013 Africanum
830 3952 1031 4016 territorium
1062 3955 1148 4017 inter

1263 3876 1304 3937 go
1331 3857 1429 3930 Cbile,
1453 3859 1542 3925 iuxta
1571 3857 1703 3920 modum
1735 3857 1848 3920 Boline
1878 3855 1955 3919 Gru-

1261 3953 1367 4016 6161666
1388 3952 1551 4016 indultum
1573 3951 1730 4014 coneedit.
1754 3950 1823 4013 369.

833 4188 1336 4256 SUPPLEMEN
1343 4189 1520 4256 TUM

398 4417 420 4481 l.
445 4419 635 4497 Prospectus
657 4419 794 4498 Collegii
816 4419 935 4483 Urbani
956 4420 987 4482 S.
1005 4420 1147 4498 Congre-

459 4513 595 4590 gationis
618 4513 657 4576 de
675 4515 768 4592 Prop.
786 4513 872 4586 Fide,
890 4521 985 4590 atoue
1001 4515 1146 4576 eiusdem

458 4607 666 4669 alumnorum
695 4609 733 4670 ad
761 4609 969 4672 scientiarum
991 4609 1094 4671 studia
1116 4615 1148 4672 et

458 4701 495 4762 ad
509 4701 723 4763 sacerdotium
738 4701 961 4764 institutionis.
983 4718 1058 4782 666.
1075 4701 1144 4764 371.

1261 4420 1433 4482 Instructio
1458 4419 1489 4484 S.
1509 4418 1778 4497 Congregationis
1801 4419 1840 4481 de
1859 4419 1952 4498 Prop.

1263 4515 1340 4577 Fide
1356 4515 1393 4576 ad
1410 4513 1685 4594 Arcbiepiscopos,
1703 4511 1953 4590 6666666671-

1262 4609 1362 4672 carios
1385 4607 1584 4687 Apostolicos
1600 4607 1743 4684 aliosque
1759 4606 1952 4668 missionum

1261 4702 1440 4766 Praesules
1465 4701 1534 4766 376.

400 4791 436 4853 11.
459 4793 600 4870 Regulae
622 4809 681 4873 pro
702 4794 855 4872 Collegiis
883 4795 1070 4857 Missionurn
1092 4794 1147 4859 Or·
1201 4796 1252 4859 lv.
1273 4795 1527 4858 constitutiones
1544 4795 1777 4858 monachorum
1794 4793 1951 4872 Syrorum

461 4887 541 4948 dinis
564 4886 811 4966 Capucinorum.
835 4888 904 4950 373.

399 4980 448 5041 111.
471 4980 613 5058 Regulae
628 4981 832 5044 Praesulibus
848 4982 1035 5045 Missionum
1052 4983 1146 5045 tradi·

460 5079 509 5136 tae
524 5091 582 5152 pro
603 5074 806 5137 institutione
829 5076 906 5138 cleri
928 5076 1109 5154 indigenae.
1128 5107 1145 5121 -

1262 4889 1491 4952 Maronitarum
1523 4887 1650 4952 Ordinis
1683 4886 1789 4950 Sancti
1822 4886 1952 4950 Antonii

1261 4982 1390 5137 zbbggris
1419 4981 1687 5060 Congregationis
1717 4981 1833 5043 ltlontis
1862 4979 1951 5042 Liba·
