1290 1823
193 170 219 183 Δ11.
227 171 241 184 C.
253 171 287 184 1832
312 171 332 187 50

303 206 323 223 tis
335 207 351 223 in
362 212 396 223 eam
408 209 461 224 subito
471 209 572 225 altitudinem
587 210 635 225 maris
646 210 676 225 acti

304 230 388 249 fuerimus.
397 232 413 247 in
421 236 457 251 qua,
466 232 496 248 nisi
503 233 569 248 dextera
577 233 604 248 Dei
613 233 677 248 fecisset

308 254 387 273 v'irlutem.
396 259 416 270 ex
424 256 507 271 teterrima
518 256 604 275 impiorum
615 256 676 276 conspi-

308 278 365 293 ·atione
373 282 402 294 nos
409 279 543 298 congemuissetis
549 279 635 295 demersos.
647 280 676 295 lle-

308 300 346 320 'ugit
356 301 418 317 animus
431 302 520 318 tristissima
531 304 555 318 tot
565 303 676 318 discriminum

308 324 399 340 *ecensione
407 327 498 345 susceptum
507 325 544 341 inde
552 330 644 342 moerorem
652 330 676 342 re-

308 347 369 367 'ricare;
381 349 454 368 patrique
460 349 512 369 potius
523 350 575 365 omnis
583 350 676 365 consolatio-

308 371 328 386 1is
339 371 455 390 benedicimus,
467 372 499 392 qui.
510 373 579 388 disiectis
590 373 677 392 perduelli-

308 398 339 412 ]us.
348 396 428 414 praesenti
436 400 464 411 nos
471 396 531 415 eripuit
538 396 615 416 periculo.
622 398 675 415 atque.

308 418 442 434 vnrbulentissima
453 419 505 434 sedata
517 421 621 439 tempestate.
633 419 677 435 (ledit

308 446 312 457 1
322 443 367 457 metu
379 442 464 461 respirare,
476 442 589 462 Proposuimus
598 442 641 458 illico
649 446 677 458 vo-

308 465 365 480 Jiscum
376 465 495 481 communicare
503 466 567 481 consilia
574 466 592 481 ad
600 466 677 481 sanandas

308 488 409 504 :unu-itiones
422 488 479 507 1srael3
490 489 518 504 sed
529 489 587 508 ingens
601 493 676 505 curarum

308 511 361 529 moles.
374 512 432 531 quibus
443 512 459 527 in
471 512 568 528 concilianda
582 512 641 532 publici
652 516 677 528 or-

308 535 345 550 linls
356 535 459 551 restitutione
470 535 524 551 obruti
535 535 600 553 ruimus.
615 539 677 551 moram

308 562 343 573 unc
354 560 417 574 nostrae
428 558 465 574 huic
476 559 534 574 obiecit
544 559 629 574 voluntati.

325 581 368 597 Nova
379 581 444 597 interim
455 582 520 597 accessit
531 586 576 597 causa
587 582 647 597 silentii
658 582 678 598 ob

308 604 407 620 actiosorum
421 605 528 623 insolentiam.
544 605 572 624 qui
585 605 631 625 signa
642 609 678 625 per-

308 628 391 643 luellionis
405 628 464 643 iterum
478 628 552 644 attollere
567 629 618 644 conati
633 631 676 644 sunt.

308 651 336 667 *Ios
342 651 407 670 quidem
414 653 472 667 tantam
478 652 562 667 hominnm
567 652 677 671 pervicaciam.

308 678 374 694 luorum
386 675 472 690 effrenatus
483 675 528 690 furor
538 675 633 694 impunitate
644 675 678 691 diu-

308 702 352 713 turna
368 698 481 717 impensaeque
498 700 561 714 nostrae
575 698 678 718 benignitatis

311 721 405 740 ndulgeutia
419 725 452 737 non
467 721 536 739 deliniri.
548 722 576 737 sed
591 722 611 737 ali
626 722 678 741 potius

308 744 437 764 :onspiciebatun
444 744 529 760 debuimus
538 745 607 762 tandem.
616 745 678 764 ingenti

308 768 343 783 licet
353 772 389 783 cnm
401 771 482 786 moerore,
491 772 510 783 ex
518 768 573 783 collata
582 768 628 783 nobis
639 768 678 784 divi-

308 791 348 807 nitus
359 791 462 809 auctoritate,
475 791 519 810 virga
532 795 635 811 compescere
645 791 677 811 (1);

308 819 326 830 ex
336 818 374 834 quo.
386 816 435 834 prout
445 814 475 830 iam
487 814 536 834 probe
547 815 627 830 coniicere
635 816 678 834 pote-

308 838 339 856 stis,
347 838 430 857 operosior
437 838 453 853 in
461 838 495 853 dies
501 838 574 853 instantia
580 840 633 853 nostra
639 842 679 857 quo-

308 861 364 877 tidiana
375 861 414 877 facta
425 863 455 876 est⁴

325 885 355 900 Ast
365 888 407 902 cum.
419 885 461 904 qnod
472 884 524 904 ipsum
536 884 593 900 iisdem
601 888 620 900 ex
628 885 679 900 causis

308 908 425 926 distuleramus,
439 908 470 924 iam
485 908 602 928 possessionem
616 908 679 927 pontiti-

308 933 350 947 catus
361 931 377 946 in
388 931 490 947 Lateranensi
502 931 567 947 Basilica
575 935 594 947 ex
602 935 648 947 more
655 931 678 947 in-

308 955 394 974 stitutoque
402 955 480 970 maiorum
489 955 592 972 adiverimus.
601 954 645 970 omni
653 954 679 970 de-

308 982 351 993 mum
362 978 421 993 abiecta
432 978 538 995 cunctatione.
551 978 569 993 ad
582 981 611 993 vos
622 981 679 997 prope-

308 1005 366 1019 ramus,
374 1001 475 1016 venerabiles
481 1001 544 1019 tratres,
553 1003 643 1020 testemque
652 1005 679 1016 no«

308 1026 349 1039 strae
355 1028 393 1043 erga
400 1028 429 1039 vos
437 1024 524 1040 voluntatis
532 1024 615 1044 epistolam
623 1025 679 1040 damus

308 1047 394 1063 laetissimo
405 1047 435 1063 hoc
446 1048 477 1065 (lie,
486 1051 518 1067 quo
529 1048 548 1063 de
560 1047 630 1067 Virginis
642 1047 679 1063 San-

308 1071 385 1086 ctissimae
392 1071 409 1086 in
416 1070 483 1086 Coelum
491 1070 586 1090 Assumptae
596 1071 680 1090 triumpho

308 1094 391 1110 sollemnia
402 1094 441 1110 resta
456 1094 553 1114 peragimus.
565 1096 583 1109 ut
594 1098 642 1113 quam
653 1094 679 1109 Pa-

308 1120 369 1133 tronam
380 1122 397 1133 ac
409 1117 487 1137 Sospitam
495 1117 538 1133 inter
546 1117 622 1132 maximas
634 1121 680 1136 quas>

308 1146 338 1161 que
349 1141 445 1157 calamitates
453 1141 568 1160 persensimus,
580 1141 612 1160 ipsa
619 1142 635 1156 et
642 1141 680 1156 scri-

308 1165 382 1180 bentibus
388 1165 406 1180 ἢεί
412 1168 441 1180 vos
447 1164 493 1180 nobis
499 1164 551 1180 adstet
556 1164 629 1184 propitia.
635 1168 680 1180 rnen-

308 1190 372 1207 temque
383 1189 454 1203 nostram
465 1187 531 1203 coelesti
538 1187 590 1203 aillatu
601 1191 631 1203 sno
638 1187 654 1203 in
662 1192 680 1203 ea

308 1212 371 1227 inducat
386 1211 456 1229 consilia.
472 1215 512 1230 quae
526 1210 617 1226 Christiano
631 1211 680 1230 Gregi

308 1235 360 1250 [utura
371 1235 403 1250 sint
414 1234 532 1254 quammaxime
542 1234 622 1249 salutaria.

327 1258 417 1274 Moerentes
432 1258 503 1277 quidem,
517 1258 602 1277 animoque
617 1257 680 1273 tristitia

308 1282 380 1297 confecto
388 1281 463 1297 venimus
470 1281 489 1297 ad
497 1285 531 1299 vos,
541 1285 581 1300 quos
589 1285 618 1300 pro
625 1282 680 1296 vestro

308 1305 323 1320 in
332 1304 428 1324 religionem
436 1304 495 1323 studio,
502 1308 522 1320 ex
528 1306 576 1322 tanta.
585 1304 601 1320 in
609 1308 639 1323 qua
648 1304 680 1324 ipsa

308 1330 386 1346 versatur.
402 1329 494 1347 temporum
508 1327 594 1343 acerbitate
610 1327 680 1343 maxime

308 1352 362 1367 anxios
374 1351 454 1366 novimus.
471 1351 513 1366 Vere
528 1351 571 1366 enim
585 1351 679 1369 dixerimus,

308 1375 363 1391 horam
378 1378 421 1390 nunc
435 1378 470 1390 esse
481 1374 563 1394 potestatis
576 1374 680 1389 tenebrarum

308 1398 326 1414 ad
337 1398 435 1415 cribrandos.
447 1398 488 1413 sicut
502 1397 579 1415 triticum,
595 1397 635 1412 tilios
649 1397 680 1413 eie-

308 1421 364 1437 ctienis
370 1421 398 1441 (Ξ).
408 1421 450 1436 Vere
456 1421 499 1436 luxit
505 1422 519 1436 el
525 1420 593 1441 defluxit
601 1422 645 1436 terra
652 1432 656 1436 .
664 1432 667 1435 .
676 1432 679 1436 .

308 1444 368 1464 insecta
376 1444 395 1460 ab
403 1443 520 1460 habitator-‘laus
531 1444 570 1461 suia,
579 1444 617 1463 quia
628 1445 681 1459 tram>

328 1504 343 1518 ut
351 1505 360 1516 1.
367 1505 425 1516 eui-nnn⁴
433 1506 444 1518 4,
451 1505 467 1516 21.

328 1521 343 1536 (n
351 1522 380 1533 Luc.
388 1522 405 1535 in,
412 1522 429 1532 sa

562 180 595 191 11111,
607 180 652 191 Pom.
665 180 685 192 nn
696 181 710 192 1».
722 181 737 192 1².
749 180 791 192 lmus
801 181 812 192 ιΔ

704 210 754 230 qressi
764 211 802 225 mut
814 210 860 230 leqes,
871 211 975 225 mutaverunt
989 209 1020 227 im,
1032 209 1078 225 dissi-

703 234 783 253 paverunt
794 233 849 253 foedus
859 233 974 253 sempiternum
985 232 1012 253 (3).

725 256 822 276 Loquimur,
839 256 940 272 venerabiles
957 256 1022 274 fratres.
1037 259 1078 275 quae

705 280 763 295 vestris
773 280 803 299 ipsi
813 279 863 295 oculis
874 279 970 299 conspicitis.
983 283 1023 298 quae
1036 283 1078 294 com·

705 303 781 318 munibus
792 303 851 318 idcirco
861 302 936 322 lacrymis
951 302 1077 321 ingemiscimus.

705 326 764 342 Alacris
775 326 837 342 exultat
847 326 946 345 improbitas.
954 325 1020 341 scientia
1027 325 1078 345 impu-

705 350 750 367 dens.
766 349 842 365 dissoluta
859 349 927 365 licentia⁴
943 349 1033 369 Despicitur
1044 353 1078 364 san<

705 373 749 388 ctitas
764 376 855 390 sacrorum.
871 374 887 388 et
901 376 942 391 quae
956 376 1030 391 magnam
1045 372 1078 387 vim

705 400 812 415 magnamque
823 396 933 411 necessitatem
944 395 1020 415 possidet.
1029 395 1078 411 divini

705 419 758 435 cultus
765 419 838 434 maiestas
845 419 864 434 ab
871 418 965 434 hominibus
973 422 1042 438 nequam
1050 419 1078 434 im-

705 442 787 462 probatur,
796 442 879 462 polluitur.
888 442 957 457 liabetur
964 442 1040 458 ludibrio.
1053 441 1078 457 Sa-

705 470 724 481 na
735 466 772 481 hinc
783 465 883 485 pervertitur
894 465 971 483 doctrina.
982 468 1078 484 erroresque

706 489 757 504 omnis
776 489 839 508 generis
856 488 980 504 disseminantur
998 488 1077 504 audacter.

705 513 740 529 Non
752 513 796 532 leges
807 516 898 530 sacrorum,
913 516 945 528 non
957 512 1000 530 iura,
1012 516 1045 528 non
1056 512 1078 527 in-

705 536 765 554 stituta.
777 540 810 552 non
820 536 908 551 sanctiores
918 536 1000 555 quaelibet
1011 535 1078 555 discipli-

706 564 735 575 nae
747 561 789 575 tutae
797 561 835 575 sunt
842 559 861 574 ab
868 559 931 574 audacia
941 559 1042 578 loquentium
1050 559 1079 574 ini-

706 587 742 602 qua.
754 583 825 598 Vexatur
835 582 913 598 acerrime
924 582 994 597 Romana
1005 582 1044 597 liaec
1052 586 1079 597 no-

705 608 738 621 stra
748 605 835 621 beatissimi
846 605 889 621 Petri
900 605 949 621 Sedes
960 605 976 621 in
984 609 1015 624 qua
1027 605 1079 625 posuit

705 629 779 645 Christus
788 629 868 645 Ecclesiae
877 629 1007 647 firmamentum
1018 630 1035 644 et
1045 628 1079 653 vin-

706 652 741 668 cula
752 652 817 668 unitatis
828 652 844 667 in
852 652 885 667 dies
897 652 947 671 magis
959 651 1078 669 labefactantur.

706 676 830 695 abrumpuntur.
842 675 898 691 Divina
904 675 984 690 Ecclesiae
995 675 1079 690 auctoritas

707 700 814 719 oppugnatur,
826 698 908 718 ipsiusque
919 698 981 714 iuribus
991 698 1078 716 convulsis.

706 722 816 738 substernitur
827 722 860 741 ipsa
873 721 942 737 terrenis
956 721 1050 739 rationibus.
1062 726 1079 737 ac

706 749 735 765 per
749 749 829 761 summam
843 745 918 760 iniuriam
931 745 968 760 odio
982 745 1079 764 populorum

706 769 796 786 subiicitur.
804 769 820 784 in
828 770 892 788 turpem
904 768 966 784 redacta
976 768 1078 784 servitutem.

707 792 761 808 Debita
776 791 857 811 Episcopis
874 791 964 807 obedientia
978 791 1078 811 infringitur.

707 819 796 834 eorumque
811 815 846 830 iura
860 814 979 830 conculcantur.
992 815 1080 832 Personant

707 839 806 854 horrendum
818 838 835 854 in
846 838 912 853 modum
924 838 1013 853 academiae
1024 842 1041 853 ac
1052 842 1080 858 gy-

707 862 767 877 mnasia
774 862 820 877 novis
828 862 922 881 opinionum
932 861 1013 879 monstris,
1021 861 1080 880 quibus

707 889 739 901 non
750 885 812 901 occulte
823 885 891 904 amplius
902 886 918 900 et
928 884 1006 900 cuniculis
1020 885 1080 904 petitur

707 908 786 924 Catliolica
801 908 846 926 fides.
858 908 886 924 sed
901 908 995 924 liorrisscum
1010 912 1027 923 ac
1037 908 1080 923 neia-

707 932 749 947 rinm
761 932 776 947 ei
787 931 848 947 bellum
860 933 914 951 aperte
929 931 960 946 iam
971 932 988 946 et
999 931 1079 950 propalam

707 955 782 970 infertur.
789 954 868 970 institutis
874 954 917 970 enim
923 954 1031 974 exemploque
1036 958 1080 974 prae>

707 980 797 997 ceptorum,
813 977 892 997 corruptis
907 977 1032 993 adolescentium
1048 978 1080 993 ani-

707 1001 743 1019 miS.
755 1001 813 1020 ingens
824 1000 908 1020 religionis
917 1001 974 1018 clades,
983 1005 1080 1020 morumque

707 1024 804 1044 perversitas
811 1024 893 1039 teterrima
898 1024 996 1043 percrebuit.
1001 1024 1040 1040 Hinc
1045 1028 1080 1044 por-

707 1052 726 1063 ro
737 1048 783 1063 {reno
794 1047 877 1067 religionis
883 1047 992 1063 sanctissimae
1003 1047 1079 1067 proiecto.

708 1075 736 1091 per
747 1075 795 1090 quam
806 1075 855 1086 unam
866 1075 915 1090 regna
926 1071 1022 1088 consistunt.
1031 1071 1080 1086 domi-

708 1096 787 1113 natusque
798 1094 822 1109 vis
833 1098 850 1109 ac
860 1094 911 1109 robur
924 1094 1006 1112 firmatur.
1020 1094 1081 1114 conspi-

708 1117 758 1133 cimus
766 1117 826 1132 ordinis
833 1117 892 1136 publici
899 1117 972 1135 exitium.
979 1117 1031 1133 labem
1038 1117 1081 1137 prin>

708 1141 774 1160 cipatus,
779 1140 864 1159 omnisque
870 1140 952 1159 legitimae
958 1140 1040 1160 potestatis
1045 1145 1081 1156 con-

708 1164 800 1179 versionem
807 1163 911 1179 invalescere⁴
918 1163 961 1182 Quae
967 1164 1032 1183 quidem
1039 1166 1081 1179 tanta

708 1187 814 1203 calamitatum
826 1187 910 1206 congeries
916 1191 936 1202 ex
947 1187 1011 1202 illarum
1022 1187 1039 1202 in
1050 1187 1081 1207 pri-

708 1211 739 1226 mis
749 1210 867 1230 conspiratione
874 1210 969 1226 societatum
976 1212 1000 1226 est
1007 1212 1081 1230 repeten-

708 1235 732 1252 da.
744 1234 760 1249 in
771 1238 810 1253 quas
821 1234 899 1253 quidquid
909 1234 925 1249 111
937 1234 1031 1249 haeresibus
1041 1234 1081 1250 etin

707 1257 834 1273 sceleratissimis
851 1257 942 1276 quibusque
957 1258 1004 1273 sectis
1018 1258 1081 1273 sacrile⁴

708 1285 753 1300 gum.
758 1281 854 1300 flagitiosum
861 1285 877 1296 ac
883 1280 995 1300 blasphemum
1002 1283 1031 1299 est.
1037 1281 1081 1300 quasi

708 1304 724 1319 in
735 1304 814 1319 sentinam
823 1304 913 1323 quamdam.
922 1308 958 1319 curn
967 1304 1039 1319 omnium
1048 1308 1081 1320 sor-

708 1327 752 1342 dium
763 1327 871 1344 concretione.
883 1327 965 1342 confluxit.

728 1350 774 1368 Haec.
787 1350 887 1365 venerabiles
899 1350 962 1368 iratres.
973 1352 989 1366 et
999 1350 1028 1366 alia
1039 1355 1082 1366 com-

708 1374 754 1393 plura
761 1375 777 1389 et
785 1373 856 1389 fortassis
867 1373 915 1389 etiam
926 1373 1005 1393 graviora.
1017 1378 1058 1393 quae
1065 1374 1081 1389 in

709 1401 783 1416 praesens
795 1400 891 1416 percensere
899 1397 966 1416 longum
974 1399 1021 1415 esset.
1028 1402 1045 1413 ac
1053 1401 1081 1413 vos

709 1420 759 1440 probe
770 1420 826 1438 nostis.
838 1420 853 1435 in
865 1420 921 1435 dolore
932 1424 968 1436 esse
978 1424 1008 1436 nos
1019 1420 1080 1439 iubent,

708 1443 766 1459 acerbo
776 1447 814 1458 sane
825 1447 842 1458 ac
852 1443 935 1461 diuturno,
947 1447 987 1462 quos
998 1444 1015 1459 in
1029 1444 1082 1459 cathe-

729 1504 744 1517 (s)
752 1503 793 1515 lsaiae
800 1504 817 1517 94,
824 1504 834 1515 5.

1094 175 1121 188 An.
1131 175 1149 188 C.
1162 175 1199 188 18:52
