4864 6994
954 614 1129 662 baudonius
1151 615 1200 662 ΡΡ.
1225 615 1290 662 Xlll.

348 747 510 794 accessere
538 731 787 794 consociationes
818 733 983 809 quaedam,
1007 733 1122 794 stati-i

348 840 411 902 que
433 813 555 896 coetus
587 825 713 902 quibus
744 826 832 902 quasi
860 826 989 902 agmine
1012 802 1121 888 iacto²

348 933 420 979 curn
443 918 675 996 cuiuscumque
697 918 792 979 etiarn
816 916 911 979 iaisae
926 917 1093 994 religionis

348 1029 382 1072 ac
396 1010 501 1072 cultus
517 1010 738 1082 sectatoribus,
753 1011 899 1072 simulata
915 1011 1046 1087 quidem
1059 1011 1092 1073 in
1119 1051 1122 1111 7

349 1103 540 1182 religionem
563 1103 690 1182 pietate,
711 1118 790 1165 vere
813 1109 920 1165 tamen
942 1103 1091 1165 novitatis
1119 1114 1121 1193 q

349 1290 507 1369 cupidine,
521 1289 651 1352 libertas
668 1290 771 1351 omnis
788 1289 917 1366 generis
934 1289 1093 1367 praedica-

348 1197 608 1274 seditionumque
644 1195 764 1274 ubique
796 1197 1090 1274 promovendorum
1119 1232 1122 1379 ⁴

348 1391 411 1454 tur,
435 1383 694 1462 perturbationes
716 1386 748 1444 in
769 1398 887 1444 sacram
911 1389 943 1444 et
964 1382 1092 1444 civilem
1119 1382 1122 1473 l

347 1493 418 1538 rem
430 1476 638 1548 exsecantur,
654 1473 793 1538 sanctior
808 1475 970 1550 quaelibet
988 1481 1092 1538 aucto·

347 1571 424 1630 ritas
446 1569 648 1647 discerpitur.

361 1663 468 1725 .Haec
495 1662 677 1741 perdolentl
705 1677 780 1724 sane
808 1677 926 1733 ammo,
957 1663 1092 1724 ridentes

346 1765 454 1818 tamen
475 1755 508 1818 in
531 1755 588 1827 Eo,
606 1756 661 1833 qui
682 1755 819 1833 imperat
839 1754 945 1816 ventis
969 1761 1000 1816 et
1022 1755 1094 1818 iacit

347 1849 623 1926 tranquillitatem,
652 1847 822 1910 scribimus
844 1850 882 1911 ad
903 1864 972 1920 voe,
996 1864 1093 1911 vene·

346 1943 463 2004 rabiles
476 1942 602 2012 iratres,
617 1947 652 2002 ut
667 1941 770 2002 induti
786 1947 913 2002 scutum
930 1941 1003 2004 hdei
1020 1957 1092 2002 con-

345 2036 483 2098 tendatis
505 2034 651 2114 praeliari
666 2041 799 2096 strenue
814 2035 932 2112 praelia
953 2034 1089 2096 Domini.

347 2127 394 2190 hd
416 2143 473 2190 vos
502 2127 703 2205 potissimum
737 2127 887 2204 pertinet,
918 2133 1002 2188 stare
1035 2143 1092 2204 pro

1148 733 1338 814 clipeorum
1367 733 1542 796 diademati
1571 733 1608 794 de
1635 748 1737 796 mono
1766 731 1895 794 Domini

1148 826 1244 888 ctiam
1266 826 1338 906 fidei
1360 825 1501 889 addetam·
1529 842 1658 888 corono.
1686 824 1782 887 Positi
1805 825 1895 902 quasi

1149 926 1297 997 parentes
1326 926 1358 980 et
1387 925 1509 980 tutores
1539 919 1745 997 populorum,
1769 933 1891 990 veram,

1149 1019 1365 1084 constantem,
1397 1012 1582 1090 opulentam
1611 1012 1648 1072 iis
1677 1011 1821 1089 quietem
1843 1027 1893 1088 pa·

1149 1105 1234 1166 rient
1256 1111 1288 1166 et
1309 1105 1585 1182 tranquillitatem,
1602 1105 1629 1165 si
1650 1105 1683 1166 in
1705 1120 1774 1166 eam
1798 1104 1894 1182 potis-

1149 1199 1267 1260 simum
1299 1213 1408 1259 curam
1437 1197 1633 1268 incumbant,
1662 1203 1698 1258 ut
1725 1197 1895 1260 incolumis

1149 1292 1189 1352 sit
1210 1291 1326 1367 religio
1349 1297 1380 1352 et
1409 1290 1508 1367 pietas
1530 1289 1562 1352 in
1584 1289 1698 1362 Deum,
1722 1290 1777 1368 qui
1799 1291 1896 1352 habet

1148 1384 1303 1462 scriptum
1326 1383 1358 1444 in
1384 1383 1524 1444 temore:
1550 1381 1617 1444 ilem
1638 1399 1760 1462 repom,
1785 1387 1815 1446 et
1836 1383 1897 1446 Do·

1149 1477 1255 1538 ricinus
1277 1475 1526 1540 dominantium.

1190 1569 1252 1631 Sed
1273 1575 1310 1630 ut
1331 1570 1437 1630 omnia
1459 1569 1536 1631 haec
1564 1585 1717 1647 prospere
1742 1586 1776 1630 ae
1799 1570 1896 1632 ielici-

1142 1646 1198 1726 'ter
1221 1662 1381 1734 eveniant,
1410 1662 1557 1724 levemus
1579 1663 1687 1724 oculos
1718 1678 1895 1741 manusque

1149 1756 1186 1816 ad
1208 1755 1445 1816 Sanctissimam
1468 1754 1636 1831 Virginem
1653 1755 1792 1828 hieriam,
1817 1772 1897 1834 qnae

1149 1848 1215 1908 sola
1230 1848 1396 1910 universas
1411 1848 1562 1909 haereses
1578 1849 1755 1920 interemit,
1775 1855 1896 1910 nostra-

1149 1957 1212 2018 que
1234 1941 1372 2002 maxima
1401 1941 1532 2012 hduoia,
1564 1941 1629 2004 imo
1659 1947 1724 2003 tota
1745 1941 1825 2003 ratio
1848 1948 1897 2002 est

1148 2033 1216 2113 spei
1238 2040 1367 2096 nostrae
1388 2034 1443 2114 (3).
1476 2032 1540 2096 Suo
1570 2035 1635 2111 ipsa
1663 2035 1839 2112 patrocinio
1860 2035 1894 2096 in

1148 2134 1234 2192 tanta
1256 2126 1406 2190 dominici
1430 2128 1538 2206 gregis
1558 2127 1747 2190 necessitate
1770 2128 1894 2202 studiis,

346 2237 441 2283 muro
455 2227 564 2283 contra
578 2235 708 2281 omnem
720 2219 922 2281 altitudinem
936 2219 1091 2281 extollen-
1119 2206 1121 2273 l
1148 2219 1289 2283 consiliis
1315 2221 1557 2298 actionibusque
1580 2221 1697 2282 nostris
1720 2220 1825 2283 exitus
1847 2237 1897 2283 se-

348 2323 413 2377 tem
435 2331 469 2376 se
492 2313 643 2375 adversus
672 2313 837 2374 scientiam
863 2311 929 2373 Dei.
961 2311 1092 2376 Exeriie
1119 2344 1121 2361 ι
1148 2314 1360 2376 cundissimos
1383 2313 1544 2390 imploret.
1569 2313 1602 2374 ld
1624 2321 1656 2374 et
1676 2313 1714 2374 ab
1730 2313 1897 2393 Apostolo-

348 2409 489 2485 gladium
511 2407 654 2485 spiritus,
678 2406 764 2483 quod
787 2411 835 2468 est
863 2405 1000 2468 verbum
1022 2407 1089 2478 Dei,
1119 2398 1121 2521 f
1148 2423 1222 2470 rum
1244 2406 1389 2483 Principe
1411 2406 1505 2467 Petro
1522 2414 1554 2468 et
1568 2406 1605 2468 ab
1621 2406 1690 2468 eius
1707 2405 1896 2485 Goapostolo

347 2501 549 2578 habeantque
570 2518 586 2562 a
608 2499 697 2562 vobis
721 2514 846 2578 panem,
868 2500 923 2576 qui
945 2500 1093 2562 esuriunt
1118 2532 1121 2601 p
1148 2501 1244 2562 Paulo
1267 2499 1381 2560 humili
1398 2514 1491 2576 prece
1514 2499 1736 2576 efflagitemus,
1754 2507 1790 2562 ut
1805 2501 1896 2562 stetis

347 2595 511 2658 iustitiam.
543 2591 677 2664 adsciti,
701 2599 737 2655 ut
757 2593 826 2653 sitis
854 2593 995 2654 cultores
1021 2593 1093 2654 navi

347 2689 380 2750 in
402 2689 496 2750 vinea
518 2686 656 2758 Domini,
679 2686 711 2748 id
732 2702 835 2748 unum
857 2686 952 2762 agite,
976 2686 1009 2748 in
1033 2688 1092 2750 hoc

346 2781 444 2843 simul
465 2779 616 2850 laborate,
631 2784 667 2839 ut
687 2779 777 2840 radin
799 2773 960 2855 quaelibet
981 2781 1092 2840 amari-

348 2873 467 2936 tudinis
484 2889 615 2949 onagro
630 2871 720 2934 vobis
733 2873 904 2934 commisso
921 2873 1090 2946 evellatur,

348 2967 501 3043 omnique
523 2973 654 3028 enecato
668 2966 792 3026 semine
811 2965 965 3026 vitiorum
980 2983 1092 3029 conva-

347 3059 444 3122 lescat
472 3059 515 3120 ibi
543 3075 637 3136 seges
666 3059 746 3120 laeta
774 3059 944 3120 virtutum.
976 3059 1037 3121 Eos
1059 3061 1092 3122 in

347 3153 458 3232 primis
480 3153 594 3216 allectu
622 3157 756 3230 paterno
782 3152 953 3230 complexi,
978 3154 1033 3230 qui
1055 3154 1092 3217 ad

346 3263 449 3308 sacras
472 3246 660 3324 praesertim
690 3245 881 3323 disciplinas,
913 3247 1001 3308 etad
1025 3247 1092 3325 phi-

347 3339 522 3417 losophicas
545 3338 749 3415 quaestiones
761 3339 904 3400 animum
926 3339 1089 3417 appulere,

348 3435 528 3496 hortatores
556 3438 767 3508 auctoresque
795 3432 909 3502 iisdem
934 3434 1020 3506 sitis,
1051 3451 1092 3497 ne

345 3527 445 3588 solius
457 3526 579 3602 ingenii
601 3525 650 3586 sui
672 3525 794 3587 viribus
810 3525 884 3588 ireti
906 3527 1091 3604 impruden-

347 3627 396 3682 ter
418 3638 434 3680 a
455 3619 599 3682 veritatis
611 3617 724 3680 semita
745 3618 778 3678 in
800 3619 884 3680 viam
906 3619 1020 3682 abeant
1034 3621 1092 3682 im-

346 3710 1092 3792 piorum.Meminerint,Deumessesopieotioc

346 3806 466 3876 ducein,
497 3803 789 3881 emendatorcmque
817 3806 1011 3884 sapientium
1032 3807 1088 3886 (l),

346 3917 380 3960 ac
402 3899 472 3961 heri
494 3914 558 3960 non
572 3913 674 3975 posse,
688 3903 724 3958 ut
746 3897 815 3959 sine
837 3897 902 3960 lieo
914 3899 1016 3960 Deum
1029 3901 1090 3962 dis-

345 4007 464 4063 camus,
495 3991 550 4068 qui
571 4007 629 4068 per
656 3990 792 4052 verbum
822 3991 915 4054 docet
941 3991 1090 4056 homines

345 4085 427 4147 scire
449 4081 619 4163 ileum(2).
644 4081 792 4161 Superbi,
809 4099 867 4145 seu
889 4085 994 4162 potius
1015 4086 1090 4148 insl-

346 4179 472 4256 pientis,
488 4177 627 4240 hominis
649 4183 707 4250 est,
725 4177 799 4238 fidei
821 4178 985 4255 mysteria,
1009 4195 1090 4256 quae

346 4275 541 4350 exsuperant
553 4285 682 4334 omnem
697 4285 841 4342 sensum,
856 4269 1003 4333 humanis
1019 4288 1090 4334 exa-

345 4365 469 4426 minare
500 4363 714 4442 ponderibus,
747 4369 940 4440 nostraeque
972 4367 1089 4428 mentis

344 4458 460 4520 rationi
481 4457 653 4528 confidere,
677 4471 758 4532 quae
779 4463 911 4518 naturae
933 4457 1090 4520 humanae

344 4551 527 4615 conditione
549 4549 663 4611 debilis
686 4555 735 4610 est
756 4556 788 4610 et
809 4550 946 4612 intirma.

383 4645 536 4708 Ceterum
558 4643 784 4706 communibus
812 4643 899 4706 hisce
926 4647 1008 4708 votis
1031 4663 1089 4726 pro

345 4740 391 4802 rei
414 4745 446 4801 et
467 4754 572 4800 sacrae
595 4743 627 4799 et
642 4737 786 4815 publicae
808 4737 1027 4802 incolumitate
1042 4759 1089 4802 ca·

344 4832 462 4894 risslmi
483 4831 516 4894 in
538 4830 667 4894 Christo
689 4830 745 4892 hili
766 4831 866 4891 nostri
881 4830 949 4892 Viri
972 4833 1088 4895 Princi-

345 4943 399 5005 pes
421 4941 477 4986 sua
498 4925 625 4986 faveant
647 4939 707 5001 ope
729 4928 761 4984 et
776 4923 975 4996 auctoritate,
993 4942 1087 5003 quam

344 5019 403 5080 sibi
425 5018 570 5080 collatam
599 5015 804 5078 considerent
831 5033 895 5078 non
924 5019 1029 5080 solum
1051 5022 1088 5083 ad

344 5112 456 5174 mundi
477 5111 637 5188 regimen,
654 5109 709 5170 sed
725 5108 864 5170 manime
879 5111 915 5170 ad
932 5110 1089 5175 Ecclesiae

345 5205 550 5283 praesidium.
583 5201 848 5264 animadvertant
875 5205 999 5276 sedulo,
1030 5223 1088 5284 pro

343 5299 475 5360 illorum
498 5296 635 5374 imperio
651 5301 682 5356 et
697 5295 806 5372 quiete
828 5296 909 5372 geri,
934 5299 1087 5374 quidquid

344 5407 402 5469 pro
418 5390 577 5452 Ecclesiae
592 5389 694 5450 salute
709 5389 889 5464 laboratum
906 5390 972 5451 imo
987 5392 1088 5468 pluris

343 5483 403 5543 sibi
425 5483 577 5544 suadeant
605 5481 679 5542 iidei
702 5497 827 5542 causam
856 5499 927 5544 esse
956 5484 1085 5557 debere,

343 5590 438 5651 quam
460 5575 565 5651 regni,
596 5589 816 5650 magnumque
838 5573 896 5636 sibi
920 5593 990 5638 esse
1016 5594 1087 5655 per-

343 5667 492 5744 pendant,
510 5666 644 5728 dicimus
659 5681 732 5727 cum
750 5663 780 5727 S.
799 5665 907 5728 Leone
922 5667 1084 5742 Pontihce,

383 5909 413 5962 (ι)
429 5911 487 5964 sap.
501 5912 523 5962 a,
539 5909 570 5952 rs.

382 5975 412 6030 (θ)
427 5977 450 6020 s.
467 5978 575 6020 ireneus
589 5975 633 6020 lib.
651 5978 683 6030 il,
697 5987 753 6034 cap.
770 5979 802 6021 10.

1149 2609 1261 2655 omnes
1284 2609 1341 2671 pro
1358 2609 1463 2664 muro,
1486 2609 1526 2654 ne
1548 2592 1794 2655 tundamentum
1809 2593 1896 2657 aliud

1149 2693 1285 2766 ponatur·
1314 2692 1441 2764 praeter
1473 2685 1515 2756 id,
1547 2686 1632 2762 quod
1665 2686 1805 2763 positum
1835 2695 1893 2750 est.

1149 2781 1209 2842 Hac
1238 2781 1375 2842 iucunda
1403 2795 1459 2858 spe
1489 2779 1579 2850 ireti,
1611 2779 1819 2854 confidimus,
1843 2799 1896 2844 au·

1148 2879 1271 2936 ctorem
1304 2881 1336 2934 et
1363 2879 1657 2934 consummatorem
1686 2873 1759 2935 fidei
1788 2873 1894 2936 lesum

1148 2965 1314 3030 Christum
1336 2965 1577 3027 consolaturum
1601 2965 1729 3028 tandem
1746 2966 1815 3029 iore
1837 2985 1895 3030 nos

1150 3075 1262 3122 omnes
1274 3059 1307 3120 in
1319 3058 1591 3130 tribulationibus,
1605 3073 1686 3135 quae
1698 3059 1896 3122 invenerunt

1149 3170 1205 3216 nos
1228 3153 1334 3226 nimis,
1358 3151 1571 3228 coelestisque
1593 3152 1703 3214 auxilii
1732 3154 1893 3232 auspicem

1148 3247 1351 3324 apostolicam
1380 3245 1638 3308 benedictionem
1665 3246 1774 3318 vobis,
1798 3262 1896 3310 vene-

1148 3340 1265 3402 rabiies
1295 3339 1419 3411 iratres
1444 3344 1476 3400 et
1498 3338 1612 3401 ovibus
1642 3347 1769 3402 vestrae
1799 3356 1894 3404 curae

1148 3432 1269 3494 traditis
1292 3438 1495 3510 peramanter
1514 3432 1731 3510 impertimur.

1188 3526 1302 3588 Datum
1323 3525 1452 3598 Romae,
1482 3525 1565 3603 apud
1588 3524 1618 3587 S.
1644 3527 1772 3589 hieriam
1801 3529 1894 3591 Maio-

1148 3637 1217 3681 rem
1241 3636 1331 3680 xvnr.
1363 3619 1514 3680 kalendas
1541 3620 1733 3696 septembris
1761 3621 1812 3683 die
1833 3623 1894 3684 sol-

1148 3714 1247 3775 lemni
1267 3712 1500 3790 hssumptionis
1517 3711 1661 3773 eiusdem
1676 3713 1709 3773 B.
1725 3713 1761 3775 V.
1780 3715 1894 3778 Mariae

1146 3821 1229 3866 anno
1242 3802 1419 3864 dominicae
1429 3801 1653 3864 incarnationis
1666 3819 1891 3878 nncccxxxn„

1147 3897 1348 3976 pontificatus
1370 3896 1471 3958 nostrl
1492 3911 1576 3957 anno
1597 3913 1632 3956 n.

1453 4269 1591 4332 XXXIX.

1150 4455 1355 4536 Confirmatio
1374 4455 1615 4534 privilegiorum
1644 4461 1673 4516 et
1694 4456 1893 4521 indultorum

1187 4551 1252 4612 ioht
1267 4565 1484 4610 emmeramum
1500 4550 1740 4628 coriprepotiooi
1752 4550 1893 4614 Soractis-

1184 4644 1284 4706 simac
1310 4641 1478 4703 Trinitatis
1497 4640 1730 4722 Redemptioois
1749 4643 1893 4724 Captivo-

1184 4753 1268 4798 rum.

1318 4903 1535 4973 diifidohlbs
1560 4905 1619 4974 ΡΡ.
1645 4905 1716 4972 lilii.

1284 5027 1750 5095 mmmmmwm

1184 5207 1202 5280 ἓ
1227 5206 1253 5266 l.
1279 5205 1412 5266 Paterna
1433 5220 1495 5281 qua
1513 5205 1647 5267 nitimur
1662 5205 1888 5280 sollicitudine,

1145 5298 1289 5359 universi
1311 5298 1462 5359 dominici
1484 5299 1592 5375 gregis
1618 5315 1727 5361 curam
1751 5301 1890 5376 gerenti-

1144 5390 1214 5463 bus,
1239 5391 1330 5452 nobis
1352 5391 1441 5452 cordi
1469 5391 1522 5452 vel
1544 5392 1683 5454 maxime
1709 5393 1730 5453 ii
1753 5391 1890 5454 habendi

1143 5492 1219 5546 sunt
1239 5483 1312 5556 viri,
1330 5484 1385 5560 qui
1407 5484 1528 5545 mundo
1544 5485 1675 5558 mortui,
1693 5486 1778 5546 etde
1794 5485 1890 5546 domo

1144 5584 1175 5638 et
1196 5577 1385 5652 cognatione
1415 5593 1470 5638 sua
1500 5577 1623 5653 egressi
1653 5578 1686 5638 in
1716 5577 1812 5639 domo
1833 5577 1889 5639 liei

1143 5677 1300 5748 perpetuo
1322 5670 1468 5732 lamulari
1489 5671 1699 5742 constituunt,
1716 5687 1750 5732 ac
1771 5687 1890 5748 magno

1112 5916 1118 6020 Ι
1183 5915 1211 5968 (3)
1229 5915 1264 5956 Ex
1280 5916 1304 5956 S.
1319 5912 1452 5957 Bernardo
1467 5915 1549 5956 serm.
1565 5912 1596 5956 de
1614 5913 1670 5957 Nat.
1686 5914 1711 5956 B.
1728 5913 1759 5957 hi.
1776 5915 1813 5966 v.,
1828 5919 1840 5962 5
1854 5917 1873 5957 7.

1837 597 1877 660 55
1927 599 1979 650 An.
1997 599 2026 651 G.
2050 599 2116 652 1832

1933 5216 2100 5260 Prooemium.
