4770 6982
322 557 508 607 An.c.1set

357 2282 524 2344 metmm

302 2341 428 2392 ¹surruptas.

561 551 621 614 268

543 687 602 749 diis
625 694 657 750 et
674 687 942 749 conventionibus
958 685 1064 748 lorsau
1079 685 1175 756 initis,
1193 685 1288 746 robo-

543 782 629 856 ratis,
643 782 838 844 confirmatis
859 789 891 842 et
905 781 1095 860 approbatis,
1110 779 1288 858 privilegiis

543 889 684 952 quoque,
702 875 834 936 indultis
850 883 882 936 et
897 875 999 936 literis
1015 872 1207 952 apostolicis,
1225 872 1289 932 iltis

543 969 617 1030 alias
639 969 671 1030 in
693 985 750 1030 suo
773 969 890 1032 robore
913 966 1144 1047 permansuris,
1162 966 1200 1026 ad
1215 965 1289 1028 elie-

543 1067 630 1122 otum
653 1063 869 1138 praesentium
897 1069 930 1124 et
950 1060 1120 1122 validitatis
1144 1059 1289 1122 omnium

543 1160 576 1216 et
606 1155 811 1232 singulorum
848 1155 1097 1234 praemissorum
1133 1153 1189 1214 hac
1220 1152 1290 1216 vice

544 1249 708 1310 dumtaxat
728 1250 908 1328 specialiter
930 1255 962 1310 et
984 1264 1136 1327 cupresso
1159 1247 1290 1322 deroga-

545 1358 615 1404 mus
638 1349 670 1404 et
692 1343 881 1420 derogatum
909 1342 1162 1412 essevolumus
1191 1347 1291 1402 caete-

544 1437 653 1514 risque
674 1437 841 1499 contrariis
864 1437 1133 1514 quibuscumque.

583 1527 651 1604 56.
675 1529 864 1592 Huiusmodi
896 1545 975 1591 vero
1007 1529 1175 1590 literarum
1209 1531 1292 1586 trun-

542 1623 678 1700 sumptis
705 1639 763 1685 seu
792 1623 949 1700 exemptis
979 1623 1074 1684 etiarn
1106 1617 1289 1698 impressis,

544 1731 639 1778 manu
662 1717 778 1778 notarii
800 1716 918 1794 publici
934 1715 1122 1792 strttscriptis
1138 1719 1170 1774 et
1184 1710 1292 1788 sigillo

544 1825 698 1886 personae
730 1810 938 1873 ecclesiastica
971 1809 1125 1886 dignitate
1162 1812 1291 1869 ornatae

544 1903 687 1976 munitis,
712 1905 858 1966 eamdem
881 1903 1000 1982 ubique
1023 1903 1180 1974 locorum,
1197 1901 1230 1962 in
1244 1900 1291 1962 iu·

543 1998 625 2060 dicio
641 2005 674 2059 et
685 2005 786 2068 extra,
801 1999 896 2066 iidem
910 1999 1022 2060 treberi
1033 1998 1195 2066 volumus,
1210 2011 1291 2072 quae

544 2092 618 2170 ipsis
634 2092 856 2170 praesentibus
872 2092 1057 2162 haberetur,
1073 2091 1098 2152 si
1116 2089 1224 2151 loreut
1238 2104 1291 2150 eu-

545 2184 673 2258 hibitae,
698 2186 749 2247 vel
772 2192 928 2248 ostensae.

584 2279 652 2352 57.
676 2279 764 2342 Nulli
791 2296 870 2357 ergo
898 2279 1029 2341 omnino
1059 2277 1227 2338 hominum
1255 2275 1291 2336 ti-

544 2377 612 2432 ceat
627 2371 707 2436 hanc
722 2373 868 2450 paginam
885 2379 1010 2433 nostrae
1030 2370 1215 2440 voluntatis
1231 2367 1291 2430 dis-

544 2466 799 2538 membratiouis‚
817 2466 993 2537 divisionis,
1012 2463 1238 2542 exemptionis,
1258 2479 1291 2523 u·

544 2560 660 2632 rionis,
684 2559 903 2632 subiectionis,
927 2557 1175 2630 commissionis
1193 2557 1291 2636 depu-

545 2654 682 2726 tationis,
707 2654 856 2725 mandati,
881 2653 1002 2715 decreti
1018 2669 1052 2714 ac
1074 2650 1290 2728 derogationis

543 2747 723 2824 intringere
736 2747 788 2808 vel
801 2747 831 2808 ei
843 2763 920 2808 ausu
934 2745 1106 2809 temerario
1118 2744 1289 2806 contraire.

544 2839 577 2902 Si
600 2841 671 2918 quis
693 2849 801 2908 autem
816 2841 876 2902 boc
898 2845 1054 2902 attentare
1071 2853 1292 2916 praesumpse-

544 2935 597 3008 rit,
627 2935 881 3012 indignationem
913 2933 1142 3011 omnipotentis
1170 2931 1226 2993 Dei
1258 2948 1292 2992 ac

545 3029 714 3091 beatorum
729 3029 816 3090 Petri
834 3035 866 3089 et
881 3027 967 3089 Pauli
980 3027 1207 3106 Apostolorum
1224 3025 1292 3086 eius

545 3137 580 3184 se
602 3123 731 3184 noverit
752 3123 970 3183 incursurum.

585 3215 698 3277 Datum
722 3216 839 3278 ttomae
858 3215 938 3292 apud
957 3213 987 3276 S.
1006 3214 1138 3276 Petrum
1160 3212 1219 3274 sub
1241 3228 1294 3273 an-

546 3309 624 3370 nulo
645 3309 812 3370 Piscatoris
832 3308 883 3370 die
905 3325 949 3370 nr.
979 3307 1084 3369 martii
1106 3321 1291 3377 noscenti,

546 3401 746 3480 pontificatus
766 3404 869 3464 nostri
890 3419 972 3463 anuo
996 3418 1039 3462 ur.

866 3643 982 3708 CXCII.

547 3781 695 3845 Pr’ceeidi
731 3781 931 3862 Reipublicae
966 3781 1139 3843 Hcitureru
1176 3779 1210 3840 iu
1245 3777 1296 3838 lu·

585 3877 660 3939 suta
675 3875 706 3937 S.
724 3875 879 3937 Doctinici
894 3874 1091 3937 recontendat
1108 3873 1296 3952 Episcopum

587 3967 618 4030 S.
649 3968 802 4030 budooici
829 3985 918 4046 quent
948 3968 1024 4030 iiiuc
1052 3967 1150 4028 mittit
1179 3981 1296 4027 recount

587 4062 775 4143 delegatum,
792 4068 829 4123 ut
850 4061 970 4124 deutha
992 4059 1165 4140 Religionis
1181 4057 1225 4121 ibi
1239 4059 1296 4139 qli·

586 4155 720 4226 scentia,
741 4155 808 4217 eius
829 4154 988 4235 praesidio
1010 4153 1126 4232 fuitus,
1143 4168 1297 4232 reperere

585 4251 694 4331 possit.

549 4436 666 4504 Dilecto
688 4436 751 4504 titio
775 4436 882 4502 illustri
912 4441 943 4501 et
973 4433 1137 4499 honorabili
1168 4433 1230 4498 viro
1254 4429 1296 4498 to·

588 4533 656 4598 anni
680 4531 771 4690 t’dptro
798 4528 896 4612 Boyer
923 4527 1074 4595 ttaitarun
1102 4524 1294 4610 Reipublicae

589 4641 689 4710 praest
721 4676 727 4702 ,

721 4753 942 4822 EREGORlUS
966 4755 1026 4820 ΡΡ.
1051 4753 1122 4820 lilii.

609 4905 725 4972 Dilecto
741 4905 784 4972 titi
802 4905 925 4971 illustris
943 4911 974 4970 et
989 4903 1172 4971 honorabitis
1188 4907 1239 4982 vir,

582 5001 711 5066 satutem
734 5004 765 5064 et
787 4999 983 5082 apostoticam
1008 4999 1261 5064 benedictionem.

589 5189 744 5252 Pontificii
757 5189 901 5250 muneris
913 5189 994 5250 ratio
1007 5187 1216 5250 etsolicitudo
1229 5189 1297 5249 uni-

549 5284 681 5346 versatis
704 5282 874 5353 Ecclesiae,
899 5283 947 5344 cui
972 5281 1133 5357 regendae
1161 5297 1218 5358 per
1240 5282 1297 5342 im-

551 5393 693 5438 mensam
729 5377 855 5438 divinae
892 5375 1040 5436 bonitatis
1072 5373 1296 5436 abundantiam

551 5473 643 5550 plane
663 5471 875 5532 immerentes
897 5469 1046 5548 praelecti
1070 5468 1204 5542 luimus,
1229 5470 1298 5531 nut-

551 5565 611 5626 tant
625 5581 682 5626 nos
694 5565 804 5626 sinunt
815 5564 1013 5626 occasionem
1027 5563 1296 5641 praetermittere,

552 5665 596 5731 ut,
613 5673 694 5734 quae
717 5658 820 5735 gentis
842 5657 1003 5718 Haitianae
1024 5657 1189 5734 spirituale
1212 5673 1298 5718 emo-

552 5752 733 5812 lumentum
755 5751 928 5828 attingunt,
943 5767 979 5812 ea
1002 5758 1182 5828 opportune
1204 5769 1238 5811 ac
1253 5767 1299 5810 sa-

552 5845 689 5907 lubriter
701 5861 922 5923 procuremus.
940 5845 1021 5907 Cum
1034 5845 1135 5922 igitur
1146 5860 1220 5906 ven.
1239 5843 1298 5904 lra-

553 5945 601 5999 ter
629 5939 782 6018 Iosephus
812 5939 986 6018 Episcopus
1020 5937 1051 6000 S.
1083 5937 1236 6000 Ludovici
1264 5937 1298 5998 iu

1062 529 1242 614 ruh.ruuu
1268 569 1307 612 DE
1330 569 1359 613 k
1384 567 1564 612 r.rnn51.

1346 683 1517 746 loede'ratis
1533 683 1885 762 Americaeprovinciis
1901 684 2046 746 reditum
2060 696 2100 742 eu

1346 776 1431 838 Urbe
1450 778 1483 840 in
1499 794 1588 838 suant
1605 777 1777 840 dioecesim
1795 783 1930 854 pararet,
1949 775 2046 836 illum
2063 774 2099 834 ad

1347 871 1545 933 nobilitatem
1562 877 1649 932 tuam
1666 871 1859 933 mittendum
1883 869 2050 940 duximus,
2067 873 2102 927 ut

1347 971 1507 1042 tamquam
1531 965 1697 1041 delegatus
1720 971 1840 1036 noster,
1858 980 1940 1042 quae
1962 964 2000 1025 ad
2026 963 2101 1024 reti-

1347 1058 1476 1136 gionem
1500 1059 1673 1136 pertinent,
1699 1074 1849 1136 praesens
1872 1058 2042 1127 inviseret,
2067 1074 2102 1117 ac

1347 1153 1386 1214 de
1412 1153 1450 1214 iis
1478 1153 1708 1230 componendis
1737 1160 1843 1214 tecum
1874 1155 2099 1230 pertractaret.

1348 1246 1502 1308 Novimus
1526 1248 1612 1308 enim
1634 1247 1734 1327 (quod
1755 1247 1824 1308 sine
1844 1246 1985 1306 maximo
2001 1244 2101 1305 animi

1348 1341 1459 1402 dolore
1482 1356 1738 1402 commemorare
1753 1357 1818 1402 nou
1841 1337 2029 1418 possumus)
2052 1355 2103 1399 re-

1348 1434 1503 1510 ligionem
1516 1433 1702 1498 catholicam
1718 1435 1752 1496 in
1767 1434 1938 1512 Republica
1953 1434 2014 1496 isti
2029 1449 2103 1494 sen·

1348 1527 1408 1590 sim
1437 1519 1507 1590 sine
1535 1545 1633 1590 sensu
1662 1527 1858 1600 labefactari,
1888 1543 1947 1590 nec
1974 1527 2101 1588 iamed

1347 1621 1445 1684 vitam
1468 1637 1642 1699 moresque
1663 1627 1752 1684 recte
1767 1621 2016 1683 conlormandos
2034 1619 2103 1680 vim

1348 1729 1437 1774 suam
1461 1730 1624 1787 exercere,
1639 1713 1783 1792 adeoque
1799 1721 1963 1776 aeternam
1979 1712 2104 1774 auima-

1348 1821 1421 1866 rum
1442 1807 1580 1870 salutem
1606 1808 1639 1868 in
1669 1809 1896 1885 gravissimum
1925 1807 2103 1869 discrimen

1348 1901 1470 1964 adduci.
1494 1901 1758 1979 Quandoquidem
1781 1918 1875 1970 vero.
1900 1902 2017 1964 dilecte
2041 1901 2101 1972 nti,

1349 2003 1379 2056 te
1408 1996 1542 2058 minime
1571 1996 1666 2058 lateat
1695 2013 1823 2058 morum
1850 1997 2103 2075 perversitatem

1348 2089 1581 2166 religionisque
1603 2097 1825 2168 contemptum
1853 2105 1918 2152 nou
1941 2091 2015 2152 teve
2040 2091 2104 2152 rei-

1348 2183 1492 2260 publicae
1521 2183 1754 2246 detrimentum
1782 2183 1915 2256 inlerre‚
1946 2199 2104 2261 superva-

1348 2293 1482 2338 caneum
1506 2277 1649 2356 prolecto
1677 2277 1779 2350 loret,
1804 2277 1829 2338 si
1854 2294 1889 2339 ea
1910 2293 2027 2340 rursus
2051 2277 2104 2340 bic

1331 2387 1627 2448 percenseremus,
1651 2387 1732 2448 quac
1755 2372 1830 2434 alias
1860 2389 1917 2450 per
1939 2388 2014 2435 ven.
2041 2372 2104 2434 lra-

1348 2471 1432 2525 trem
1464 2464 1616 2526 loannem
1645 2465 1838 2544 Episcopum
1870 2465 2103 2545 Carolopolita-

1349 2574 1425 2619 num
1460 2559 1515 2620 tibi
1548 2559 1581 2620 in
1611 2559 1691 2622 haue
1722 2575 1792 2621 rem
1824 2561 2101 2638 significavimus,

1349 2668 1449 2729 quum
1471 2652 1622 2715 videlicet
1637 2653 1778 2731 plurium
1799 2655 1972 2731 regionum
1989 2671 2104 2718 exem-

1348 2747 1398 2824 pta
1420 2745 1657 2826 proposuimus,
1675 2747 1791 2824 quibus
1807 2748 1846 2810 ob
1862 2749 2053 2812 catholicam
2068 2748 2102 2809 in

1349 2841 1394 2902 eis
1417 2843 1586 2902 ltorentem
1610 2841 1707 2905 fldem
1737 2842 1843 2903 omnia
1866 2842 1948 2904 bene
1974 2860 2009 2905 ac
2031 2843 2103 2906 leli-

1348 2935 1427 2996 citer
1449 2941 1684 2996 successerunt.
1713 2934 1846 3008 Verum,
1872 2953 1913 2998 ne
1935 2938 2103 3000 Haitarum

1350 3045 1429 3108 gens
1450 3029 1489 3090 iis
1511 3027 1704 3092 destituatur
1719 3032 1897 3092 commodis
1919 3031 2103 3109 praesidiis-

1350 3138 1424 3200 que,
1448 3137 1529 3198 quae
1545 3137 1585 3183 eu
1600 3121 1726 3184 divinae
1742 3123 1908 3200 religionis
1924 3125 2012 3188 cuttu
2029 3141 2104 3204 pro-

1350 3217 1554 3284 ficiscuntur,
1589 3214 1627 3276 ab
1660 3217 1695 3278 ea
1727 3225 1935 3280 removeatur
1972 3227 2105 3298 oportet

1351 3308 1507 3386 quidquid
1524 3307 1756 3386 impedimento
1772 3325 1842 3372 esse
1865 3317 1980 3389 potest,
1999 3313 2104 3374 nesio

1352 3418 1403 3463 res
1426 3401 1597 3462 christiana
1618 3408 1758 3478 geratur,
1777 3405 2049 3480 quemadmodum
2069 3405 2104 3467 n-

1352 3495 1403 3558 dei
1424 3501 1533 3558 auctor
1560 3501 1592 3556 et
1619 3503 1859 3559 consummator
1887 3497 2035 3562 Christus
2058 3500 2105 3561 di-

1352 3590 1472 3652 vinitus
1487 3589 1654 3652 constituit
1667 3596 1762 3667 atque
1774 3592 1918 3654 sancivit.
1932 3592 2018 3667 Quae
2033 3594 2105 3671 qui-

1353 3683 1426 3746 dem
1448 3699 1522 3745 cum
1544 3682 1586 3743 ita
1608 3698 1642 3744 se
1664 3682 1811 3756 babeant,
1834 3683 1969 3746 illustris
1992 3695 2024 3748 et
2047 3687 2105 3748 bo-

1353 3777 1503 3840 norabilis
1536 3775 1603 3848 vir,
1641 3777 1834 3852 legationem
1870 3779 1963 3839 istam
1999 3780 2103 3842 vetuti

1353 3870 1547 3948 peculiarem
1571 3871 1816 3934 benevolentiae
1835 3879 1963 3934 nostrae
1980 3873 2104 3949 signid-

1353 3965 1509 4026 cationem
1537 3980 1614 4041 erga
1635 3971 1666 4025 te
1689 3971 1721 4025 et
1749 3964 1980 4044 rempublicam
2007 3967 2102 4028 istam

1353 4059 1501 4136 excipias,
1525 4058 1671 4135 illudque
1693 4064 1782 4120 certo
1804 4059 1894 4130 scias,
1919 4061 2102 4137 praesulem

1352 4151 1586 4230 amplissimum
1608 4169 1624 4212 a
1646 4151 1737 4213 nobis
1760 4151 1797 4212 ad
1824 4151 1885 4214 tale
1908 4167 2026 4214 munus
2049 4153 2103 4216 de-

1352 4246 1474 4318 stinari,
1491 4261 1588 4323 quern
1606 4245 1645 4306 ob
1660 4245 1807 4322 egregias
1829 4246 1927 4308 animi
1941 4247 1991 4308 sui
2010 4247 2103 4311 dotes

1352 4347 1447 4416 atque
1470 4338 1510 4401 ob
1533 4339 1689 4417 plurimos
1702 4355 1760 4417 pro
1775 4338 1892 4402 Christi
1914 4341 1976 4402 lide
1993 4350 2104 4404 exant-

1353 4436 1431 4498 latos
1453 4435 1579 4498 labores
1600 4435 1755 4512 singulari
1778 4451 1910 4513 prorsus
1930 4435 2104 4499 dilectione

1353 4529 1590 4606 prosequimur.
1614 4527 1767 4590 Ceterum
1785 4547 1824 4591 eo
1839 4537 1914 4592 vota
1929 4537 2036 4593 nostra
2051 4540 2103 4594 re-

1353 4621 1625 4701 feranturque
1651 4639 1667 4682 a
1689 4629 1777 4698 patre
1807 4623 2100 4687 misericordiarum

1353 4733 1387 4777 ac
1409 4715 1473 4776 beo
1496 4715 1594 4776 totius
1616 4715 1842 4778 consolationis
1855 4717 1996 4793 benigne
2018 4719 2102 4780 euci-

1353 4809 1467 4886 pienda
1482 4807 1697 4886 confidimus),
1712 4814 1748 4869 ut
1760 4824 1982 4886 quaecumque
1996 4811 2102 4873 catho-

1354 4903 1431 4965 licae
1453 4903 1528 4964 fidei
1558 4902 1675 4963 obsunt
1697 4918 1714 4964 e
1739 4903 1927 4979 regionibus
1955 4905 2023 4965 istis
2046 4906 2101 4967 eti-

1354 4997 1534 5069 minentur,
1566 5011 1647 5072 quae
1676 5011 1754 5058 vero
1776 4997 1813 5057 ad
1836 4997 2029 5073 religionem
2055 4998 2101 5060 in·

1354 5091 1555 5152 staurandam
1573 5091 1656 5152 etad
1672 5097 1836 5152 aeternam
1858 5091 2037 5152 animarum
2055 5108 2101 5153 sa-

1355 5183 1456 5246 tutem
1479 5184 1731 5262 promovendam
1754 5184 1947 5256 conducunt,
1962 5201 1998 5246 ea
2014 5185 2101 5246 insti-

1356 5283 1486 5339 tuantur
1507 5285 1602 5353 atque
1626 5277 1806 5340 firmentur.
1837 5276 1961 5354 ltaque,
1986 5279 2101 5340 dilecte

1355 5373 1410 5446 suti,
1436 5389 1509 5433 ven.
1534 5372 1665 5433 tratrem
1690 5371 1881 5450 Episcopum
1899 5371 1929 5434 S.
1948 5372 2101 5434 Ludovici

1356 5483 1474 5528 munus
1509 5482 1605 5528 suum
1640 5465 1850 5544 apostolicum
1884 5475 2099 5544 exequentem

1356 5561 1472 5621 tuearis
1495 5560 1670 5638 patrocinio
1694 5565 1747 5622 tuo
1769 5560 1976 5634 validissimo,
1998 5577 2031 5622 ac
2047 5577 2100 5623 ne-

1356 5654 1479 5730 gotium
1503 5653 1702 5726 huiusmodi,
1727 5669 1790 5730 quo
1820 5653 1875 5716 Dei
1898 5654 1999 5730 gloria
2025 5671 2099 5731 gen·

1357 5748 1460 5823 iisque
1484 5754 1555 5808 tuae
1578 5747 1683 5824 agitur
1705 5747 1800 5819 satus,
1825 5764 1883 5825 pro
1904 5748 2028 5810 viribus
2050 5749 2100 5810 ad-

1355 5841 1446 5902 iuves
1470 5839 1659 5918 loveasque;
1683 5842 1723 5902 ita
1747 5841 1833 5902 enim
1856 5841 2015 5903 Haitianae
2031 5841 2098 5904 ttei-

1355 5935 1500 6014 publicae
1522 5952 1591 5998 eam
1620 5934 1804 5996 firmitatem
1830 5951 1994 6014 asparem
2017 5953 2100 5999 com·
