4864 6994
867 1329 1065 1397 DILECTO
1090 1327 1210 1396 FILIO
1233 1327 1422 1394 NOSTRO

668 1491 903 1560 CAIETnno
928 1489 1015 1558 TIT.
1040 1490 1074 1558 S.
1099 1489 1286 1556 IIIARIAE
1312 1488 1358 1554 IN
1384 1486 1619 1558 COSMEDIN

623 1650 659 1720 S.
684 1653 727 1720 R.
752 1651 791 1718 E.
816 1650 1020 1719 nlncono
1045 1649 1302 1720 CARDINALI
1331 1651 1392 1718 DE
1417 1647 1665 1718 RUGGIERO

548 1815 593 1882 ln·
619 1813 773 1882 SACRO
797 1813 1009 1882 CONSILIO
1034 1813 1216 1882 CHRIST.
1242 1813 1363 1880 FIDEI
1389 1811 1743 1880 PRoPnGnNonn

681 1973 952 2044 SUMPTUUII
975 1972 1304 2042 IIIODEIIATIONI
1329 1971 1605 2040 PRAEFECTO

868 2575 1037 2684 LEO
1069 2576 1196 2680 ΡΡ.
1229 2575 1420 2680 XIII.

429 2915 587 2994 Dilecto
615 2917 704 2993 Fili
729 2918 898 3006 Noster,
927 2917 1107 2993 satellem
1139 2916 1178 2992 cl
1206 2915 1492 3012 Apostolicmn
1522 2913 1859 2993 benedictionem.

372 3493 507 3670 Quae
535 3572 756 3668 singularis
784 3571 858 3648 luit
876 3571 1134 3668 providentia
1154 3574 1427 3650 Decessonum
1446 3572 1682 3668 illustrium,
1704 3591 1823 3649 sacco
1844 3575 1922 3652 isto
1946 3542 1948 3546 ’

371 3733 549 3810 Consilio
578 3735 742 3812 condito
771 3733 1042 3829 amplitenoue
1071 3735 1190 3810 aucto
1219 3733 1272 3810 ad
1301 3733 1569 3810 eluistianum
1597 3751 1745 3810 nomon
1770 3733 1810 3808 in
1830 3751 1923 3827 gen·
2062 3747 2066 3756 ·

370 3893 481 3971 tillus
509 3893 819 3988 proferendum,
849 3911 897 3970 ea
926 3911 1057 3988 usque
1086 3891 1251 3986 clarior,
1281 3893 1362 3967 iam
1392 3893 1470 3967 tnia
1490 3889 1576 3967 lene
1596 3889 1772 3984 saecula,
1794 3889 1927 3970 elucet,

371 4071 424 4128 ex
453 4052 811 4128 constitutionibus
841 4055 881 4128 et
908 4051 1177 4148 praescriptis
1206 4065 1312 4146 quae
1341 4050 1382 4126 in
1411 4051 1598 4128 eamdem
1627 4069 1717 4127 nem
1739 4053 1827 4127 tum
1845 4052 1925 4146 ipsi

371 4211 589 4288 Pontifices
618 4214 778 4290 romani
808 4215 895 4289 tum
931 4215 1067 4308 ipsum
1098 4211 1322 4290 Consilium
1354 4211 1533 4308 plurima
1569 4216 1800 4308 opportune
1827 4213 1926 4289 tule-

370 4375 476 4448 runt.
508 4375 758 4451 Ornamento
788 4375 912 4470 igitur
942 4374 1132 4470 bonoque
1161 4373 1367 4449 Ecclesiae
1396 4391 1443 4449 ao
1472 4373 1620 4450 studiis
1649 4375 1771 4449 etlam
1792 4372 1926 4450 docto-

372 4551 465 4610 rum
494 4534 707 4610 hominum
745 4533 866 4628 plane
901 4533 1148 4629 debebatur,
1179 4535 1223 4608 ut
1251 4532 1318 4608 illa
1354 4533 1570 4628 utriusque
1604 4535 1771 4627 generis
1807 4532 1927 4610 docu-

371 4695 506 4768 menta
537 4691 642 4770 nova
671 4693 787 4788 copia
818 4695 856 4768 et
885 4692 1087 4770 industria
1126 4712 1275 4770 consus
1309 4693 1550 4788 ederentur,
1587 4711 1669 4770 uno
1706 4692 1926 4770 distributa

372 4871 558 4950 conpone,
588 4847 699 4949 'quod
731 4855 805 4931 Ius
827 4853 1091 4950 pontificium
1122 4853 1173 4930 dc
1200 4854 1493 4954 Pnopupuudu
1523 4853 1631 4930 Fide
1657 4853 1776 4948 plene
1804 4851 1927 4928 nolen-

373 5012 448 5087 ret.
477 4977 539 5064 -’
558 5012 654 5088 Tale
683 5011 851 5108 quidem
881 5013 1139 5108 propositum
1173 5031 1300 5108 quum
1336 5015 1517 5110 primum
1551 5013 1603 5090 ab
1633 5013 1778 5090 eodem
1807 5029 1927 5088 sacro

360 5171 551 5290 vConsilio
580 5174 818 5267 susceptum
848 5175 926 5268 est,
957 5174 1066 5248 omni
1102 5174 1186 5248 Nos
1215 5175 1458 5249 auctoritate
1487 5174 1753 5269 auspicioque
1782 5190 1927 5249 sumus

373 5333 597 5428 complexi:
629 5352 717 5410 nem
747 5353 846 5411 velo
875 5335 1008 5428 ipsam
1038 5297 1311 5430 expectationi
1340 5333 1595 5430 respondere
1624 5335 1799 5412 Nostrae
1818 5335 1929 5409 volu-

373 5493 484 5570 mina
513 5495 691 5588 qualum
718 5493 851 5590 prone
889 5493 1113 5590 declarant,
1144 5511 1250 5589 quae
1279 5493 1391 5570 aliud
1420 5511 1474 5569 ex
1504 5493 1582 5570 alio
1613 5493 1748 5572 oblata
1777 5495 1929 5589 accepi-

373 5674 482 5752 mus,
513 5655 672 5734 delectu
697 5660 737 5734 et
757 5657 901 5734 ordine
921 5675 1081 5752 cenum,
1102 5675 1235 5752 neque
1255 5659 1392 5734 minus
1413 5657 1545 5733 nitore
1565 5657 1682 5752 antis
1704 5653 1929 5732 admodum

374 5815 725 5894 commendabilia.
755 5820 814 5894 De
843 5835 924 5912 ouo
952 5837 1060 5894 nunc
1087 5817 1219 5913 placet
1251 5817 1501 5914 peculianem
1530 5817 1604 5894 tibi
1633 5813 1930 5912 comprobatio-

374 5993 469 6052 nem
497 5979 656 6074 testani‚
687 5979 756 6074 qui
785 5998 862 6074 pno
892 5997 1064 6056 munero
1099 5979 1193 6084 liuic
1222 5981 1344 6056 etiam
1374 5979 1537 6073 negotio
1567 5979 1720 6056 eximia
1748 5975 1929 6055 sollertia
