4828 6974
915 597 1089 646 caesonius
1110 599 1161 644 33.
1185 599 1250 644 rvr.
1335 609 1339 612 ·
1781 587 1835 652 131
1887 591 1984 644 133.
2005 592 2075 656 1331

313 717 441 795 oblique
462 717 608 797 impedit,
624 717 739 798 synodi
761 715 964 796 provincialis
986 731 1057 794 per·
1114 711 1284 782 Venerabili
1313 715 1401 782 tratri
1429 715 1520 784 Petro
1547 719 1713 803 1333311113
1742 719 1856 788 Balnea

312 810 503 889 emptoriam
525 811 624 874 luisse
646 811 820 889 antiquitus
835 809 1056 872 auctoritatem
1154 807 1303 892 Episcopo
1334 809 1446 892 Sigana
1475 811 1594 879 liiearie
1617 813 1794 896 1333131133
1816 815 1856 880 di-

312 905 388 966 13133
400 905 524 976 3333311,
538 921 645 966 333333
656 902 884 966 iurisdictionis
897 901 1057 978 originem
1153 902 1280 970 siricius
1302 903 1500 972 occidentalis
1524 905 1658 989 1331133,

312 998 515 1075 distorquere
530 997 677 1072 uidetur;
694 997 883 1075 praesertim
898 995 1058 1058 Ecclesiae
1286 1045 1503 1116 GREGOR'US
1526 1051 1575 1118 ΡΡ
1611 1052 1671 1119 m

313 1091 510 1170 disciplinam
531 1089 1058 1168 importunozeloideutidemca-
1579 1102 1586 1116 ·
1676 1104 1682 1118 ·

312 1184 506 1256 lumniatur,
536 1183 726 1246 caelibatum
753 1182 999 1253 sacerdotalem,
1022 1185 1059 1241 ut
1327 1180 1515 1250 Venerabilis
1538 1185 1645 1264 irater,

313 1279 420 1340 minus
441 1277 633 1356 quandoque
661 1277 815 1356 paroeciis
837 1275 1058 1337 administran—
1145 1273 1327 1340 3313131331
1351 1275 1548 1356 apostolicam
1576 1279 1825 1348 benedictionem.

314 1371 360 1432 dis
371 1371 524 1433 idoneum
537 1370 683 1442 traducit,
694 1369 926 1448 Episcoporum
938 1367 1059 1430 3131331

314 1465 509 1528 creationem
531 1464 638 1526 nimiis
663 1463 856 1540 iniustisque
881 1461 1058 1524 verborum
1155 1461 1343 1540 Accepimus
1370 1463 1491 1526 litteras
1513 1483 1529 1528 a
1556 1465 1622 1528 uu.
1646 1467 1703 1530 FF.
1729 1469 1858 1533 liicariis

315 1557 475 1634 rigoribus
494 1555 714 1618 difficillimam
732 1556 853 1631 reddit;
874 1561 1059 1618 controver·
1115 1555 1303 1634 Apostolieis
1324 1556 1458 1635 Angliac
1480 1567 1512 1620 et
1534 1557 1657 1624 Scutiae
1678 1561 1757 1642 (333
1772 1564 1859 1626 dem-

314 1651 485 1712 siasuarias
497 1649 557 1710 sub
568 1649 673 1712 iudice
684 1649 922 1727 adhucpositas,
933 1653 1060 1726 praeter
1116 1655 1170 1726 pto
1199 1648 1323 1713 llicario
1352 1648 1533 1728 apostolico
1557 1653 1692 1730 angliae
1714 1656 1859 1719 113311113-

313 1743 426 1820 synodi
448 1742 652 1820 provincialis
666 1743 898 1813 auctoritatem,
912 1741 1060 1804 audacius
1116 1741 1208 1820 33113)
1222 1761 1238 1804 3
1253 1743 1453 1806 fraternitate
1467 1751 1520 1806 133
1533 1760 1661 1823 333333
1674 1750 1778 1826 primo
1790 1750 1860 1812 loec

315 1836 436 1907 delinit,
450 1835 553 1898 laliaci
567 1835 708 1912 denique
722 1834 1060 1912 relormationisprae-
1116 1842 1152 1896 ut
1171 1835 1299 1897 seniore
1320 1837 1404 1898 inter
1426 1854 1491 1909 333,
1513 1839 1710 1917 subsignatas
1731 1843 1861 1922 scriptas

315 1935 416 2000 testu,
439 1929 596 1992 3333133
618 1930 754 2006 quadam
783 1929 907 2007 pietatis
934 1927 1061 2003 zelique
1117 1928 1247 2005 quidem
1269 1929 1329 1990 sub
1348 1946 1379 1990 x.
1396 1929 1574 1992 decembris
1591 1933 1788 2012 3133313331,
1805 1954 1861 1998 33-

315 2023 420 2102 specie
442 2022 601 2085 Ecclesiae
622 2029 740 2086 statum
762 2022 939 2102 perturbat.
1118 2022 1163 2082 bis
1182 2028 1289 2083 autem
1305 2023 1432 2084 nonnisi
1447 2039 1557 2086 mense
1573 2027 1687 2088 martio
1702 2030 1776 2090 anni
1790 2045 1861 2091 cur-

119 2123 298 2170 3333333-
354 2117 430 2191 §ln
464 2115 698 2178 Antiochenam
729 2115 837 2193 itaque
868 2115 1061 2194 praedictam
1117 2116 1217 2178 rentis
1239 2116 1388 2188 redditas,
1412 2132 1548 2192 quarum
1570 2119 1859 2184 baecestsumma.

99 2189 180 2275 iiiiii
195 2180 298 2291 fibriis}
314 2209 475 2286 synodum
498 2209 574 2270 baec
595 2214 627 2271 31
648 2209 706 2270 3113
722 2209 814 2287 plura
828 2217 939 2271 contra
953 2222 1061 2268 sanam
1160 2209 1186 2269 1.
1210 2207 1463 2284 conqueruntur
1491 2211 1549 2288 ipsi
1578 2210 1693 2273 vicarii
1715 2213 1754 2274 de
1781 2215 1862 2292 Apo·

23 2337 24 2366 t
98 2281 295 2340 “⁰⁰⁴⁰”²'⁹¹³‘¹·
317 2302 505 2376 doctrinam,
523 2308 554 2364 et
572 2301 737 2380 probatam
753 2301 911 2364 Ecclesiae
927 2299 1062 2378 discipli·
1118 2302 1230 2364 3131133
1261 2302 1357 2362 Brevi
1378 2320 1394 2362 a
1414 2303 1505 2364 nobis
1537 2303 1608 2364 dato
1630 2305 1681 2366 die
1703 2322 1768 2366 331.
1791 2307 1862 2370 13111

317 2410 389 2456 333
417 2394 493 2455 31113
521 2394 757 2466 33311333133,
781 2410 846 2456 333
875 2393 1062 2455 auctoritate
1118 2411 1201 2456 anno
1216 2411 1455 2470 uncccxxxrrr.;
1472 2411 1536 2472 333
1551 2398 1783 2460 33333133133
1794 2415 1862 2461 33-

317 2487 496 2566 apostolica,
520 2493 634 2549 133333
655 2487 881 2566 praesentium
894 2487 1062 2548 literarum
1118 2488 1251 2549 nialium
1266 2487 1544 2550 Benedietinarum
1561 2491 1643 2568 apud
1658 2490 1862 2569 Cannington

318 2580 535 2659 improbamus
557 2586 589 2642 et
617 2580 886 2652 condemnamus,
918 2580 1063 2642 eiusdem
1118 2581 1152 2642 in
1172 2581 1233 2642 istc
1264 2587 1319 2641 tuo
1352 2581 1538 2643 occidentali
1570 2583 1713 2646 districtu
1739 2592 1775 2646 ut
1796 2587 1863 2664 paci

316 2680 382 2734 3313
404 2679 436 2734 31
455 2673 582 2736 decreta
596 2673 685 2734 nulla
700 2679 733 2734 ct
746 2673 837 2734 irrita
852 2673 1061 2746 declaramus,
1118 2675 1203 2735 inter
1226 2673 1351 2734 easdem
1380 2674 1533 2736 moniales
1565 2677 1769 2753 perturbatae
1790 2695 1863 2740 eon·

319 2767 417 2828 tetius
438 2767 789 2844 deniquelibriusum,
807 2766 921 2844 333313
937 2766 1063 2828 1311113-
1119 2767 1302 2828 suleremus
1324 2766 1384 2828 sub
1412 2773 1522 2829 333133
1545 2775 1576 2829 31
1598 2767 1629 2830 S.
1653 2770 1749 2832 huius
1773 2769 1862 2832 Sedis

318 2865 412 2932 mate,
437 2860 505 2922 3133
524 2860 558 2922 13
579 2860 796 2939 manuscripto
811 2860 930 2932 codice,
947 2860 1079 2923 313313·
1120 2859 1294 2937 3313331313
1313 2859 1478 2936 posuimus
1494 2867 1525 2922 et
1540 2860 1863 2926 31133133331333331-

317 2954 475 3032 impresso
497 2953 736 3015 interdicimus:
761 2960 857 3030 atque
872 2959 908 3016 ut
921 2969 1063 3030 unquam
1119 2967 1183 3028 333
1210 2951 1465 3014 iurisdictionem
1496 2953 1720 3033 suspendentes
1741 2957 1774 3018 13
1796 2957 1864 3018 3133

317 3047 351 3108 13
373 3053 539 3126 posterum
561 3047 645 3124 typis
667 3047 882 3125 imprimatur,
905 3054 1062 3109 vetamus.
1120 3051 1338 3123 protectorem
1361 3051 1393 3106 et
1414 3053 1562 3108 nostrum
1577 3049 1614 3110 ad
1630 3065 1681 3110 res
1695 3049 1782 3112 illius
1797 3065 1864 3112 mc-

318 3139 423 3218 ipsum
439 3155 518 3204 reru
534 3140 756 3202 Melchitarum
769 3139 1000 3202 catholicorum
1012 3141 1064 3201 Pa·
1120 3138 1250 3199 nasterii
1270 3139 1506 3216 componendas
1528 3141 1683 3203 vicarium
1702 3143 1865 3220 deputavi-

319 3233 489 3296 triarebam
507 3232 727 3296 venerabilem
743 3233 875 3294 1331333
891 3233 1064 3294 Maximum
1120 3247 1191 3294 mus
1213 3231 1366 3292 dilectum
1388 3232 1492 3293 iulium
1513 3233 1605 3294 Gard.
1625 3234 1729 3307 Weld,
1746 3243 1783 3297 ut
1796 3237 1864 3314 ipse

319 3326 470 3398 llazlunr,
504 3333 713 3403 caeterosque
744 3326 909 3388 variorum
941 3327 1064 3387 rituum
1121 3326 1183 3386 rite
1205 3331 1370 3402 comperte
1392 3325 1466 3387 dicti
1494 3329 1680 3389 monasterii
1701 3335 1786 3390 statu
1806 3331 1864 3391 im-

320 3421 532 3498 gentiumque
551 3421 746 3482 patriarchas
762 3428 794 3481 et
807 3420 980 3498 Episcopus
997 3435 1065 3497 gra·
1121 3435 1218 3496 pense
1240 3423 1332 3479 curet
1360 3433 1469 3495 pacem
1497 3426 1708 3497 mutuamque
1734 3438 1865 3484 concor-

319 3515 403 3574 riter
417 3514 639 3586 admonemus,
652 3520 689 3574 ut
700 3514 801 3575 dictae
816 3513 930 3592 synodi
945 3513 1065 3574 librum
1121 3512 1204 3575 diam
1226 3511 1271 3572 ibi
1290 3511 1477 3583 restituere,
1500 3511 1677 3590 legumque
1694 3514 1865 3577 observan-

319 3607 358 3668 ab
373 3623 434 3670 usu
448 3622 582 3668 suarum
597 3607 804 3668 ecclesiarum
817 3605 997 3678 excludant,
1012 3606 1066 3667 do·
1120 3606 1196 3666 1133
1215 3603 1386 3666 custodire.

320 3701 455 3762 utrinam
478 3700 558 3772 eius,
580 3707 736 3777 quatenus
751 3717 767 3760 3
782 3699 874 3761 uobis
889 3699 1066 3777 improbata
1159 3699 1189 3760 1.
1213 3697 1380 3760 1133133331
1410 3705 1576 3776 praeterea
1606 3717 1640 3761 se
1669 3709 1865 3780 magnopere

321 3801 354 3855 31
374 3795 519 3856 damnata
540 3793 611 3864 luit,
635 3799 845 3868 aversentur;
869 3799 901 3854 et
916 3793 1066 3854 ortbcdc-
1121 3792 1195 3868 angi
1217 3791 1333 3862 animo,
1358 3807 1397 3851 33
1418 3792 1491 3868 3313
1510 3807 1545 3852 33
1567 3797 1655 3854 33313
1682 3793 1764 3856 33133
1785 3795 1866 3856 arbi-

322 3903 375 3948 333
397 3887 502 3965 polius
531 3887 683 3964 33331133,
707 3885 896 3964 praesertim
923 3891 1063 3957 3313333,
1122 3891 1247 3946 1333133
1268 3883 1386 3944 Romae
1408 3883 1528 3959 degere
1550 3885 1605 3960 qui
1626 3887 1709 3963 apud
1725 3893 1865 3950 nostram

321 3993 402 4054 quae
423 3976 525 4038 13113
546 3975 685 4038 Ε3313313
707 3975 764 4036 1131
785 3975 947 4048 13333133,
966 3993 1066 4038 3333-
1121 3975 1767 4054 uongregauonemuepropagandarum
1780 3979 1867 4041 omni

322 4071 379 4132 ctis
409 4071 574 4147 doctisque
602 4069 745 4148 patribus
776 4069 967 4143 celebratae,
998 4075 1030 4132 31
1050 4087 1086 4132 a·
1123 4087 1183 4149 ope
1204 4070 1362 4140 nituntur,
1386 4075 1422 4130 ut
1442 4069 1601 4147 templum
1623 4079 1773 4132 recenter
1787 4071 1868 4134 Lou-

323 4163 543 4226 decessoribus
565 4163 681 4224 nostris
696 4162 846 4224 Romanis
861 4162 1066 4226 Pontificibus
1123 4163 1189 4225 dini
1211 4161 1410 4223 aediiieatum
1439 4160 1495 4221 ΡΡ.
1520 4159 1686 4224 Societatis
1714 4163 1868 4238 1333133-

324 4256 519 4335 adprcbatas,
536 4256 785 4334 amplectantur;
801 4261 896 4333 atque
912 4273 952 4318 ex
966 4256 1003 4317 113
1017 4272 1067 4318 re·
1124 4257 1227 4329 datur,
1252 4261 1285 4316 31
1305 4269 1409 4316 33333
1431 4253 1520 4316 13333
1541 4255 1700 4316 missionis
1715 4256 1747 4317 in
1763 4257 1868 4318 distri-

324 4350 453 4427 giminis
488 4350 539 4412 sui
573 4349 804 4426 doctrinaeque
837 4365 984 4412 normam
1021 4367 1067 4412 ca·
1123 4356 1176 4412 ctu
1204 4346 1447 4426 septentrionali
1474 4347 1530 4408 ΡΡ.
1560 4347 1774 4410 Β33311311313
1796 4349 1868 4428 Epi-

322 4444 420 4522 piant.
1124 4459 1219 4521 scopo
1241 4442 1343 4504 133113
1364 4458 1398 4503 33
1419 4441 1581 4502 renitente
1602 4442 1795 4519 assignetur.

364 4537 477 4600 Datum
504 4537 623 4599 Romae
650 4537 733 4615 apud
762 4535 793 4598 S.
818 4535 947 4597 liariam
975 4535 1068 4598 blaio-
1163 4537 1193 4599 3.
1216 4534 1423 4598 Contendunt
1443 4540 1550 4595 autem
1572 4535 1869 4597 memorataomnia

324 4647 406 4704 rem,
430 4629 489 4692 sub
511 4629 630 4692 annulo
652 4629 817 4692 Piscatoris
844 4629 895 4691 die
917 4645 965 4690 rn.
988 4629 1068 4692 iunii
1125 4645 1307 4708 repugnare
1335 4633 1404 4689 tum
1436 4625 1560 4702 regulis
1588 4627 1720 4689 istarum
1742 4629 1829 4690 miss.
1853 4647 1870 4690 a

324 4739 544 4796 3333333113,
568 4723 768 4801 pontificatus
790 4723 890 4784 nostri
912 4739 994 4784 anno
1017 4741 1046 4784 v.
1126 4723 1298 4786 Benedicta
1319 4719 1400 4783 XIV.
1424 4719 1638 4798 praescriptis,
1663 4727 1733 4782 tum
1748 4729 1870 4798 aposto-

1126 4817 1194 4880 licis
1222 4814 1338 4876 litteris
1367 4811 1499 4874 Piilill.
1523 4812 1695 4889 inquibus
1723 4813 1870 4876 Pontiierr

1126 4910 1278 4971 certiores
1307 4905 1383 4967 iecit
1403 4903 1543 4966 vicarios
1565 4905 1763 4984 apostolicos
1784 4906 1871 4969 illius

1126 5001 1292 5080 temporie,
1316 5014 1352 5059 se
1372 4997 1406 5060 in
1427 4998 1582 5061 mandatis
1611 4999 1738 5060 dedisse
1765 4999 1871 5061 eidem

1126 5091 1377 5172 congregationi
1396 5097 1432 5153 ut
1446 5092 1572 5168 quando
1587 5092 1693 5170 agitur
1708 5092 1748 5154 de
1763 5092 1872 5169 gratiis

1128 5194 1160 5249 31
1180 5185 1358 5266 privilegiis
1386 5185 1472 5246 unde
1505 5185 1583 5247 crdo
1604 5184 1638 5246 in
1665 5185 1871 5248 missionibus

617 5255 782 5320 LXXXVl·
1128 5285 1262 5342 statutus
1290 5278 1528 5350 immutaretur,
1553 5293 1588 5339 ea
1612 5277 1746 5340 Summe
1767 5277 1872 5340 Ponti·

1128 5374 1178 5435 fici
1200 5387 1265 5434 non
1287 5377 1444 5451 proponat
1465 5371 1678 5446 concedenda,
1702 5371 1763 5434 nisi
1785 5371 1873 5449 prius

332 5471 505 5553 0313131331
535 5471 648 5534 literas
679 5470 766 5532 inter
797 5484 900 5530 sacras
927 5467 1071 5544 virgines
1127 5465 1322 5528 vicariorum
1343 5464 1592 5543 apostolicorum
1610 5465 1803 5526 sententiam
1819 5481 1873 5526 ex-

367 5563 478 5643 quibus
492 5563 722 5628 ntecosterium
737 5561 976 5624 1333131133113
991 5559 1072 5624 Cun-
1128 5559 1269 5638 quisivit.

367 5658 502 5736 direptae
532 5655 591 5720 sub
622 5655 653 5718 S.
688 5655 776 5718 Sedis
806 5654 989 5734 patrocinio
1017 5670 1072 5734 po·
1167 5653 1197 5714 1.
1220 5651 1418 5728 Quapropter
1440 5667 1455 5712 a
1478 5650 1569 5712 nobis
1589 5649 1871 5728 enixepostulant,

367 5749 508 5830 3111111).
1128 5752 1164 5808 31
1184 5751 1300 5806 3131313
1322 5759 1355 5805 33
1376 5743 1522 5806 mandata
1539 5742 1730 5806 eorumdem
1744 5742 1874 5822 praede-

580 4987 818 5000 ψ*-

369 5963 399 6018 (11
415 5965 451 6008 113
465 5961 527 6008 331).
542 5965 619 6018 cong.
634 5961 665 6006 de
679 5963 704 6006 Ρ.
721 5963 746 6006 lt.
762 5959 825 6006 vide
839 5971 921 6018 supra
938 5963 1118 6006 intercursus
1131 5963 1257 6014 carpenas.
