4788 6980
901 577 1075 622 uuououtus
1098 577 1148 622 PP.
1173 577 1237 622 xvl.

295 691 459 767 regimini,
488 695 636 772 potestati
657 712 692 758 ac
719 695 937 774 superioritati
965 696 1041 758 novi

1096 695 1282 758 ventualem
1300 711 1357 774 pro
1379 696 1635 760 benefactoribus
1663 696 1696 758 16
1723 709 1843 772 genere

296 801 354 863 pro
369 791 516 866 ‘tempore
531 788 697 850 existentis
716 787 873 850 1611611116
889 790 1049 852 666166166
1097 791 1239 867 quotidie
1266 790 1440 862 celebrare,
1470 797 1502 852 et
1526 791 1631 852 eidem
1657 789 1843 866 collegiatae

296 879 334 940 de
351 877 471 942 Seren‘a
486 889 679 959 perpetuum
695 882 844 944 similiter
859 883 892 944 iu
908 885 1039 946 modum

294 971 417 1045 subiici,
435 974 529 1051 eique
552 991 609 1052 pro
625 975 752 1038 civitate
769 977 933 1038 territorio
955 977 1041 1040 dioe-

295 1066 370 1137 cesi,
389 1067 476 1129 clero
489 1074 521 1129 et
536 1069 664 1147 populo,
683 1069 802 1147 pariter
817 1075 975 1148 perpetuo
990 1073 1041 1133 ad-

294 1159 459 1237 signamus
480 1167 575 1238 atque
597 1163 811 1226 attribuimus,

335 1255 353 1328 5
374 1254 403 1314 5.
421 1253 462 1315 Ut
480 1263 586 1316 autem
602 1256 730 1320 iuturus
744 1273 801 1336 pro
814 1265 960 1337 tempore
976 1261 1041 1321 exi-

294 1353 383 1407 stens
399 1347 572 1426 Episcopus
589 1349 628 1412 de
645 1349 764 1412 Serena
783 1367 873 1413 suam
889 1353 1041 1416 decenter

294 1440 397 1502 valeat
412 1441 497 1502 tueri
513 1441 701 1520 dignitatem
718 1450 750 1504 ot
765 1445 882 1506 vicario
898 1447 1041 1522 generali

297 1533 469 1624 curiaeque
486 1535 656 1614 episcopali
677 1543 748 1615 apte
770 1538 944 1616 provideri,
968 1557 1041 1602 con-

296 1642 408 1702 gruam
425 1628 632 1702 dotationem,
648 1645 743 1708 quam
760 1629 911 1693 (lilitense
925 1633 1041 1709 guber-

295 1720 385 1781 nium
408 1738 447 1782 ex
470 1723 538 1784 data
566 1724 627 1785 tide
650 1724 833 1801 quantocito
855 1727 1038 1800 constituet,

295 1831 424 1878 mensae
447 1817 616 1896 episcopali
638 1825 795 1897 perpetuo
816 1821 928 1882 ascribi
946 1828 1041 1900 atque

294 1909 426 1971 attribui
448 1910 599 1972 volumus
622 1918 654 1974 et
676 1913 874 1976 mandamus.

333 2003 351 2076 5
367 2000 396 2062 it.
410 2001 500 2076 Quod
512 2018 591 2065 vero
602 2005 640 2066 ad
653 2003 802 2066 fabricam
815 2006 928 2067 attinet
940 2023 1041 2070 66666

294 2095 765 2170 661661166116666166166,6661
794 2098 942 2162 similiter
969 2118 1041 2162 con-

294 2202 408 2264 gruam
424 2189 619 2252 dotationem
636 2205 731 2267 quam
746 2191 832 2254 idem
845 2192 1040 2269 gubernium

294 2281 407 2354 tradet,
426 2289 619 2360 perpetuum
636 2300 766 2362 quoque
780 2285 814 2346 in
837 2286 968 2348 modum
991 2289 1041 2350 ad-

293 2373 467 2436 scribimus
487 2381 582 2454 atque
604 2377 832 2440 adiudicamus.

333 2469 351 2542 5
367 2467 394 2528 7.
409 2467 470 2530 Pro
482 2469 583 2531 iuturi
594 2469 741 2550 Episcopi
754 2471 947 2540 habitatione
959 2474 1042 2536 eius-

293 2577 355 2638 que
378 2563 484 2624 curiae
507 2564 693 2643 episcopalis
709 2567 881 2629 residentia
897 2569 1040 2646 proprias

226 2705 229 2712 .
293 2655 386 2717 aedes
408 2655 536 2718 decenti
558 2657 659 2719 torma
682 2667 714 2720 et
734 2660 903 2740 commodo
922 2661 992 2724 loco
1008 2679 1041 2725 ac

293 2749 507 2826 proximiores
530 2753 632 2828 quoad
655 2753 725 2814 ileri
751 2754 870 2831 poterit
891 2755 1041 2818 ecclesiae

293 2843 467 2906 cathedrali
482 2844 519 2906 ab
535 2844 602 2922 ipso
616 2845 775 2922 gubernio
788 2862 883 2924 quam
899 2851 1040 2926 primum

293 2937 446 3014 assignari
469 2939 632 3010 volumus,
656 2954 737 3015 quae
759 2941 901 3003 simodo
923 2942 1038 3016 desint,

293 3045 412 3107 easque
441 3031 574 3094 conduci
602 3039 757 3110 oporteat,
782 3040 857 3096 tunc
879 3036 1041 3113 pensionis

292 3139 351 3202 pro
373 3124 502 3186 illarum
529 3125 740 3187 conductione
765 3127 919 3190 solvenda
946 3130 1040 3192 ratio·

293 3233 367 3278 nem
390 3217 568 3281 habendam
585 3235 655 3280 esse
671 3220 876 3282 decernimus
893 3229 924 3284 61
939 3223 1039 3286 decla-

293 3327 412 3372 ramus

332 3403 400 3480 58.
424 3405 459 3466 16
481 3407 595 3470 maiori
616 3413 722 3469 autem
752 3409 883 3472 ecclesia
906 3411 1039 3473 civitatis

293 3499 332 3560 de
355 3497 473 3560 Serena
495 3499 542 3560 uti
564 3517 659 3580 supra
681 3500 714 3563 in
736 3503 950 3566 cathedralem
971 3522 1039 3568 ere-

292 3598 341 3654 cta
362 3608 456 3653 suum
472 3593 697 3655 constituimus
713 3601 807 3672 atque
823 3597 978 3674 erigimus
993 3616 1039 3660 ca-

292 3687 430 3766 pitulum
460 3687 613 3750 11666616
637 3697 783 3752 constans
806 3693 1039 3756 canonicalibus

292 3782 481 3860 praebendis
495 3799 552 3861 pro
569 3783 701 3846 totidem
715 3785 922 3864 presbyteris,
937 3788 1039 3850 tribus

292 3878 447 3939 nimirum
470 3878 688 3954 dignitatibus,
707 3895 844 3956 quarum
863 3881 964 3960 prima
986 3883 1038 3944 de-

292 3978 431 4044 canatus,
456 3987 537 4049 quae
560 3977 631 4051 post
653 3974 867 4052 pontificalem
892 3977 953 4036 erit
975 3993 1038 4040 ma-

291 4067 340 4128 ior
369 4084 402 4128 ac
432 4067 581 4128 omnibus
609 4069 750 4145 potietur
777 4068 953 4131 honoribus
976 4073 1038 4148 pri-

291 4161 419 4238 vilegiis
442 4167 474 4222 et
493 4161 754 4238 praeeminentiis
777 4162 882 4224 eidem
905 4180 945 4225 ex
967 4165 1038 4228 iure

292 4255 559 4332 competentibus,
589 4256 727 4318 secunda
753 4255 1035 4332 archidiaconatus

291 4366 326 4410 ac
348 4349 441 4411 tertia
463 4349 683 4426 Magisterium
699 4349 826 4412 scholae
843 4352 1038 4431 nuncupabi-

293 4449 363 4519 tur;
387 4459 445 4504 uec
461 4458 525 4503 non
542 4449 613 4504 octo
628 4443 875 4518 canonicatibus,
894 4461 1038 4523 compre-

293 4538 400 4598 hensis
424 4537 598 4614 theologall
619 4555 653 4600 ac
682 4538 926 4616 poenitentiaria
950 4556 1038 4618 prae-

292 4631 415 4702 bendis,
439 4646 520 4708 quae
541 4631 628 4692 iuxta
657 4631 821 4693 canonicas
846 4634 1035 4708 sanctiones

291 4743 325 4786 ac
347 4725 534 4804 praesertim
549 4724 682 4788 concilii
702 4725 881 4788 Tridentini
898 4728 1035 4802 decreta,

291 4821 323 4880 16
346 4819 489 4897 capitulis
512 4819 742 4881 cathedralium
762 4820 969 4883 ecclesiarum
985 4838 1037 4884 ex-

291 4921 358 4976 tare
373 4914 502 4989 debent;
517 4914 622 4976 eidem
635 4921 799 4994 praeterea
812 4915 963 4978 ecclesiae
979 4932 1037 4994 pro

291 5009 381 5070 chori
401 5008 535 5070 servitio
556 5024 614 5070 666
632 5009 837 5087 praebendati
854 5027 910 5072 seu
927 5009 1052 5073 vicarii·

290 5103 407 5180 aliique
430 5102 537 5164 clerici
559 5104 673 5166 addicti
689 5109 795 5165 erunt.

330 5199 348 5272 5
369 5195 398 5257 9.
416 5196 535 5258 Harum
548 5211 627 5258 uero
643 5197 833 5274 dignitatum
850 5214 914 5260 non
931 5198 1037 5261 minus

291 5307 386 5369 quam
398 5291 640 5354 canonicatuum
656 5307 689 5352 ac
701 5291 937 5368 prebendarum
953 5292 1038 5354 iutu-

291 5401 343 5446 666
362 5401 395 5446 66
411 5401 469 5462 pro
483 5390 631 5462 tempore
648 5384 820 5446 existentes
836 5401 1037 5464 possessores

290 5479 372 5558 apud
394 5479 541 5540 eamdem
567 5478 782 5540 cathedralem
805 5479 967 5542 ecclesiam
999 5479 1037 5541 de

292 5573 411 5635 Serena
423 5572 635 5650 personaliter
651 5572 793 5634 residere
809 5591 843 5634 ac
858 5573 976 5634 ibidem
993 5574 1037 5636 di-

291 5667 364 5728 vina
386 5681 514 5742 quoque
531 5665 630 5728 officia
645 5671 829 5742 ceterasque
852 5667 1037 5728 ecclesiasti-

291 5777 340 5822 cas
363 5759 543 5821 1666116666
571 5759 734 5821 celebrare
764 5759 924 5836 horasque
946 5777 1037 5822 6666-

291 5853 374 5914 nicas
396 5859 459 5914 tam
476 5854 605 5915 diurnas
619 5869 715 5930 quam
732 5859 903 5914 nocturnas
925 5855 1037 5916 decan-

291 5955 368 6020 tare,
386 5948 521 6010 recitare
544 5955 575 6009 et
590 5948 738 6026 psallere,
756 5950 948 6027 missamque
964 5967 1036 6013 con-

1097 883 1249 945 ecclesiae
1270 884 1303 944 in
1332 883 1481 948 omnibus
1510 883 1710 946 laudabiliter
1736 883 1843 944 deser-

1096 978 1177 1048 vire,
1194 977 1346 1054 illiusque
1368 983 1482 1039 statuta
1504 977 1705 1056 inposterum
1722 977 1843 1039 edenda

1097 1070 1270 1147 diligenter
1285 1069 1459 1142 celebrare,
1479 1072 1582 1133 teneri
1604 1071 1767 1143 volumus
1791 1071 1843 1132 de-

1097 1163 1260 1226 ceruimus
1283 1170 1316 1226 et
1336 1165 1572 1228 constituimus.

1136 1259 1154 1332 5
1178 1255 1224 1318 lii.
1241 1256 1330 1330 Quod
1352 1273 1431 1320 sero
1451 1263 1571 1336 spectat
1591 1259 1628 1320 ad
1651 1258 1842 1336 dignitatum

1097 1357 1128 1412 61
1153 1350 1395 1412 canonicatuum
1420 1351 1603 1414 huiusmodi
1625 1351 1840 1422 collationem,

1097 1461 1166 1506 eam
1182 1444 1253 1504 lieri
1269 1444 1400 1506 omnino
1416 1461 1449 1506 ac
1467 1444 1577 1522 peragi
1592 1444 1742 1506 volumus
1755 1461 1843 1522 prae-

1096 1539 1149 1600 vio
1164 1539 1311 1600 examine
1324 1537 1376 1599 vel
1388 1537 1450 1600 alio
1466 1537 1690 1616 experimento
1702 1555 1759 1616 per
1771 1538 1843 1616 Epi-

1096 1648 1239 1710 scopum,
1257 1631 1312 1708 qui
1334 1647 1392 1710 pro
1414 1637 1561 1710 tempore
1586 1631 1739 1704 extiterit,
1764 1631 1843 1694 desi-

1097 1727 1234 1802 gnando.
1259 1725 1292 1787 Si
1313 1741 1392 1788 vero
1411 1731 1522 1804 agatur
1538 1726 1577 1788 de
1592 1725 1781 1805 praebendis
1797 1742 1843 1788 ca·

1096 1819 1295 1880 nonicalibus
1325 1819 1499 1896 theologall
1520 1819 1573 1881 vel
1599 1817 1844 1897 poenitentiaria

1096 1913 1150 1974 vel
1165 1913 1204 1976 de
1221 1913 1375 1990 dignitate
1387 1913 1440 1975 vel
1455 1913 1514 1975 alia
1526 1913 1705 1992 praebenda
1718 1913 1768 1975 cui
1780 1911 1843 1974 ior-

1095 2006 1175 2068 sitan
1197 2006 1375 2068 animarum
1392 2021 1500 2068 curam
1520 2006 1674 2085 Episcopo
1690 2022 1748 2085 pro
1763 2011 1844 2070 tem-

1097 2117 1175 2178 pore
1197 2099 1317 2178 placeat
1330 2099 1511 2173 adnectere,
1529 2101 1669 2162 adhibito
1685 2116 1842 2162 concursu

1096 2194 1132 2254 ad
1146 2193 1377 2271 praescriptum
1389 2193 1523 2256 Concilii
1535 2193 1714 2256 Tridentini
1728 2200 1760 2255 61
1771 2210 1842 2272 apo·

1094 2287 1279 2350 stolicarum
1302 2287 1580 2350 constitutionum.

1135 2383 1153 2458 5
1176 2381 1223 2442 ll.
1248 2381 1426 2458 Eidemque
1448 2384 1493 2444 sic
1515 2383 1682 2445 edormato
1704 2383 1841 2461 capitulo

1096 2475 1267 2536 cathedrali
1286 2475 1514 2538 iacultatemim
1531 2477 1690 2554 pertimur
1705 2477 1843 2539 conden-

1096 2569 1127 2630 di
1149 2575 1275 2642 statuta,
1301 2569 1516 2632 ordinationes
1538 2577 1570 2632 et
1591 2571 1729 2644 decreta,
1746 2573 1842 2636 sacris

1096 2669 1203 2724 tamen
1231 2662 1405 2724 canonibus
1433 2663 1575 2726 Goncilio
1601 2664 1788 2727 Tridentino
1811 2672 1843 2728 et

1095 2756 1274 2834 apostolicis
1287 2755 1568 2818 constitutionibus
1585 2773 1733 2830 consone,
1748 2767 1843 2836 atque

1095 2849 1251 2912 Ordinarii
1264 2849 1482 2928 approbationi
1491 2866 1621 2928 prorsus
1634 2851 1841 2928 subiicienda;

1096 2959 1154 3004 nec
1176 2943 1306 3007 nonius
1322 2943 1527 3006 concedimus
1543 2943 1671 3004 iruendi
1695 2945 1843 3008 omnibus

1096 3042 1128 3097 et
1139 3036 1274 3113 singulis
1290 3035 1478 3114 privilegiis,
1492 3036 1670 3100 honoribus
1686 3043 1718 3098 et
1733 3039 1842 3114 gratiis

1095 3129 1210 3206 quibus
1225 3129 1284 3190 alla
1299 3128 1433 3206 capitula
1448 3129 1677 3192 cathedralium
1699 3132 1843 3193 ecclesia-

1095 3239 1168 3284 rum
1183 3221 1216 3283 iu
1232 3220 1353 3282 ditione
1365 3220 1508 3284 Chiiensi
1524 3221 1732 3284 existentium
1748 3229 1843 3285 utun-

1095 3324 1148 3377 tur
1164 3333 1198 3378 ac
1219 3315 1383 3387 fruuntur,
1404 3315 1579 3376 dummodo
1599 3315 1701 3378 adbuc
1725 3317 1842 3380 sintin

1094 3427 1156 3472 666
1172 3415 1203 3471 61
1218 3427 1282 3472 666
1304 3410 1425 3472 1666161
1439 3416 1597 3484 revocata,
1612 3427 1671 3472 nec
1686 3412 1842 3474 66661666-

1095 3503 1232 3566 nonibus
1248 3511 1281 3565 et
1298 3503 1435 3566 decretis
1450 3503 1629 3582 apostolicis
1645 3511 1839 3583 repugnent,

1094 3613 1199 3675 neque
1217 3597 1310 3658 titulo
1326 3613 1462 3659 oneroso
1478 3603 1532 3659 aut
1547 3597 1700 3676 peculiari
1716 3597 1841 3660 indulto

1079 3692 1157 3754 ¹sint
1178 3692 1330 3768 quaesita.

1133 3789 1151 3863 5
1175 3785 1222 3848 lE.
1239 3785 1385 3864 Capitulo
1405 3791 1512 3848 autem
1533 3801 1635 3847 novae
1654 3785 1841 3848 cathedralis

1094 3881 1246 3944 ecclesiae
1263 3879 1293 3942 S.
1311 3879 1416 3942 Caroli
1432 3879 1476 3942 sic
1494 3885 1602 3942 erecto
1621 3885 1653 3942 et
1668 3880 1841 3942 constituto

1093 3991 1269 4051 congruam
1289 3975 1438 4036 simrliter
1454 3975 1651 4036 dotationem
1667 3990 1763 4051 quam
1781 3981 1842 4036 tra-

1093 4070 1146 4131 det
1169 4075 1384 4131 memoratum
1408 4069 1603 4146 gubernium
1623 4069 1838 4146 adsignemus,

1092 4164 1142 4225 sin
1156 4169 1263 4224 autem
1275 4164 1435 4240 integram
1448 4163 1557 4225 dotem
1569 4179 1627 4242 pro
1643 4163 1779 4240 singulis
1795 4181 1842 4226 ca-

1093 4257 1282 4336 pitularibus
1300 4256 1385 4319 illico
1401 4264 1561 4335 praestare
1577 4257 1771 4334 nequiverit,
1789 4275 1841 4320 eo-

1093 4367 1166 4414 rum
1187 4351 1300 4412 saltem
1327 4357 1450 4429 partem
1477 4350 1596 4414 dotabit
1621 4351 1771 4429 prudenti
1793 4368 1841 4412 ar-

1093 4445 1188 4507 bitrio
1204 4445 1385 4507 executoris
1401 4444 1582 4506 litterarum
1595 4445 1840 4523 apostolicarum

1093 4539 1524 4618 mondeputandi,suspensa
1536 4539 1667 4601 interim
1679 4540 1840 4604 dotatione

1093 4639 1125 4695 et
1139 4632 1308 4696 collatione
1324 4633 1523 4710 reliquarum
1543 4634 1733 4710 dignitatum
1750 4651 1841 4696 cano-

1092 4727 1254 4789 nicatuum
1278 4744 1311 4788 ac
1333 4727 1599 4804 praebendarum,
1618 4743 1712 4804 quam
1734 4735 1840 4791 tamen

1093 4820 1289 4882 dotationem
1308 4819 1522 4897 quantocitius
1538 4821 1608 4882 fieri
1624 4822 1741 4899 poterit
1756 4839 1840 4884 com-

1093 4913 1241 4991 plendam
1258 4913 1479 4990 praecipimus,
1493 4918 1588 4990 atque
1604 4913 1660 4976 hae
1677 4913 1709 4974 16
1725 4931 1760 4975 66
1775 4921 1840 4977 616-

1093 5007 1192 5079 dium,
1212 5007 1318 5068 zelum
1336 5014 1367 5068 61
1388 5023 1497 5068 curam
1521 5024 1650 5070 onlnem
1671 5009 1840 5088 Episcopo·

1092 5117 1165 5162 rum
1188 5101 1227 5163 de
1250 5099 1370 5162 Serena
1391 5117 1449 5178 pro
1467 5107 1612 5180 tempore
1629 5103 1838 5166 existentium

1091 5194 1257 5273 ipsiusque
1292 5194 1442 5271 gubernii
1477 5193 1690 5258 vehementer
1725 5198 1839 5260 excita-

1092 5305 1175 5350 mus.

1131 5387 1149 5460 5
1167 5384 1214 5445 13.
1229 5383 1486 5446 Ecclesiasticum
1498 5383 1575 5446 item
1588 5384 1779 5448 clericorum
1791 5403 1839 5450 se·

1093 5477 1265 5540 minantum
1278 5478 1364 5538 16616
1376 5477 1508 5540 (16661111
1522 5477 1699 5540 Tridentini
1713 5481 1840 5544 decreta

1092 5571 1248 5648 erigimus
1264 5578 1359 5648 atque
1380 5571 1587 5644 instituimus,
1605 5572 1730 5650 ipsique
1745 5575 1838 5637 aedes

1091 5665 1243 5728 ecclesiae
1266 5665 1437 5727 cathedrali
1460 5665 1486 5725 si
1508 5665 1578 5727 lieri
1597 5667 1715 5744 poterit
1734 5670 1839 5746 proxi-

1091 5778 1156 5824 mas
1172 5758 1318 5832 adscribi,
1333 5775 1468 5837 eamque
1481 5760 1677 5821 dotationem
1689 5779 1704 5821 a
1718 5763 1838 5838 praedi-

1091 5867 1139 5917 cto
1154 5853 1324 5932 gubernio,
1336 5869 1409 5914 cum
1423 5853 1563 5930 primum
1576 5869 1634 5930 pro
1647 5853 1791 5916 locorum
1805 5873 1839 5917 ac

1091 5953 1274 6028 temporum
1287 5947 1441 6009 adiunctis
1457 5947 1564 6010 datum
1580 5946 1687 6020 luerit,
1702 5949 1838 6026 assigna-

1765 554 1824 618 aaa
1874 557 1972 608 11160.
1997 559 2062 610 isco
