4828 6974
103 2102 200 2147 Erectio
218 2103 287 2160 rapi·

72 2157 115 2199 tuli
140 2156 286 2202 1111111111-

68 5461 195 5558 ιι1111111111
214 5463 283 5519 eapi-

909 583 1084 630 concentus

306 721 341 765 ea
363 702 524 781 prouincia
552 701 806 778 colligendarum
833 716 965 763 mensae
987 702 1050 780 epi-

305 795 420 874 scopali
449 803 481 856 et
509 795 615 856 curiae
637 795 866 856 ecclesiasticae
889 795 1051 873 Pampelo-

305 888 394 951 nensi
416 895 574 966 perpetuo
596 889 714 966 pariter
735 888 931 964 assignamus
955 893 987 948 11
1008 895 1051 949 11-

307 982 486 1045 tribuimus.
496 981 669 1044 Executori
682 987 787 1043 tamen
799 981 967 1044 literarum
979 997 1050 1059 apo-

304 1075 499 1146 scoticarum,
516 1075 645 1136 attentis
660 1091 772 1136 rerum
791 1076 1048 1140 circumstantiis.

306 1167 444 1229 officium
467 1175 499 1230 et
519 1184 629 1230 curam
650 1168 893 1241 committimus,
918 1183 988 1230 earn
1004 1184 1050 1229 ra-

307 1268 367 1322 tam
390 1267 513 1338 partem
529 1261 726 1324 decimarum
743 1261 976 1340 praedictarum
992 1277 1050 1340 pro

306 1355 449 1416 locorum
478 1369 570 1416 more
600 1361 632 1416 et
652 1371 711 1416 usu
741 1355 913 1416 definiendi
944 1359 976 1416 et
998 1355 1049 1416 de-

305 1447 465 1510 scribendi
485 1447 519 1509 in
541 1448 601 1510 hoc
629 1463 713 1518 castr,
738 1463 800 1524 qua
829 1447 1049 1525 1111111111ρί-

305 1540 390 1619 scopi
419 1540 554 1616 eiusque
582 1541 689 1602 curiae
710 1541 805 1601 statui
827 1540 901 1601 satis
924 1541 1049 1602 consul-

307 1641 373 1696 tum
405 1633 447 1694 sit
477 1634 676 1710 caeterisque
705 1633 961 1695 institutionibus
987 1635 1049 1696 rite

307 1725 482 1804 provisum,
505 1743 539 1788 ac
560 1734 730 1805 propterea
749 1728 854 1789 eidem
870 1729 1046 1799 executori,

305 1825 340 1880 ut
360 1835 458 1897 snper
480 1818 529 1880 his
551 1825 730 1898 opportuna
752 1820 879 1881 decreta
902 1819 1048 1897 proferre

305 1913 416 1985 valeat,
439 1914 634 1976 necessarias
656 1913 820 1975 facultates
842 1914 1049 1991 impertimur

305 2011 398 2081 atque
419 2005 634 2068 concedimus.

343 2099 362 2174 ἓ
385 2095 431 2158 18.
456 2097 491 2158 ln
510 2105 686 2161 memorata
701 2103 808 2160 autent
825 2099 956 2160 ecclesia
974 2099 1048 2162 San-

304 2191 345 2253 cti
366 2191 452 2252 Petri
480 2189 624 2270 Apostoli
652 2192 913 2271 Pampelonensis
942 2194 979 2255 ad
1001 2211 1048 2255 ca-

304 2283 456 2345 thedralis
478 2285 636 2347 honorem
660 2293 770 2347 evecta
793 2285 990 2348 instituimus
1005 2293 1048 2347 at-

304 2391 366 2453 que
387 2378 543 2454 erigimus
566 2379 740 2456 capitulum
769 2385 906 2455 quatuor
934 2379 1047 2440 saltem

303 2479 449 2532 constans
470 2471 704 2534 canonicalibus
738 2472 938 2549 praebendis,
963 2473 1048 2534 inter

303 2577 379 2638 quas
408 2563 488 2626 duae
519 2564 701 2640 dignitates
726 2581 843 2642 nempe
865 2565 1046 2638 decanatus,

303 2671 383 2731 quae
404 2657 506 2734 prima
528 2658 590 2718 erit
611 2663 682 2736 post
710 2657 924 2736 pontificalem
947 2659 1049 2735 digni·
1081 2657 1083 2661 ’

304 2755 359 2820 tas,
384 2755 416 2811 et
438 2750 583 2827 magistri
604 2751 742 2824 scholae,
760 2752 919 2828 quaeerit
937 2751 1045 2824 altera,

304 2847 336 2902 et
362 2841 426 2904 duo
454 2844 654 2905 canonicatus
684 2859 757 2905 cum
790 2849 927 2921 utraque
959 2861 1048 2922 prae-

303 2937 405 2998 benda
426 2943 462 2998 ut
482 2937 564 2998 infra
592 2937 830 3009 constituenda,
862 2937 1048 3001 huiusmodi

304 3037 409 3092 tamen
424 3031 666 3092 canonicatuum
678 3047 864 3104 numerum,
879 3047 943 3108 quo
955 3033 1048 3094 citius

303 3123 373 3184 fieri
395 3125 523 3202 poterit,
548 3124 660 3202 augeri
679 3124 845 3196 edicimus,
862 3131 898 3185 ut
913 3130 945 3186 et
960 3141 1048 3204 prae-

303 3216 404 3278 benda
426 3216 617 3294 theologalis
638 3234 673 3279 ac
694 3217 939 3296 poenitentiario
960 3219 1048 3280 iuxta

302 3309 466 3371 canonicas
493 3309 672 3372 sanctiones
701 3317 733 3372 et
754 3311 945 3372 sacrosancti
966 3309 1047 3372 (lon-

302 3402 364 3464 cilii
386 3402 566 3465 Tridentini
594 3404 721 3466 decreta
750 3404 902 3466 constitui
931 3403 1044 3466 valeat.

302 3495 399 3558 Chori
414 3503 521 3558 autem
537 3497 706 3558 servitium
722 3497 783 3558 rite
795 3498 940 3559 exerceri
952 3506 1048 3575 queat

303 3590 339 3651 ad
362 3589 462 3652 officia
489 3589 596 3652 divina
623 3590 737 3652 sedulo
762 3591 953 3668 peragenda,
978 3591 1047 3653 Dei-

303 3696 365 3760 que
387 3683 510 3745 cultum
543 3683 655 3744 maiori
677 3699 741 3760 quo
763 3683 855 3745 decet
874 3684 1047 3762 splendore

303 3793 337 3838 ac
357 3777 540 3838 reverentia
562 3777 789 3849 decorandum,
808 3785 902 3854 atque
918 3777 975 3838 hac
996 3793 1047 3839 su·

304 3885 359 3947 per
381 3885 417 3931 re
445 3869 553 3931 zelum
576 3877 609 3931 et
636 3886 744 3932 curam
774 3885 904 3932 ornnem
927 3871 1047 3933 nedum

304 3961 447 4023 eiusdem
469 3962 637 4024 literarum
665 3963 910 4040 apostolicarum
933 3979 1047 4025 execu-

303 4057 392 4128 toris,
408 4057 465 4118 sed
487 4063 519 4119 et
533 4056 704 4135 praecipue
720 4056 905 4118 futurorum
921 4057 1048 4136 Episco-

303 4166 418 4228 porum
441 4151 627 4223 excitamus,
645 4166 765 4228 eosque
780 4152 812 4214 in
828 4151 964 4212 Domino
981 4167 1047 4213 mo-

304 4261 427 4306 nemus.
442 4243 632 4308 lluinsmodi
644 4251 751 4307 autem
764 4245 967 4321 dignitatum,
982 4261 1047 4308 non

304 4338 408 4402 minus
430 4353 526 4415 quam
548 4338 802 4410 canonicatuum,
824 4339 925 4399 futuri
940 4355 974 4399 ac
989 4355 1047 4416 pro

303 4439 449 4510 tempore
464 4433 638 4495 existentes
652 4447 850 4510 possessores
866 4431 948 4510 apud
964 4448 1047 4493 eam-

303 4525 374 4586 dem
397 4524 563 4586 ecclesiam
589 4524 804 4586 cathedralem
834 4521 939 4593 Sancti
961 4523 1048 4587 Petri

292 4617 445 4694 -Apostoli
467 4617 667 4696 Pampelonis
694 4602 906 4694 personalit'er
928 4617 1047 4679 reside·

302 4727 348 4783 re,
372 4727 406 4774 ac
426 4711 459 4772 in
481 4727 517 4772 ea
539 4711 645 4772 divina
667 4725 797 4787 quoquo
825 4710 924 4772 officia
947 4716 1048 4771 cacte-

302 4819 416 4880 rasque
430 4804 657 4866 ecclesiasticas
672 4803 853 4866 functiones
870 4803 1045 4876 celebrare,

303 4897 461 4973 horasque
489 4897 653 4958 canonicas
686 4897 884 4974 persolvere,
917 4896 1046 4957 missam

302 4989 549 5052 conventualem
577 5005 636 5068 pro
658 4989 916 5050 benefactoribus
938 4989 971 5050 in
994 5005 1048 5066 ge·

302 5099 380 5144 nere
405 5083 573 5161 applicare,
601 5083 724 5160 ipsique
750 5081 923 5144 cathedrali
949 5082 1047 5144 eccle-

301 5176 365 5238 siae
387 5175 419 5238 in
436 5175 586 5238 omnibus
602 5175 803 5238 laudabiliter
819 5175 996 5248 deservire,
1014 5193 1047 5238 ac

301 5269 387 5332 illius
409 5275 526 5332 statuta
541 5269 574 5332 in
590 5277 756 5348 posterum
773 5269 894 5330 edenda
912 5269 1047 5348 diligen-

302 5370 350 5426 ter
373 5364 545 5426 observare
567 5369 748 5426 teneantur.

341 5459 359 5533 ἓ
382 5457 429 5518 ld.
453 5457 599 5536 Capitulo
617 5463 724 5518 antem
740 5472 842 5518 novae
857 5457 1046 5519 cathedralis

301 5549 452 5614 ecclesiae
476 5550 581 5613 Sancti
603 5551 688 5612 Petri
708 5551 852 5628 Apostoli
872 5551 916 5612 sic
939 5557 1047 5612 erecto

300 5651 333 5706 et
354 5645 528 5707 constituto
549 5645 749 5722 assignamus
764 5651 858 5722 atque
874 5644 1046 5706 tribuimus

300 5744 401 5800 ratam
412 5747 537 5817 partem
553 5739 762 5811 decimarum,
776 5754 854 5815 quas
869 5754 965 5816 supra
981 5755 1047 5800 me·

300 5832 509 5904 morarimns,
527 5833 632 5894 habita
655 5839 762 5894 tamen
777 5833 985 5912 proportione
1000 5833 1046 5894 in-

301 5933 350 5989 ter
359 5927 504 6004 singulos
516 5927 781 5990 canonicosiuxta
792 5925 1046 6004 uniuscuiusque

406 6072 456 6120 tur.
472 6071 544 6120 Perat.
560 6071 591 6117 dc
606 6071 679 6129 frop.
695 6070 757 6118 l'r'de
772 6071 853 6117 Partis
868 6073 886 6117 l.
901 6070 954 6118 vol.
971 6075 997 6118 ll.

1105 585 1155 630 rr.
1180 583 1245 629 xvr.
1777 563 1834 626 115
1883 562 1982 618 11111.
2003 560 2074 616 1835

1106 702 1295 778 dignitatem
1318 709 1349 764 et
1365 702 1510 780 gradum,
1529 717 1593 779 quo
1609 700 1799 771 instituitur,
1819 705 1854 762 ut

1106 795 1226 857 scilicet
1247 795 1349 872 prima
1371 795 1508 872 dignitas
1537 795 1687 856 ditiorem
1710 793 1853 856 obtineat

1106 889 1331 966 praehendam,
1362 889 1500 950 secunda
1522 904 1612 960 vero,
1644 887 1704 950 etsi
1734 886 1852 948 minori

1106 981 1244 1053 redditu,
1262 997 1357 1059 quarn
1379 982 1491 1060 prima,
1509 981 1768 1052 constabilienda,
1788 997 1851 1042 rna-

1105 1074 1208 1135 iorem
1226 1081 1332 1136 tamen
1348 1091 1480 1137 censum
1497 1073 1660 1154 percipiat,
1675 1090 1770 1152 quarn
1784 1091 1851 1135 111-

1106 1173 1192 1229 11111
1207 1167 1368 1245 simplices
1382 1167 1578 1230 canonicales
1591 1166 1802 1244 praebendae.
1818 1165 1851 1227 Si

1105 1275 1184 1321 vero
1206 1261 1385 1322 animarum
1414 1277 1489 1323 cura
1510 1259 1648 1339 capitulo
1677 1259 1850 1322 cathedrali

1105 1354 1306 1430 adiungenda
1328 1353 1378 1426 sit,
1403 1360 1435 1414 et
1456 1353 1607 1416 canonico
1636 1352 1781 1414 eiusdem
1804 1370 1851 1414 ca-

1105 1447 1197 1524 pituli
1225 1447 1464 1518 committenda,
1489 1448 1625 1524 congrui
1645 1447 1714 1508 eius
1736 1462 1850 1508 census

1104 1539 1261 1602 rationem
1278 1540 1389 1601 haberi
1403 1540 1567 1612 volumus,
1581 1541 1725 1616 itemque
1740 1540 1767 1600 si
1782 1539 1850 1600 fue-

1105 1633 1147 1694 rit
1167 1633 1363 1696 instituenda
1392 1633 1571 1712 praebenda
1597 1633 1788 1709 theologalis
1816 1651 1850 1694 ac

1105 1727 1359 1806 poenitentiario,
1377 1727 1490 1788 similis
1505 1727 1586 1788 ratio
1608 1726 1670 1788 erit
1686 1726 1846 1788 habenda:

1104 1836 1200 1898 super
1222 1819 1338 1897 quibus
1362 1819 1506 1881 eiusdem
1535 1819 1703 1902 literarum
1726 1824 1850 1898 aposto-

1104 1913 1236 1975 licarum
1259 1913 1441 1975 executoris
1470 1912 1720 1974 sollicitudinem
1743 1912 1848 1974 horta-

1104 2023 1188 2080 mur,
1198 2021 1339 2082 eumqne
1352 2005 1539 2068 necessariis
1551 2004 1752 2068 facultatibus
1764 2021 1849 2068 corn·

1104 2101 1278 2162 munimus.

1142 2192 1230 2268 §Ab
1254 2193 1401 2256 fabricae
1423 2199 1530 2253 autem
1553 2199 1585 2254 et
1606 2193 1743 2255 sacrario
1760 2209 1848 2270 prae·
1882 2203 1992 2264 ,notatio
2006 2202 2082 2248 accre-

1103 2285 1204 2347 dictae
1225 2286 1415 2348 cathedralis
1433 2285 1584 2347 ecclesiae
1599 2286 1686 2347 illam
1705 2302 1762 2363 pro
1779 2286 1848 2347 eius
1868 2265 1928 2302 ⁸¹³⁰·

1103 2378 1190 2440 cultu
1207 2396 1240 2441 ac
1255 2379 1390 2441 tuitione
1406 2379 1513 2440 dotem
1529 2379 1738 2455 assignamus,
1752 2394 1848 2456 quant

1104 2474 1133 2534 ei
1149 2489 1189 2534 ex
1205 2473 1392 2536 earumdem
1405 2473 1602 2534 decimarum
1615 2479 1786 2551 proventu,
1799 2473 1849 2534 sin

1105 2567 1210 2628 minus
1233 2583 1273 2628 ex
1294 2567 1442 2628 censibus
1465 2566 1597 2642 aliisque
1619 2565 1710 2628 bonis
1730 2567 1849 2629 stabili·

1104 2659 1174 2723 hus,
1199 2665 1355 2736 quatenus
1383 2658 1487 2719 adsint
1507 2664 1540 2718 et
1559 2658 1623 2720 sint
1647 2658 1846 2732 sufficientia,

1104 2751 1302 2830 praefinierit
1329 2757 1361 2811 et
1387 2751 1599 2827 assignaverit
1630 2751 1849 2829 praesentium

1102 2846 1269 2907 literarum
1293 2850 1457 2906 executor.

1143 2939 1231 3014 §fl
1262 2937 1391 3000 Eisdem
1420 2952 1550 3015 quoque
1582 2938 1699 3000 futuris
1728 2956 1762 3001 ac
1790 2955 1849 3018 pro
1888 2944 2024 3007 ‚rrtvuogta
2042 2955 2081 2990 aa·

1104 3039 1249 3109 ternpore
1279 3030 1489 3092 existentibus
1517 3031 1726 3107 dignitatibus
1749 3039 1781 3094 et
1803 3049 1850 3094 ca·
1869 2998 1953 3099 {3⁰¹⁰
1977 3009 2082 3044 ⁰⁰⁰⁰⁰⁵‘

1104 3125 1237 3196 nonicis,
1261 3131 1297 3186 ut
1324 3123 1384 3203 ipsi
1412 3123 1630 3203 capitulariter
1662 3127 1850 3204 congregati

1104 3231 1162 3296 pro
1184 3216 1341 3295 praefatae
1363 3215 1552 3278 cathedralis
1576 3217 1728 3279 ecclesiae
1745 3217 1850 3280 Sancti

1103 3309 1189 3371 Petri
1209 3308 1364 3388 Apostoli,
1389 3327 1423 3371 ac
1444 3309 1530 3372 illius
1553 3325 1683 3372 mensae
1702 3311 1850 3389 capitula-

1102 3404 1156 3476 ris,
1181 3403 1308 3465 sacrarii
1330 3409 1363 3465 et
1381 3403 1526 3477 fabricae,
1545 3419 1723 3481 earumque
1738 3420 1849 3466 rerum

1103 3514 1136 3558 ao
1164 3497 1325 3558 bonorum
1347 3512 1503 3575 prospero
1532 3497 1682 3574 felicique
1704 3503 1788 3559 statu
1817 3515 1851 3560 ac

1102 3591 1273 3668 regimine,
1305 3597 1337 3652 et
1359 3605 1495 3652 onerum
1517 3592 1563 3652 eis
1592 3589 1850 3653 incumbentium

1102 3683 1325 3762 implemento,
1346 3683 1499 3746 horarum
1522 3683 1747 3746 canonicarum
1775 3683 1851 3746 alio-

1103 3792 1242 3853 rumque
1264 3777 1448 3840 diviuorum
1470 3776 1647 3838 officiorum
1663 3776 1850 3839 celebratio·

1104 3885 1155 3942 ne,
1179 3869 1344 3932 fructuum
1370 3867 1607 3940 distributione,
1637 3875 1669 3930 11
1697 3883 1851 3946 quorum-

1103 3977 1241 4038 cumque
1258 3963 1554 4024 emolumentorum
1571 3962 1743 4041 partitione
1756 3969 1851 4041 atque

1103 4055 1389 4127 administratione,
1406 4057 1652 4134 poenarumque
1667 4072 1724 4132 per
1739 4058 1851 4118 absen-

1104 4156 1149 4210 tes
1172 4155 1225 4210 aut
1246 4149 1460 4226 negligentes.
1478 4149 1771 4212 contrahendarum
1793 4150 1851 4211 im-

1103 4243 1272 4321 positione,
1297 4257 1520 4320 quaecumque
1534 4247 1660 4315 statuta,
1679 4243 1851 4305 ordinatio·

1103 4352 1216 4398 nasac
1239 4336 1377 4409 decreta,
1402 4337 1498 4398 sacris
1526 4343 1634 4398 tamen
1663 4337 1848 4409 canonibus

1103 4428 1236 4492 Concilii
1255 4429 1434 4492 Tridentini
1450 4429 1587 4492 decretis
1604 4436 1636 4492 et
1651 4431 1851 4492 constitutio·

1103 4523 1197 4585 nibus
1219 4523 1400 4601 apostolicis
1416 4539 1480 4585 non
1503 4525 1671 4597 contraria,
1692 4526 1851 4588 condendi

1103 4633 1136 4678 ac
1159 4616 1286 4689 edendi,
1309 4616 1369 4677 sub
1391 4616 1539 4694 Episcopi
1562 4623 1668 4679 tanton
1691 4633 1749 4696 pro
1772 4625 1851 4679 tem-

1103 4725 1181 4788 pore
1210 4710 1378 4771 existentis
1407 4711 1619 4787 praesidentia
1647 4717 1679 4772 11
1700 4711 1851 4789 approba-

1103 4803 1201 4874 tione,
1218 4803 1346 4882 plenam
1368 4819 1402 4863 11
1425 4803 1642 4866 omnimodam
1659 4809 1849 4880 potestatem

1103 4897 1308 4958 concedimus
1331 4902 1364 4956 et
1384 4896 1601 4972 impertimur.

1142 4991 1232 5064 522.
1256 4991 1424 5052 Praeterea
1453 4989 1558 5052 eidem
1584 4989 1722 5068 capitulo
1744 4997 1776 5050 et
1804 5005 1850 5051 ca·
1870 5001 1938 5048 ruem
1954 5005 2081 5056 utsupra.

1103 5083 1225 5146 nunicis
1248 5099 1306 5162 pro
1329 5091 1475 5161 tempore
1504 5082 1717 5145 existentibus
1746 5083 1850 5145 indul·

1104 5193 1218 5254 gemus
1250 5183 1345 5254 atque
1378 5177 1554 5253 elargimur
1588 5176 1637 5237 ius
1670 5176 1781 5238 utendi
1816 5193 1851 5238 ac

1103 5271 1232 5332 fruendi
1255 5269 1403 5332 omnibus
1427 5277 1459 5332 et
1473 5269 1607 5346 singulis
1623 5276 1687 5330 ‘tarn
1703 5269 1849 5348 spiritua-

1103 5364 1185 5426 libus
1208 5379 1303 5441 quam
1325 5362 1554 5442 temporalibus
1577 5363 1696 5439 gratiis,
1720 5362 1849 5441 privile·

1104 5459 1174 5535 giis,
1192 5457 1458 5529 immunitatibus,
1478 5455 1736 5534 praeeminentiis
1761 5462 1792 5518 et
1808 5457 1849 5517 fa-

1102 5551 1247 5623 voribus,
1261 5550 1377 5626 quibus
1394 5550 1526 5612 aliarum
1542 5549 1697 5611 similium
1710 5551 1743 5611 in
1755 5548 1849 5612 Ame-

1103 5645 1166 5706 1111
1179 5643 1377 5706 lleridionali
1394 5644 1602 5706 existentium
1618 5643 1848 5706 cathedralium

1103 5738 1310 5800 ecclesiarum
1343 5736 1488 5816 capitula,
1512 5736 1683 5814 dignitates
1705 5743 1850 5798 1111111-

1102 5831 1223 5892 nicetus
1245 5831 1326 5903 iure,
1344 5829 1587 5902 consuetudine,
1605 5829 1777 5908 priuilegio
1796 5837 1851 5892 1111

1102 5925 1177 5989 alias
1193 5924 1445 6002 quomodolibet,
1460 5938 1525 5985 non
1541 5928 1650 5986 tamen
1665 5923 1758 5986 titulo
1775 5938 1849 5985 one·

1718 6073 1742 6114 19
