4788 6980
924 581 1099 628 dumdoltttts
1121 582 1172 628 PP.
1195 583 1260 628 xvi.

320 698 489 777 tropolitao
515 698 636 771 donari,
660 699 848 777 cunctisque
873 699 952 772 aliis,
981 714 1062 776 quae

318 791 641 871 Archiepiscoporum
654 799 686 856 et
697 793 974 872 Metropolitarum
987 800 1062 854 sunt

319 887 457 965 propria,
485 885 621 959 iuribus,
646 887 824 964 privilegiis
845 904 878 950 ac
907 886 1062 966 praeemi-

319 980 449 1052 aeoliis,
479 986 613 1058 excepto
642 996 702 1042 usu
724 980 827 1053 Pallii,
852 981 954 1043 donec
982 980 1062 1043 illud

319 1089 359 1136 ex
374 1087 466 1136 more
478 1073 617 1152 petierit,
631 1074 745 1150 vigore
757 1075 959 1152 presentium
971 1074 1063 1136 dum-

319 1173 413 1240 taxat,
437 1183 471 1228 ac
492 1167 561 1229 sine
590 1181 672 1230 noua
701 1167 886 1246 provisione
914 1183 1062 1245 novaque

318 1261 486 1322 literarum
509 1261 753 1338 apostolicarum
776 1260 991 1339 expeditione,
1015 1261 1063 1322 uti

318 1340 352 1417 ac
373 1353 437 1416 lrui
458 1353 609 1418 uolumus
630 1360 725 1432 atque
747 1353 962 1427 decernimus,

83 1445 299 1557 ,0512g};,·“sg¹{3,⁰
357 1449 426 1524 §ln
450 1447 626 1510 Praelatam
648 1463 727 1510 uero
750 1447 916 1510 ecclesiam
946 1446 1062 1510 SSrirae

83 1536 103 1618 s',¹
117 1537 203 1600 laconi
220 1537 298 1602 suoru?
317 1541 542 1621 Conceptionis
558 1541 597 1604 de
612 1541 704 1604 coilo
719 1548 864 1620 utsupra
879 1547 1062 1621 exemptam

83 1614 121 1654 ⁰¹¹*
318 1643 350 1697 et
378 1635 653 1713 ametropolitico
681 1635 752 1696 iure
781 1635 932 1698 ecclesiae
960 1634 1062 1698 bima-

317 1745 376 1790 uae
391 1744 523 1807 prorsus
539 1727 685 1801 liberam,
702 1728 955 1806 metropoliticae
969 1728 1062 1790 iuris-

317 1823 448 1885 dictioni
480 1822 624 1884 eiusdem
656 1821 930 1902 archiepiscopalis
963 1823 1062 1884 eccle-

316 1917 381 1979 siae
403 1917 509 1980 Sancti
531 1916 633 1979 lacobi
661 1917 781 1994 pariter
810 1922 967 1995 perpetuo
988 1916 1062 1978 sub-

316 2011 453 2085 iicimus,
470 2018 503 2073 et
514 2012 547 2072 in
560 2011 628 2072 eius
639 2011 873 2086 suffraganeam
888 2009 1058 2087 adsignari,

315 2105 441 2184 ipsique
463 2103 729 2183 metropolitanae
748 2104 898 2166 ecclesiae
911 2103 942 2166 S.
959 2103 1061 2166 lacobi

315 2199 348 2260 in
378 2198 569 2278 praedictam
603 2197 770 2260 ecclesium
797 2195 913 2260 SSrirae
942 2197 1060 2260 Conce-

317 2293 434 2371 ptionis
455 2293 535 2360 iura,
553 2291 732 2370 privilegia,
750 2291 890 2352 honores
912 2297 944 2353 et
965 2291 1060 2355 lacul-

316 2393 405 2460 tateS,
433 2385 550 2464 quibus
573 2384 808 2463 lletropolitani
830 2401 870 2447 ex
895 2401 1059 2448 sacrorum

315 2481 481 2544 Ganonum
494 2485 526 2540 et
534 2477 780 2557 apostolicarum
793 2479 1058 2542 constitutionum

315 2574 510 2654 praescripto
532 2573 565 2633 in
586 2573 801 2648 sullraganeas
823 2572 946 2651 pollent
960 2575 1059 2636 eccle-

315 2669 386 2738 sias,
403 2673 560 2748 perpetuo
582 2665 731 2728 similiter
749 2667 954 2730 concedimus
970 2675 1002 2730 et
1016 2675 1059 2731 at-

315 2762 499 2824 tribuimus.

105 2865 296 2926 stercoritae.
356 2855 599 2932 §monacisca
627 2855 664 2917 ad
693 2855 877 2918 huiusmodi
906 2857 1059 2936 archiepi-

99 2917 297 3016 {mensures
316 2955 461 3029 scopatus
494 2949 692 3010 erectionem
725 2955 757 3010 et
787 2949 825 3010 ad
850 2949 977 3026 singula
1008 2965 1059 3012 su-

316 3043 424 3122 perius
455 3059 604 3121 expressa
636 3043 869 3105 accuratissime
897 3045 1059 3123 implenda

315 3138 420 3199 eidem
452 3135 655 3198 Emmanueli
687 3136 860 3215 Episcopo,
896 3152 993 3215 quem
1026 3139 1057 3201 in

315 3229 530 3308 praesentium
543 3229 710 3292 literarum
722 3235 905 3292 nostrarum
918 3246 1059 3308 exequu-

316 3330 419 3385 torem
441 3323 603 3399 eligimus,
626 3323 819 3385 necessarias
834 3330 929 3406 atque
946 3341 1058 3404 oppor-

314 3423 405 3479 tunas
428 3415 600 3478 tribuimus
621 3416 796 3490 facultates,
822 3425 857 3479 ut
872 3419 940 3497 ipse
956 3435 1058 3498 perse

313 3511 366 3572 vel
383 3509 548 3589 paralium
562 3510 670 3573 uirum
683 3511 891 3574 ecclesiastica
904 3513 1058 3590 dignitate

312 3605 521 3666 constitutum
544 3604 632 3666 abeo
647 3605 924 3682 subdelegandum
946 3615 1058 3671 cuncta

312 3703 454 3760 statuere
466 3713 500 3758 ac
512 3698 688 3760 decernere
700 3698 814 3770 valeat,
829 3713 910 3776 quae
922 3701 958 3762 ad
972 3707 1057 3779 opta-

313 3801 381 3856 tum
404 3793 554 3854 ellectum
575 3791 723 3870 superius
746 3793 873 3856 decreta
895 3797 1057 3858 cumulate

312 3887 502 3966 perducant3
526 3891 621 3962 atque
641 3886 736 3947 etiam
753 3886 934 3949 facultatem
951 3889 1056 3952 eidem

312 3980 505 4058 exequutori
526 3980 594 4042 siue
613 3979 700 4042 illius
722 3979 930 4058 subdelegato
946 3999 1057 4046 conce-

312 4076 427 4147 dimus,
450 4082 487 4136 ut
507 4090 606 4153 super
627 4089 830 4154 quacumque
857 4078 1056 4156 oppositione

311 4170 344 4230 in
363 4175 434 4230 actu
457 4169 655 4230 executionis
681 4170 925 4246 quomodolibet
949 4173 1056 4237 lorsan

312 4263 443 4335 oritura,
467 4268 500 4322 et
521 4261 663 4338 qualibet
684 4262 897 4341 appellatione
920 4273 1053 4340 remota,

312 4356 476 4419 definitive
492 4355 594 4417 libere
613 4362 645 4417 et
660 4355 745 4418 licite
758 4359 971 4435 pronunciare
987 4378 1056 4440 pos-

310 4450 351 4530 sit
362 4455 395 4512 et
405 4449 519 4512 valeat.
532 4449 593 4528 lpsi
607 4465 685 4512 uero
701 4452 893 4528 exequutori
906 4455 1056 4534 praecipi-

310 4560 381 4605 mus
397 4550 492 4620 atque
508 4543 695 4606 mandamus
711 4550 747 4606 ut
761 4544 844 4608 intra
857 4561 914 4607 sex
930 4563 1055 4612 menses

310 4638 347 4699 ab
370 4637 496 4716 expleta
525 4637 744 4716 praesentium
774 4638 955 4702 litterarum
983 4659 1054 4704 exe-

310 4732 438 4794 cutione
465 4729 629 4808 exemplar
654 4729 834 4793 authentica
856 4731 958 4795 forma
984 4751 1054 4796 exa-

309 4830 413 4885 ratum
436 4823 642 4885 decretorum
659 4824 804 4886 omnium
820 4840 900 4902 quae
917 4827 949 4888 in
966 4843 1054 4905 prae-

309 4917 444 4980 latarum
459 4915 640 4978 litterarum
653 4917 901 4995 implementum
915 4921 1051 4994 emittet,

308 5012 346 5074 ad
378 5011 458 5073 hauc
487 5011 702 5090 apostolicam
734 5010 850 5074 Sedem
881 5014 1054 5092 diligenter

309 5106 503 5168 mittendum
525 5112 627 5178 curet,
644 5105 790 5184 illudque
806 5107 838 5168 in
853 5109 983 5171 archivo
999 5126 1053 5172 no-

307 5205 392 5261 strae
414 5200 674 5277 congregationis
690 5200 827 5278 negotiis
853 5203 1053 5265 consistoria-

307 5293 392 5355 libus
421 5293 618 5371 praepositae
640 5292 678 5354 de
705 5307 796 5354 more
818 5296 976 5356 asservari
998 5311 1053 5358 vo-

309 5387 427 5448 lumus

93 5493 217 5586 'clausura
231 5497 288 5543 suo·
346 5483 365 5556 g
385 5480 414 5542 6.
439 5481 625 5543 Praesentes
641 5485 748 5542 autem
764 5481 896 5554 litteras,
915 5483 993 5544 etin
1009 5485 1053 5546 eis

92 5551 136 5646 30¹3,
150 5550 287 5650 diffie·
307 5581 454 5638 contenta
476 5590 708 5653 quaecumque,
730 5575 825 5638 etiam
848 5592 888 5638 ex
910 5593 948 5638 eo
967 5580 1052 5654 quod

307 5669 338 5740 ii,
363 5685 502 5746 quorum
527 5671 664 5731 interest
685 5675 739 5732 aut
760 5669 917 5732 interesse
946 5679 1053 5749 posset

306 5763 338 5824 in
361 5762 518 5834 loturum,
535 5763 638 5824 vocati
660 5767 692 5824 et
712 5761 809 5824 auditi
831 5779 896 5826 non
918 5764 1050 5837 luerint,

307 5863 360 5918 aut
387 5857 569 5934 praemissis
598 5873 663 5918 non
692 5859 929 5930 consenserint,
961 5859 1052 5921 nullo

308 5967 447 6028 unquam
469 5956 617 6031 tempore
639 5951 678 6013 de
696 5951 913 6030 subreptionis
929 5952 981 6015 vel
999 5951 1052 6015 ob-

1789 563 1848 628 237
1900 565 1952 616 Au.
1967 567 1996 618 Ο.
2018 566 2088 616 1840

1119 700 1274 778 reptionis
1307 707 1361 764 aut
1389 701 1544 763 nullitatis
1576 701 1656 762 uitio
1684 715 1741 762 seu
1764 699 1867 760 inten-

1119 793 1214 856 tionis
1238 800 1366 858 nostrae
1388 795 1514 857 delectu
1537 794 1651 868 notari,
1670 794 1865 872 impugnari,

1119 887 1173 948 vel
1201 888 1234 963 iq
1255 889 1509 950 controversiam
1538 888 1645 950 vocari
1674 903 1781 967 posse,
1811 887 1867 948 sed

1119 989 1277 1060 perpetuo
1305 982 1423 1044 validas
1446 989 1478 1044 et
1503 983 1644 1044 efficaces
1673 982 1813 1044 existere
1836 987 1868 1043 et

1120 1075 1200 1149 lore,
1224 1091 1365 1154 suosque
1387 1077 1547 1155 plenarios
1569 1093 1603 1140 ac
1625 1077 1770 1154 integros
1793 1075 1866 1137 elie-

1120 1175 1189 1232 ctus
1217 1170 1327 1232 sortiri
1355 1177 1388 1232 et
1415 1170 1580 1244 obtinere,
1604 1169 1724 1247 sicque,
1749 1175 1781 1232 et
1802 1184 1866 1230 nou

1119 1263 1205 1334 alias,
1223 1279 1281 1341 per
1302 1278 1524 1340 quoscumque
1546 1263 1666 1326 iudices
1689 1262 1866 1324 ordinarios

1119 1357 1172 1418 vel
1188 1356 1362 1434 delegatos,
1378 1357 1473 1418 etiam
1486 1355 1590 1434 palatii
1606 1355 1769 1434 apostolici
1780 1355 1867 1417 audi-

1119 1455 1217 1523 tores,
1232 1449 1431 1528 apostolicae
1444 1447 1534 1511 Sedis
1546 1449 1682 1512 Nuntios
1694 1455 1727 1510 et
1739 1447 1770 1510 S.
1780 1447 1816 1510 R.
1827 1448 1863 1509 E.

1118 1544 1314 1618 Cardinales,
1338 1543 1447 1622 quavis
1469 1542 1657 1605 auctoritate
1679 1542 1863 1619 fungentes,

1119 1639 1241 1701 sublata
1270 1639 1316 1701 eis
1346 1643 1515 1700 eteorum
1544 1635 1678 1698 cuilibet
1704 1635 1798 1698 aliter
1819 1635 1865 1697 iu-

1119 1733 1243 1795 dicandi
1273 1749 1331 1795 seu
1363 1730 1598 1809 interpretandi
1626 1729 1791 1802 facultate,
1819 1728 1866 1790 iu-

1119 1827 1216 1890 dicari
1238 1832 1270 1888 et
1291 1826 1419 1888 definiri
1441 1825 1572 1896 debere,
1598 1823 1677 1885 etsi
1699 1838 1791 1885 secus
1814 1838 1865 1884 su-

1119 1936 1176 1998 per
1207 1921 1256 1982 iris
1289 1938 1304 1981 a
1336 1934 1499 1997 quoquam
1531 1917 1642 1995 quavis
1678 1917 1865 1978 auctoritate

1118 2013 1257 2076 scienter
1285 2013 1338 2075 vel
1359 2013 1549 2090 ignoranter
1571 2010 1744 2087 contigerit
1765 2015 1865 2072 atten-

1118 2107 1188 2179 tari,
1213 2107 1342 2169 irritum
1364 2123 1398 2168 ac
1420 2106 1514 2168 inane
1542 2104 1747 2167 decernimus
1770 2109 1865 2181 atque

1117 2201 1324 2264 declaramus.

1156 2296 1175 2370 ἓ
1197 2293 1225 2356 7.
1249 2293 1319 2356 Non
1343 2293 1541 2356 obstantibus
1565 2293 1603 2354 de
1626 2293 1697 2354 iure
1720 2291 1864 2446 quaesitg
1886 2308 2096 2406 1.¹·i⁰.l?l'-ill’“‘'¹'¹'

1117 2405 1181 2450 non
1210 2387 1364 2460 tollendo,
1397 2388 1435 2450 de
1465 2385 1843 2449 dismembrationibusa

1117 2489 1222 2561 partes
1244 2481 1494 2553 committendis,
1512 2481 1607 2542 etiam
1623 2480 1742 2542 uocatis
1763 2478 1864 2540 omni-

1116 2575 1187 2648 bus,
1211 2591 1350 2652 quorum
1372 2575 1520 2648 interest,
1540 2574 1675 2652 aliisque
1697 2573 1865 2634 nostriset

1116 2669 1321 2730 cancellariae
1349 2667 1539 2746 apostolicae
1568 2667 1691 2744 regulis
1719 2683 1753 2728 ac
1776 2665 1864 2726 Late-

1116 2761 1260 2822 ranensis
1276 2760 1401 2822 concilii
1416 2760 1592 2821 nouissimo
1604 2759 1767 2832 celebrati,
1781 2759 1863 2820 aliis-

1116 2869 1180 2930 que
1211 2855 1244 2915 in
1271 2854 1469 2918 contrarium
1502 2854 1753 2932 praemissorum
1787 2870 1863 2931 quo-

1116 2948 1294 3010 modolibet
1325 2947 1429 3020 editis,
1461 2947 1557 3008 etiam
1586 2947 1619 3009 in
1645 2944 1861 3025 synodalibus,

1116 3041 1365 3120 provincialibus
1396 3047 1428 3103 et
1455 3041 1693 3103 uniuersalibus
1721 3040 1863 3102 conciliis

1115 3135 1305 3213 specialibus
1327 3135 1380 3196 vel
1403 3135 1608 3212 generalibus
1631 3134 1863 3196 constitutioni-

1115 3228 1175 3291 bus
1198 3235 1230 3290 et
1257 3228 1512 3290 ordinationibus
1540 3228 1733 3308 apostolicis,
1762 3234 1862 3290 caete-

1115 3323 1225 3400 risque
1240 3323 1408 3384 contrariis
1430 3321 1700 3399 quibuscumque.

1154 3419 1172 3491 g
1193 3415 1222 3478 8.
1247 3416 1438 3479 Huiusmodi
1465 3431 1545 3478 vero
1572 3416 1755 3478 litterarum
1779 3421 1862 3477 tran·
1928 3431 2000 3494 ruas
2021 3434 2094 3477 iran-

1114 3510 1262 3588 sumptis,
1286 3526 1344 3571 seu
1374 3509 1541 3588 exemplis,
1566 3510 1662 3571 etiam
1684 3508 1859 3587 impressis,
1882 3489 1994 3538 ⁵¹¹⁰'''¹¹⁸‘

1114 3619 1211 3666 manu
1227 3603 1342 3665 notarii
1358 3602 1477 3682 publici
1492 3601 1690 3680 subscriptis,
1705 3619 1739 3664 ac
1754 3601 1861 3679 sigillo

1114 3713 1269 3776 personae
1291 3699 1324 3759 in
1346 3697 1555 3759 ecclesiastica
1576 3695 1730 3774 dignitate
1746 3697 1862 3758 consti-

1115 3797 1200 3853 tutae
1229 3791 1373 3864 munitis,
1398 3791 1544 3852 eamdem
1572 3790 1693 3868 ubique
1715 3790 1860 3852 locorum

1114 3885 1146 3946 in
1161 3885 1278 3947 iudicio
1297 3891 1329 3947 et
1343 3893 1433 3947 extra
1450 3884 1547 3946 tidem
1569 3883 1680 3946 haberi
1695 3885 1858 3956 uolumus,

1114 3993 1195 4056 quae
1216 3979 1292 4056 ipsis
1315 3976 1538 4056 praesentibus
1554 3977 1739 4048 haberetur,
1757 3977 1784 4038 si
1799 3979 1860 4039 ori-

1114 4073 1264 4150 ginaliter
1286 4072 1532 4134 exhiberentur.

1153 4165 1221 4242 §ll
1245 4165 1332 4228 Nulli
1361 4181 1441 4242 ergo
1470 4165 1603 4227 omnino
1632 4165 1802 4228 nominum
1824 4166 1860 4228 li·
1915 4179 2015 4254 sanem
2038 4190 2092 4234 pce-

1113 4265 1181 4322 ceat
1215 4259 1296 4322 hanc
1330 4259 1477 4338 paginam
1514 4265 1641 4320 nostrae
1672 4259 1860 4322 subtractio·
1881 4233 1947 4276 “³¹¹³

1113 4355 1177 4426 uis,
1203 4351 1386 4425 divisionis,
1417 4352 1606 4426 erectionis,
1630 4352 1856 4426 subiectionis,

1112 4447 1358 4518 commissionis,
1383 4446 1608 4525 deputationis,
1632 4447 1782 4519 mandati,
1807 4447 1859 4508 de-

1112 4541 1287 4621 rogationis
1310 4547 1342 4604 et
1363 4540 1536 4602 voluntatis
1551 4540 1742 4618 intringere,
1760 4539 1812 4602 vel
1829 4541 1859 4602 ei

1112 4653 1190 4698 ausu
1213 4635 1386 4699 temerario
1408 4633 1579 4696 contraire.
1605 4633 1637 4696 Si
1659 4634 1729 4711 quis
1751 4641 1857 4696 autem

1112 4731 1172 4792 hoc
1193 4736 1350 4792 attentare
1379 4727 1641 4807 praesumpserit,
1668 4727 1858 4805 indignatio-

1111 4839 1186 4886 nem
1209 4822 1440 4901 omnipoteutis
1454 4821 1511 4884 Dei
1529 4838 1563 4884 ac
1582 4821 1750 4883 beatorum
1773 4821 1858 4884 Petri

1112 4923 1143 4980 et
1165 4918 1251 4980 Pauli
1273 4915 1501 4996 Apostolorum
1524 4916 1593 4978 eius
1615 4932 1649 4977 se
1665 4915 1794 4978 noverit
1812 4916 1858 4978 in·

1110 5027 1293 5074 cursurum.

1150 5107 1263 5168 Datum
1286 5105 1404 5166 Romae
1420 5106 1502 5183 apud
1519 5103 1550 5166 S.
1566 5105 1697 5166 Petrum
1711 5121 1794 5167 anno
1809 5104 1857 5166 ln-

1110 5201 1299 5264 carnationis
1312 5200 1489 5262 dominicae
1502 5199 1677 5261 millesimo
1693 5201 1857 5276 octingen-

1111 5296 1224 5358 tesimo
1237 5294 1494 5372 quadragesimo,
1506 5294 1696 5355 duodecimo
1706 5294 1857 5355 kalendas

1110 5390 1200 5462 iunii,
1225 5388 1426 5467 pontificatus
1448 5387 1551 5450 nostri
1572 5403 1655 5448 anno
1678 5387 1813 5448 decimo.
