4828 6974
90 605 134 656 An.
147 601 175 650 O.
196 593 269 648 1835
1778 595 1834 660 {27
1884 599 1937 653 An.
1952 602 1982 652 (l.
2006 603 2075 655 1835

111 745 175 794 voror
197 743 281 790 arator
342 725 411 804 58.
435 727 541 806 Atque
562 737 599 791 ut
616 729 800 792 huiusmodi
816 730 901 792 curis
916 748 950 792 ac
964 730 1049 794 labo·
1107 727 1181 796 lien.
1205 729 1293 796 tratri
1322 729 1505 798 Emmanueli
1533 731 1660 816 toaepto
1688 733 1854 816 mutauere

82 799 239 912 l'ffiffaffil.m
254 797 281 844 ¹⁶
302 821 391 884 ribus
420 839 478 900 per
507 822 574 886 VV.
598 823 656 886 FF.
681 830 808 886 nostros
841 824 1049 902 suscipiendis
1196 823 1484 908 archiepiscopos.
1507 823 1589 892 fidet
1613 827 1640 892 in
1663 823 1762 905 luatis,

911 611 1086 658 baudonius
1107 613 1158 658 ΡΡ.
1182 613 1247 658 XVI.

303 915 520 993 optatissimus
541 917 647 978 exitus
662 917 864 996 respondeat,
881 933 938 980 vos
954 918 1048 980 etiam

302 1007 544 1087 compellatum,
568 1016 727 1088 quotquot
748 1011 807 1074 sub
828 1011 891 1072 illis
913 1011 989 1074 estis
1004 1029 1049 1072 sa-

302 1117 433 1164 crorum
465 1103 623 1177 ministri,
658 1103 838 1166 animarum
866 1111 1047 1177 curatores,

301 1195 393 1258 verbi
416 1195 516 1258 divini
539 1213 723 1276 praecones.
743 1197 895 1260 Vestrum
919 1197 1049 1262 omnino

301 1295 351 1350 est
371 1304 434 1350 una
456 1305 530 1351 cum
552 1289 590 1352 iis
612 1289 778 1352 voluntate
801 1291 964 1368 coniungi,
984 1307 1049 1354 uno

301 1381 482 1459 eodemque
504 1383 610 1446 studio
633 1383 836 1456 inflammari,
852 1400 916 1446 una
930 1385 1050 1448 animo-

301 1490 376 1536 rum
398 1476 611 1540 consensione
633 1477 719 1540 inid
741 1477 934 1556 conspirare,
958 1485 995 1539 ut
1016 1479 1050 1540 sr-

302 1567 382 1629 delis
410 1569 550 1648 populus
570 1557 610 1632 ab'
632 1569 720 1632 omni
741 1569 964 1647 ingruentium
987 1587 1050 1632 ma·

301 1660 408 1724 lorum
431 1663 622 1740 contagione
644 1663 831 1740 errorisque
853 1664 996 1742 periculo
1010 1663 1051 1726 sit

301 1773 434 1838 prorsus
452 1755 620 1818 immunis.
637 1755 788 1834 satagite,
807 1756 914 1819 dilecti
930 1757 998 1828 filii,
1015 1763 1052 1820 ut

302 1867 414 1914 omnes
436 1865 539 1912 unum
562 1855 594 1911 et
613 1849 700 1912 idem
724 1850 873 1922 sentiant,
898 1851 1050 1914 doctrinis

300 1943 398 2006 variis
420 1949 452 2005 el
473 1942 654 2022 peregrinis
677 1943 768 2006 nullo
785 1945 881 2005 modo
897 1960 931 2006 se
946 1945 1052 2008 sinant

300 2037 425 2108 abduci,
443 2035 590 2114 prolanas
606 2033 764 2096 novitates
781 2035 935 2108 devitent,
954 2037 1050 2098 tidem

300 2129 488 2193 catholicam
511 2143 607 2206 quam
630 2127 813 2192 cautissime
837 2133 976 2202 teneant,
994 2129 1050 2192 Ec·

300 2223 415 2286 clasiae
447 2221 596 2300 potestati
628 2225 660 2282 et
681 2221 861 2284 auctoritati
894 2228 1050 2300 perpetuo

300 2315 437 2386 subsint,
461 2321 557 2392 atque
580 2312 655 2374 huic
676 2311 864 2386 Gathedrae,
882 2328 977 2390 quarn
992 2314 1050 2378 lle·

300 2411 451 2486 demptor
472 2405 564 2468 lortis
586 2405 676 2468 laceb
699 2405 806 2484 posuit
819 2405 853 2468 in
868 2407 1050 2470 columnam

300 2503 440 2564 terream
462 2506 495 2562 et
515 2499 548 2560 in
571 2513 703 2560 murum
731 2515 868 2562 aeneum
897 2500 1050 2564 adversus

299 2594 468 2674 religionis
497 2593 618 2664 hostes,
648 2591 773 2653 firmius
795 2592 828 2653 in
850 2593 917 2656 dies
939 2594 1050 2656 adhae-

299 2696 392 2752 reant
406 2695 438 2750 et
450 2686 686 2752 consocientur.
700 2684 784 2760 Quos
796 2692 903 2748 autem
915 2687 948 2748 in
960 2687 1050 2750 Chri-

299 2784 339 2845 sti
364 2789 396 2844 et
416 2779 575 2842 Ecclesiae
598 2779 671 2856 lege
693 2779 887 2842 erudiendos
903 2797 1050 2860 suscepe-

298 2876 381 2949 ritis,
406 2875 462 2938 illo
483 2873 581 2936 simul
601 2872 792 2950 gravissimo
808 2881 977 2952 praecepto
992 2875 1050 2936 im-

299 2969 447 3034 buendos
478 2971 605 3040 curate,
642 2965 743 3028 seculi
776 2967 871 3030 etiam
904 2969 1050 3045 potestati

299 3079 371 3130 esse
394 3061 586 3140 parendum,
616 3059 753 3136 latisque
774 3059 812 3122 ab
834 3061 902 3138 ipsa
923 3061 1050 3138 legibus

300 3157 339 3218 de
362 3155 423 3228 his,
447 3169 529 3232 quae
548 3153 585 3214 ad
600 3151 704 3214 civilis
718 3151 913 3230 reipublicae
928 3153 1050 3218 bonum

298 3253 453 3328 spectant,
478 3263 543 3308 uon
564 3245 671 3308 solum
693 3252 825 3324 propter
839 3247 931 3320 iram,
948 3249 1004 3310 sed
1019 3255 1051 3310 et

298 3348 432 3422 propter
454 3338 681 3403 conscientiam
703 3355 774 3400 csse
791 3340 1048 3416 obsequendum,

299 3451 360 3498 uec
381 3433 479 3496 licere
500 3446 644 3510 unquam
666 3431 704 3492 ab
723 3431 786 3494 lide
801 3431 848 3494 illi
865 3431 969 3494 debita
985 3437 1050 3494 tur-

299 3529 384 3607 piter
406 3526 554 3590 delicere.
578 3523 661 3588 Cum
683 3525 725 3586 ita
743 3525 938 3603 populorum
953 3526 1050 3590 animi

300 3620 423 3684 luerint
444 3634 541 3698 opera
556 3623 663 3680 vestra
676 3617 826 3690 instituti,
846 3623 914 3680 tum
930 3620 1050 3697 optime

300 3722 333 3777 et
354 3713 474 3776 civium
496 3709 730 3788 tranquillitati,
755 3717 787 3772 et
808 3711 967 3775 Ecclesiae
989 3713 1050 3776 uti-

301 3807 392 3880 litati,
416 3822 497 3884 quae
526 3804 666 3882 separari
698 3804 838 3867 invicem
871 3813 1048 3884 nequeunt,

301 3899 487 3966 consuletis.

91 4007 195 4116 fflssffi
207 4017 281 4064 opem
342 3996 361 4070 5
382 3992 413 4054 9.
429 3991 575 4056 Perticiat
589 3995 662 4052 vota
678 3990 755 4052 haec
770 3997 878 4052 nostra
890 3992 1051 4070 benignis-

302 4087 403 4150 simus
425 4087 520 4158 Deus,
537 4102 554 4146 a
576 4099 640 4161 quo
656 4099 752 4145 omne
768 4085 877 4146 datum
893 4087 1051 4163 optimum

303 4189 335 4244 et
356 4195 452 4244 omne
475 4179 597 4241 donum
616 4177 814 4255 perlectum
831 4177 982 4256 idemque
997 4180 1051 4242 bo-

304 4289 432 4346 norum,
451 4289 532 4350 quae
545 4271 599 4334 isti
613 4270 760 4334 catholici
776 4272 885 4348 gregis
902 4273 982 4350 parti
999 4289 1051 4336 cu-

303 4367 467 4448 pidissime
482 4371 699 4444 expectamus
713 4364 874 4442 auspicem
891 4366 969 4428 velit
982 4382 1051 4428 esse

303 4459 508 4541 apostolicam
519 4457 778 4521 benedictionem
791 4464 944 4530 nostram,
956 4475 1052 4536 quam

304 4555 395 4618 vobis
416 4551 484 4616 VV.
500 4551 558 4612 EE.
583 4557 615 4612 et
637 4550 699 4611 bb.
717 4550 775 4610 EF.
794 4567 867 4614 curn
891 4551 977 4614 ildeli
997 4569 1051 4631 po-

304 4648 381 4727 pulo
394 4644 692 4710 communicandam
705 4644 922 4706 amantissime
934 4645 1051 4724 imper-

305 4742 414 4804 timur.

342 4835 456 4896 Datum
478 4831 597 4894 Romae
619 4830 701 4908 apud
718 4829 749 4892 S.
767 4831 899 4894 Petrum
916 4849 981 4896 xvv.
998 4833 1052 4894 ka-

304 4929 412 4990 lendas
434 4925 537 4988 iunias
555 4939 638 4986 auno
653 4939 874 4998 uncccxxxv„
891 4927 1052 5004 pontitica-

305 5029 356 5084 tus
376 5020 478 5083 uostri
499 5034 583 5082 anno
605 5034 635 5078 v.

596 5578 760 5642 LXXXIV.

304 5767 476 5850 Depututt'e
509 5764 688 5828 visitatoris
717 5765 883 5845 apostotici
911 5765 1052 5826 ansatum

343 5861 567 5942 religiosorum
584 5857 735 5922 ordinant
750 5858 933 5921 eatoottutn
949 5857 984 5919 io
998 5875 1052 5920 oo-

345 5971 386 6018 oo
408 5951 568 6018 Grooota.

1281 1007 1498 1079 authentus
1522 1009 1582 1078 ΡΡ.
1607 1010 1677 1078 tvl.

1320 1195 1510 1264 Venerabilis
1532 1197 1639 1277 irater,

1139 1288 1268 1356 salutern
1290 1293 1322 1355 et
1344 1288 1543 1371 apostolicam
1566 1291 1818 1359 benedictionem.

1146 1480 1165 1553 5
1188 1479 1215 1538 l.
1239 1476 1321 1538 Cum
1342 1477 1376 1538 in
1397 1477 1528 1539 sublimi
1548 1476 1747 1556 Apostolicae
1763 1477 1854 1542 Sedis
1900 1494 2070 1542 Prooemium.

1106 1570 1244 1648 specula,
1269 1569 1367 1632 nullis
1390 1576 1477 1632 certe
1510 1571 1627 1632 nostris
1656 1573 1852 1649 promeritis,

1106 1663 1162 1724 sed
1183 1663 1335 1726 inellabili
1357 1663 1483 1726 divinae
1506 1664 1726 1742 providentiae
1753 1667 1854 1730 consi-

1106 1755 1149 1818 lio
1170 1756 1313 1818 collocati
1336 1757 1375 1818 de
1397 1757 1543 1818 universi
1570 1757 1723 1820 dominici
1746 1761 1854 1837 gregis

1106 1849 1207 1910 salute
1223 1865 1430 1928 summopere
1449 1849 1577 1912 solliciti
1594 1867 1664 1914 esse
1678 1851 1853 1928 debemus;

1106 1949 1175 2006 tum
1198 1942 1353 2020 singulari
1382 1959 1457 2004 sane
1487 1944 1604 2018 studio,
1628 1961 1662 2006 ac
1690 1945 1855 2024 vigilantia

1106 2036 1306 2114 regularium
1337 2035 1488 2098 ordinum
1518 2036 1620 2108 bono,
1652 2055 1710 2117 pro
1732 2039 1854 2103 viribus

1108 2128 1336 2208 prospiciamus
1366 2135 1503 2208 oportet,
1527 2135 1563 2191 ut
1589 2147 1703 2194 eorum
1732 2132 1854 2196 alumni

1105 2222 1253 2286 coelestis
1265 2222 1439 2284 vocationis
1455 2223 1604 2300 spiritum
1620 2240 1786 2302 nunquam
1801 2242 1854 2288 ex-

1107 2315 1271 2393 tinguant,
1302 2316 1358 2377 sed
1379 2315 1540 2377 virtutum
1571 2317 1717 2380 omnium
1740 2325 1854 2382 ornatu

1107 2407 1344 2488 praelulgeant,
1375 2413 1470 2484 atque
1497 2409 1703 2482 aemulentur·
1725 2427 1854 2489 semper

1106 2500 1293 2562 charismata
1323 2499 1466 2562 meliora.
1494 2499 1662 2574 Quocirca,
1687 2502 1742 2564 ubi
1764 2503 1853 2564 novi-

1107 2610 1178 2656 mus
1198 2591 1363 2668 religiosas
1379 2591 1513 2653 familias
1528 2598 1713 2671 temporum
1729 2594 1854 2656 calami·

1108 2693 1169 2748 tate
1184 2701 1218 2746 ac
1233 2700 1344 2747 rerum
1360 2684 1581 2748 vicissitudine
1596 2685 1633 2748 ab
1649 2687 1733 2748 avito
1748 2687 1853 2765 splen-

1107 2780 1184 2842 dore
1206 2779 1353 2850 deficere,
1373 2778 1460 2840 omni
1482 2777 1613 2855 quidem
1635 2795 1694 2856 ope
1710 2785 1742 2842 et
1757 2797 1853 2860 opera

1106 2889 1141 2934 ea
1156 2872 1337 2951 peragenda
1351 2887 1512 2944 curamus
1527 2886 1608 2948 quae
1620 2873 1657 2936 ad
1669 2875 1854 2951 regularem

1105 2967 1232 3029 illarum
1264 2965 1464 3043 disciplinam
1493 2963 1732 3030 instaurandam
1758 2968 1854 3047 perti-

1106 3075 1184 3122 nere
1206 3065 1500 3137 posse'censemus.

1145 3155 1164 3228 5
1185 3153 1214 3216 2.
1239 3152 1300 3214 Hac
1318 3157 1406 3214 certe
1421 3159 1530 3214 mente
1546 3154 1711 3230 pastoralis
1728 3162 1855 3220 nostrae
1896 3185 1970 3230 aava
1986 3195 2087 3232 eonces-

1105 3245 1329 3308 sollicitudinis
1358 3259 1449 3306 curas
1478 3245 1515 3307 ad
1544 3261 1658 3308 omnes
1685 3247 1854 3326 religiosos
1874 3238 1961 3284 ⁵¹⁰⁰¹⁵·

1107 3337 1245 3409 ordines,
1259 3336 1359 3414 quiin
1372 3337 1601 3400 uovaGranata
1614 3337 1767 3412 existunt,
1781 3358 1854 3404 con-

1106 3432 1275 3504 vertimus,
1299 3446 1479 3509 eorumqua
1507 3431 1731 3506 incommodis,
1756 3449 1854 3512 quan-

1106 3533 1176 3588 tum
1198 3525 1231 3586 in
1253 3524 1344 3588 nobis
1366 3530 1425 3597 est,
1449 3540 1620 3588 occurrere
1643 3526 1855 3592 vehementer

1107 3624 1263 3696 optantes,
1277 3619 1316 3681 de
1328 3618 1562 3682 venerabilium
1578 3619 1714 3684 fratrum
1730 3629 1855 3686 nostro-

1105 3729 1179 3774 rum
1201 3711 1332 3776 Sanctae
1355 3712 1515 3776 Romanae
1533 3713 1693 3776 Ecclesiae
1707 3714 1855 3779 Cardiua·

1106 3805 1186 3868 lium
1208 3806 1345 3882 negotiis
1364 3805 1583 3868 ecclesiasticis
1598 3807 1855 3886 praepositorum

1106 3899 1239 3962 consilio
1254 3899 1465 3973 visitatorem,
1483 3905 1515 3962 et
1530 3900 1715 3976 delegatum
1732 3909 1855 3981 aposto-

1106 3993 1204 4054 licum
1226 4007 1323 4070 super
1345 3993 1536 4054 corumdem
1554 3995 1755 4070 regularium
1773 3997 1856 4060 ordi-

1106 4102 1184 4150 num
1206 4085 1304 4148 rebus
1319 4085 1516 4148 constituere
1534 4087 1749 4150 decrevimus.
1767 4089 1856 4152 Eius-

1107 4179 1194 4242 modi
1215 4193 1294 4241 vero
1318 4178 1545 4256 gravissimum
1568 4195 1686 4242 munus
1712 4181 1779 4256 tibi,
1803 4199 1856 4246 ve-

1107 4272 1257 4334 nerabilis
1281 4271 1389 4344 irater,
1414 4272 1681 4336 committendum
1697 4275 1856 4338 existima-

1107 4367 1223 4440 vimus,
1248 4383 1284 4430 ea
1305 4366 1449 4444 prolecto
1471 4383 1527 4445 spe
1550 4367 1625 4428 lreti
1645 4368 1725 4442 lore,
1743 4375 1779 4430 ut
1793 4369 1856 4432 sin-

1108 4459 1211 4536 gulari
1234 4465 1287 4522 tua
1309 4460 1495 4537 prudentia,
1527 4460 1687 4533 doctrina,
1719 4461 1853 4540 pietate,

1106 4571 1141 4615 ac
1162 4553 1327 4631 diligentia
1348 4552 1429 4614 nihil
1450 4553 1658 4631 inexpertum
1679 4555 1853 4633 relinquas,

1107 4647 1193 4724 quod
1214 4647 1248 4708 in
1268 4645 1401 4708 illorum
1417 4646 1618 4722 regularium
1635 4647 1786 4712 ordinum
1801 4650 1855 4712 ho-

1108 4755 1186 4802 num
1215 4745 1309 4816 atque
1336 4737 1507 4800 utilitatem
1533 4741 1715 4804 redundare
1744 4743 1853 4820 possit.

1147 4836 1166 4908 5
1187 4832 1216 4896 3.
1240 4832 1349 4909 ltaque
1371 4831 1459 4894 hisce
1480 4832 1582 4894 literis
1598 4835 1785 4898 auctoritate
1800 4853 1856 4900 no·
1891 4860 1977 4920 ,aanor
1991 4867 2089 4903 concas-

1108 4935 1173 4990 stra
1193 4925 1364 5004 apostolica
1393 4931 1435 4998 te,
1459 4926 1652 4989 venerabilis
1685 4927 1794 5002 frater,
1819 4929 1857 4992 ad
1875 4921 1963 4956 ⁸¹⁰¹¹¹⁸·

1108 5025 1267 5092 nostrum,
1292 5023 1324 5080 et
1344 5017 1441 5080 huius
1463 5017 1663 5096 Apostolicae
1693 5019 1782 5084 Sedis
1804 5022 1857 5084 he-

1109 5113 1313 5192 neplacitum,
1328 5111 1513 5187 delegatum
1528 5119 1560 5174 et
1571 5113 1769 5176 visitatorem
1786 5131 1858 5194 apo·

1108 5207 1258 5270 stolicum
1287 5205 1435 5268 omnium
1463 5206 1665 5283 regularium
1693 5209 1855 5282 ordinum,

1109 5301 1163 5378 qui
1178 5300 1211 5362 in
1227 5313 1310 5362 nova
1325 5297 1459 5362 Grauata
1474 5305 1594 5372 extant,
1609 5299 1771 5377 eligimus,
1785 5317 1858 5364 con-

1108 5393 1272 5456 stituimus
1293 5397 1325 5453 et
1347 5391 1548 5470 deputamus.
1571 5391 1607 5454 ln
1629 5393 1741 5470 primis
1756 5394 1857 5470 igitur

1110 5493 1140 5548 te
1161 5501 1197 5548 ea
1218 5483 1367 5546 lacultate
1389 5483 1571 5561 praeditum
1600 5501 1670 5547 esse
1692 5485 1856 5560 volumus,

1108 5577 1199 5642 cuius
1220 5577 1263 5648 vi,
1288 5576 1431 5654 singulas
1460 5591 1604 5654 quasque
1625 5577 1792 5656 religiosas
1815 5580 1857 5643 la-

1109 5670 1212 5732 milias
1233 5669 1354 5741 visites,
1379 5675 1411 5730 et
1432 5685 1543 5732 earum
1566 5670 1672 5732 omnia
1693 5673 1856 5747 coenobia,

1108 5762 1255 5841 hospitia,
1279 5761 1425 5839 collegia,
1443 5767 1632 5838 conventus,
1650 5779 1789 5839 eremos,
1804 5767 1858 5830 do-

1108 5872 1178 5918 mos
1199 5855 1233 5918 iu
1255 5854 1366 5918 cadem
1395 5868 1477 5916 nova
1505 5855 1639 5918 Granata
1668 5857 1855 5932 existentes,

1107 5949 1142 6012 in
1156 5949 1273 6027 quibus
1287 5947 1341 6011 vel
1357 5947 1558 6012 domicilium
1573 5949 1722 6024 habeant,
1736 5951 1789 6014 vel
1801 5968 1858 6032 per
