4828 6974
905 571 1080 620 GREGORIUS
1101 571 1152 618 PP.
1176 571 1241 618 xri.

302 695 422 768 callide,
447 711 554 773 neque
572 696 665 758 irrito
681 700 795 756 conatu
810 692 843 754 in
858 691 927 754 istis
942 691 1046 767 regio-

302 790 394 851 nibus
415 789 535 862 moliri,
559 805 640 866 qnae
662 789 695 851 in
717 793 863 867 apertam·
882 783 1046 846 cbristiani

302 884 408 962 gregis
434 884 628 962 perniciem,
659 883 771 960 reique
797 880 969 943 catholicae
995 879 1047 940 de-

302 977 491 1039 trimentum
512 983 658 1054 vergant,
682 992 739 1038 nos
766 974 899 1036 minime
920 973 1046 1050 ignora·

302 1085 373 1130 mus
387 1077 483 1146 atque
497 1071 575 1132 adeo
589 1067 874 1132 vehementissime
887 1066 1044 1128 dolemus.

302 1163 401 1237 Quem
423 1163 554 1240 quidem
583 1162 729 1225 dolorem
752 1161 832 1224 iliud
859 1160 953 1220 etiarn
976 1175 1047 1220 exa-

302 1263 406 1334 sperat
433 1255 520 1332 quod
543 1255 574 1328 ii,
598 1255 637 1316 ad
658 1256 800 1316 incautos
830 1253 1044 1330 decipiendos,

303 1349 384 1411 baud
406 1363 566 1426 quaquam
588 1365 622 1410 se
645 1348 719 1410 tidei
747 1347 923 1424 integritati
945 1347 1047 1408 detra-

304 1443 380 1504 bere
401 1441 488 1504 velle
509 1443 733 1520 profiteantur,
758 1441 855 1518 idque
870 1455 973 1502 unum
988 1439 1046 1502 sibi

304 1535 502 1615 propositum
525 1553 595 1597 esse
616 1535 781 1606 simulent,
804 1541 841 1596 ut
863 1535 983 1596 scilicet
1001 1533 1048 1594 iu-

303 1631 386 1692 riam
408 1631 444 1692 ad
467 1635 658 1708 potestatem
684 1629 794 1690 laicam
817 1629 1047 1706 pertinentium

302 1723 502 1786 indemnitati
517 1724 700 1786 consulant:
720 1723 779 1784 troc
794 1727 902 1784 tamen
917 1721 1049 1784 11111111-

303 1817 383 1879 simo
403 1817 537 1880 rationis
566 1816 711 1895 publicae
739 1817 874 1878 obtentu
896 1831 1048 1876 erroneas

304 1928 337 1974 ac
357 1927 479 1990 pravas,
504 1927 580 1988 quas
602 1915 784 1986 sequuntur
799 1908 970 1980 doctrinas,
987 1924 1049 1986 qua

303 2005 464 2066 insinuare
485 2005 613 2082 lateque
635 2018 822 2081 propagare,
844 2017 906 2079 qua
928 2007 1048 2065 consta-

304 2099 395 2160 bilire
416 2103 449 2160 et
470 2097 708 2175 quodammodo
730 2097 854 2158 sancire
869 2097 1044 2158 enitantur:

304 2192 377 2253 binc
407 2197 586 2254 conventus
615 2191 768 2263 indicere,
798 2190 1048 2253 consultationes

303 2285 431 2358 babere,
455 2291 640 2361 certamque
661 2299 808 2346 normam
837 2283 955 2346 audent
976 2299 1048 2345 con-

302 2380 390 2450 llare,
413 2393 475 2456 qua
496 2379 649 2441 secularis
670 2379 835 2456 potestatis
856 2379 889 2440 in
904 2377 1049 2440 ecciesia-

301 2473 388 2534 sticis
410 2471 548 2549 negotiis
573 2477 678 2550 partes
699 2479 823 2534 temere
845 2471 1049 2534 declarentur

301 2583 337 2628 11
352 2566 557 2629 deliniantur.
572 2565 755 2642 intelligitis
770 2567 832 2627 iam
847 2565 1049 2628 venerabiles

303 2661 430 2732 iratres,
455 2660 562 2722 dilecti
585 2659 653 2732 dlii,
670 2659 709 2722 de
724 2659 762 2720 iis
778 2675 836 2722 nos
851 2659 951 2737 loqui,
968 2675 1049 2736 qnae

302 2769 416 2814 mense
437 2753 581 2814 ianuario
603 2751 700 2830 elapsi
722 2752 796 2814 anni
818 2752 851 2813 in
872 2751 954 2814 urbe
969 2751 1049 2814 Bada

301 2845 377 2922 Pagi
398 2843 607 2921 drgoriensis
629 2845 750 2908 nelarie
773 2851 861 2922 gesta
876 2847 928 2908 1111
943 2846 1049 2924 potius

302 2946 482 3018 perpetrata
505 2945 597 3014 sunt3
622 2953 767 3016 quaeque
789 2954 847 3001 vos
865 2941 950 3018 ipsos
966 2957 1050 3002 acer-

302 3033 436 3094 bissimo
457 3031 666 3094 coniecerunt
689 3049 849 3106 moerore,
874 3034 1050 3111 anxiosque

301 3127 406 3188 adbuc
421 3133 452 3188 et
466 3125 607 3187 solicitos
619 3125 749 3188 babent.
763 3127 969 3190 Dissimulare
982 3128 1050 3204 qui·

304 3223 379 3283 dem
401 3237 466 3282 non
488 3235 659 3298 possumus
681 3220 794 3282 adduci
816 3235 875 3282 nos
890 3221 981 3283 initio
996 3239 1050 3285 ne-

302 3314 461 3392 quivisse,
491 3318 528 3374 ut
550 3313 757 3375 crederemus
785 3312 880 3376 laicos
902 3315 1050 3377 homines

303 3427 370 3471 non
398 3408 457 3470 alia
485 3413 594 3468 mente
622 3406 718 3468 simul
741 3407 773 3468 in
796 3413 913 3469 statum
942 3408 1049 3471 locum

304 3501 492 3565 convenisse
522 3499 583 3562 nisi
603 3506 641 3561 ut
660 3516 729 3573 res,
754 3515 835 3578 quae
857 3501 1050 3579 religionem

303 3595 489 3674 respiciunt,
515 3597 756 3670 pertractarent,
774 3608 877 3670 eoque
899 3595 1049 3673 progredi

304 3689 457 3760 voluisse,
474 3693 510 3749 ut
530 3703 596 3748 non
611 3686 717 3748 solum
735 3685 774 3748 de
792 3685 936 3764 pluribus
952 3689 1051 3750 ecclc-

305 3783 446 3844 siasticae
466 3781 564 3842 unius
580 3779 744 3860 potestatis
760 3779 896 3858 propriis
911 3781 1051 3844 11111111-

306 3875 365 3937 luti
386 3891 445 3936 suo
467 3873 693 3945 deliberarent,
716 3873 772 3934 sed
794 3881 940 3952 suscepta
965 3875 1051 3936 insu-

306 3985 364 4048 per
385 3967 516 4031 consilra
537 3966 764 4038 confirmanda,
782 3973 813 4028 et
835 3967 866 4026 11
886 3965 966 4044 legis
982 3985 1051 4031 mu-

307 4063 421 4125 nienda
443 4061 481 4123 iis
497 4061 661 4132 oberrent,
679 4060 733 4138 qui
749 4059 781 4120 in
797 4057 968 4124 foederatis
983 4063 1051 4125 istis

307 4157 479 4219 ditionibus
495 4155 637 4217 civilium
653 4171 765 4218 rerum
779 4169 939 4217 summam
955 4155 1052 4218 admi-

287 4250 454 4312 ·nistraut.
478 4249 519 4312 nt
540 4264 609 4310 rem
638 4256 757 4310 certam
790 4249 886 4310 nimis
908 4249 1052 4328 explora-

307 4349 437 4421 tamque
452 4343 543 4406 nobis
559 4342 706 4405 iecerunt
719 4341 785 4420 ipsa
798 4348 967 4404 memorati
980 4361 1053 4406 con-

307 4444 422 4500 ventus
443 4443 521 4508 acta,
542 4451 623 4513 quae
645 4451 747 4514 nuper
769 4435 945 4514 Gynopedii
968 4437 1053 4518 (Fra

307 4529 458 4608 1111111111)
479 4529 563 4608 typis
591 4529 673 4590 edita
700 4536 790 4596 sunt,
815 4545 960 4606 quaeque
985 4536 1053 4592 turn

307 4623 605 4694 nominavirorum,
620 4623 674 4700 qui
690 4622 805 4685 delecti
817 4625 990 4686 conventui
1003 4625 1053 4688 ad-

306 4715 449 4789 iuerunt,
472 4721 541 4778 tum
572 4731 738 4777 sermones
761 4715 798 4778 ab
828 4717 991 4778 nonnullis
1014 4733 1053 4778 ex

306 4810 345 4871 iis
368 4810 399 4870 in
421 4809 567 4888 pluribus
589 4809 784 4871 sessionibus
808 4809 959 4888 prolatos,
984 4816 1053 4872 tum

307 4904 438 4966 demum
454 4902 615 4966 coniectos
630 4903 750 4965 ibidem
765 4904 915 4966 articulos
927 4903 1053 4981 integre

306 4995 472 5058 exhibent.
489 4996 738 5058 Perborruimus
754 5011 833 5059 vero
849 4998 917 5059 sive
932 5013 1054 5059 sormo-

308 5105 364 5151 nes
385 5090 453 5151 sive
481 5088 632 5151 articulos
661 5089 757 5152 hosce
783 5091 998 5169 perlegentes
1023 5099 1055 5154 et

307 5181 464 5244 eiusmodi
479 5182 512 5244 in
527 5181 565 5244 iis
581 5183 737 5244 contineri
755 5183 918 5262 principia,
937 5201 1054 5263 easque

308 5276 382 5337 inde
403 5276 436 5336 in
458 5275 645 5338 catholicam
675 5276 848 5338 Ecclesiam
870 5276 977 5339 induci
1000 5295 1054 5339 no-

310 5369 421 5430 vitates
449 5369 687 5442 intelleximus
720 5385 800 5447 quae
828 5377 940 5448 utpote
968 5371 1054 5434 illius

309 5462 470 5524 doctrinae
482 5479 516 5524 ac
528 5461 711 5540 disciplinae
723 5469 952 5542 repugnantes,
966 5480 1054 5542 aper-

309 5561 406 5632 teque
427 5557 463 5618 ad
486 5555 661 5634 perniciem
691 5557 870 5618 animarum
893 5557 1055 5634 pertinen·

309 5655 369 5721 tas,
392 5649 469 5710 11111
490 5649 582 5711 nullo
604 5651 700 5712 modo
722 5657 866 5729 possunt.

68 5764 289 5864 rtsieffiesreren·
348 5743 367 5816 ἓ
390 5743 417 5803 1.
441 5741 588 5805 Proiecto
610 5743 664 5821 qui
688 5745 793 5805 ornnia
822 5744 1054 5824 sapientissime

67 5819 153 5918 {il'egiace
167 5821 289 5918 1111311111ῑὲ

308 5833 394 5907 11111,
417 5851 451 5896 11
473 5835 753 5914 providentissima
776 5837 975 5898 ordinatione
994 5840 1055 5900 dis-

309 5929 427 6007 posuit,
449 5929 475 5990 is
497 5928 651 5990 voluit'nt
666 5927 769 5991 multo
785 5929 886 6006 magis
901 5929 933 5990 in
950 5929 1055 5992 Eccle-

1102 689 1145 750 sia
1167 707 1223 752 1111
1245 691 1372 768 vigeret
1394 693 1483 767 ordo,
1502 693 1599 756 etalii
1615 694 1745 772 quidem
1761 711 1850 774 prae-

1103 791 1211 845 essent
1231 789 1326 862 atquc
1341 787 1548 865 imperarent,
1566 788 1616 850 alii
1633 787 1804 852 subessent
1819 795 1851 850 et
1921 831 1922 834 κ

1103 883 1263 954 parerent.
1294 878 1395 940 Habet
1422 888 1590 960 propterea
1619 881 1758 944 Ecclesia
1783 883 1850 960 ipsa

1103 985 1142 1030 ex
1158 969 1265 1034 divina
1279 971 1482 1036 institutione
1497 981 1688 1053 potestatem
1705 991 1770 1038 non
1786 991 1850 1038 ma-

1104 1064 1226 1140 gisterii
1248 1065 1365 1138 solum,
1389 1073 1425 1128 ut
1446 1084 1498 1129 res
1514 1068 1586 1130 fidei
1604 1075 1636 1130 et
1651 1084 1780 1131 morum
1796 1070 1850 1130 do-

1103 1163 1170 1218 ceat
1191 1175 1225 1220 11
1246 1157 1386 1231 definiat,
1411 1175 1578 1239 sacrasque
1593 1161 1715 1224 litteras
1730 1163 1850 1240 absque

1102 1250 1170 1312 ullo
1182 1252 1302 1314 erroris
1315 1253 1457 1331 periculo
1468 1254 1717 1334 interpretatum
1734 1273 1849 1318 uerum

1104 1343 1199 1406 etiam
1228 1346 1407 1423 regiminis,
1431 1355 1468 1408 ut
1489 1363 1569 1426 quos
1597 1351 1697 1412 semel
1725 1350 1849 1428 gremio

1103 1453 1161 1498 suo
1184 1441 1309 1519 excepit
1330 1441 1423 1513 lilios,
1440 1441 1472 1502 in
1488 1442 1601 1504 tradita
1620 1443 1763 1506 doctrina
1777 1459 1850 1506 con·
1945 1461 1948 1466 ·

1104 1531 1203 1594 tineat
1224 1541 1257 1595 et
1277 1535 1457 1607 confirmet,
1481 1535 1636 1613 legesque
1657 1537 1738 1599 ierat
1759 1538 1798 1600 de
1813 1539 1849 1598 iis

1105 1625 1265 1700 omnibus,
1289 1642 1371 1704 quae
1392 1627 1429 1690 ad
1445 1628 1623 1692 animarum
1639 1630 1786 1702 satutem,
1805 1648 1850 1693 sa-

1105 1719 1149 1780 cri
1171 1720 1341 1782 ministerii
1370 1723 1560 1786 exercitium
1583 1742 1617 1786 ac
1643 1725 1698 1786 bei
1727 1724 1849 1786 cultum

1105 1812 1256 1875 attinent:
1275 1815 1391 1891 quibus
1407 1815 1532 1892 legibus
1548 1817 1692 1894 quisquis
1708 1817 1848 1890 obsistat,

1106 1907 1286 1983 gravissimi
1307 1923 1341 1968 se
1363 1923 1457 1971 reum
1473 1910 1616 1972 criminis
1631 1911 1731 1973 iaciat.
1746 1912 1850 1990 dique

1105 2001 1182 2062 baec
1203 2000 1337 2063 docendi
1366 2002 1562 2081 iubendique
1591 2011 1730 2082 potestas
1758 2006 1850 2067 iniis

1105 2108 1186 2170 quae
1214 2094 1380 2172 religionis
1408 2104 1484 2158 sunt
1512 2115 1528 2158 1
1553 2097 1681 2160 cinisio
1711 2097 1851 2177 Sponsae

1104 2203 1180 2249 suae
1202 2189 1318 2250 tributa
1340 2205 1405 2251 non
1428 2191 1523 2253 modo
1546 2191 1587 2252 ita
1602 2192 1671 2254 eius
1687 2199 1851 2271 pastorum

1106 2298 1139 2343 ac
1154 2282 1339 2359 praesulum
1353 2284 1481 2362 propria
1497 2292 1555 2357 est,
1569 2292 1605 2346 ut
1620 2286 1656 2347 ad
1672 2286 1774 2348 civilis
1791 2288 1851 2348 rei-

1106 2374 1249 2453 publicae
1278 2376 1484 2454 magistratus
1516 2379 1606 2440 nullo
1636 2385 1725 2458 pactu
1754 2381 1853 2459 possit

1106 2467 1280 2546 pertinere,
1303 2470 1358 2531 sed
1380 2469 1512 2548 insuper
1534 2471 1634 2532 libera
1656 2473 1799 2546 omnino,
1821 2481 1853 2535 11

1107 2568 1254 2624 terrenae
1270 2562 1418 2639 cuiquam
1431 2563 1639 2626 dominationi
1652 2565 1785 2628 minime
1798 2567 1852 2628 ob-

1107 2657 1211 2717 noxia.
1246 2655 1358 2732 Neque
1390 2655 1477 2718 enirn
1508 2658 1608 2720 seculi
1636 2659 1849 2738 principibus,

1107 2749 1189 2811 bene
1210 2763 1289 2810 vero
1311 2748 1472 2828 Apostolis
1494 2765 1674 2829 eorumque
1695 2752 1728 2814 in
1750 2753 1852 2815 officio

1106 2843 1342 2904 successoribus
1365 2843 1524 2905 revelatae
1547 2845 1708 2907 doctrinae
1730 2847 1852 2926 deposi-

1107 2941 1176 2998 tum
1192 2937 1353 2998 commisit
1366 2935 1524 3008 Christus,
1542 2937 1656 3015 bisque
1673 2945 1796 3018 tantum
1809 2941 1852 3002 di-

1106 3029 1153 3090 xit
1174 3030 1227 3107 qui
1249 3047 1302 3091 aas
1324 3029 1417 3091 ondit
1438 3046 1486 3090 111
1508 3031 1612 3102 ondit,
1633 3032 1853 3113 1111111111-

1107 3123 1167 3192 111,
1190 3139 1238 3184 mc
1258 3123 1392 3202 spernit.
1416 3123 1528 3200 Neque
1549 3141 1589 3186 ex
1618 3125 1732 3203 placito
1757 3127 1853 3188 laicae

1106 3217 1286 3296 potestatis,
1318 3219 1372 3280 sed
1403 3233 1439 3280 11
1460 3219 1555 3280 etiam
1586 3219 1685 3281 invita
1717 3235 1853 3298 evange-

1107 3311 1186 3374 lium
1208 3311 1492 3384 annuntiaverunt,
1513 3311 1685 3374 Ecclesiam
1702 3329 1853 3392 propaga-

1107 3411 1193 3477 runt,
1219 3404 1416 3483 disciplinam
1445 3407 1854 3487 111111111111111111111-

1106 3499 1196 3560 stoli:
1222 3498 1299 3576 quin
1321 3497 1387 3560 imo
1409 3515 1483 3561 cum
1498 3501 1657 3579 principes
1672 3517 1853 3580 synagogae

1106 3591 1270 3653 silentium
1291 3591 1367 3669 ipsis
1388 3592 1455 3653 ansi
1477 3592 1612 3655 luissent
1627 3593 1779 3668 indicere,
1798 3596 1853 3657 Pe-

1107 3691 1176 3747 trus
1199 3691 1231 3747 11
1259 3684 1391 3747 loannes
1420 3685 1603 3762 evangelica
1632 3687 1680 3748 usi
1707 3688 1853 3751 libertate

1107 3779 1360 3857 responderunt:
1384 3778 1413 3839 si
1434 3779 1555 3841 1111111
1577 3781 1854 3862 11111111111111

1107 3873 1165 3935 1111
1186 3871 1364 3952 111111111
1386 3871 1500 3934 andire
1522 3889 1617 3950 quarn
1640 3874 1854 3945 1111111111·

1108 3971 1187 4030 cate.
1211 3964 1344 4026 Nonnisi
1365 3965 1466 4042 igitur
1494 3964 1577 4027 laesa
1599 3967 1672 4039 lide,
1696 3968 1855 4046 planeque

1108 4059 1292 4137 perturbata
1313 4057 1420 4119 divina
1435 4058 1593 4121 Ecclesiae
1613 4060 1853 4136 constitutione,

1109 4159 1286 4230 naturaque
1307 4149 1490 4226 regiminis,
1515 4153 1586 4214 sieri
1607 4159 1769 4232 potestat
1790 4156 1856 4218 ulla

1109 4247 1234 4309 ineam
1264 4244 1362 4307 seculi
1396 4245 1581 4307 dominetur
1612 4253 1768 4324 potestas,
1802 4255 1857 4311 aut

1110 4342 1179 4404 eius
1201 4340 1378 4404 doctrinam
1407 4341 1605 4414 moderetur,
1629 4343 1682 4404 vel
1704 4344 1857 4422 impediat

1110 4435 1283 4513 quominus
1306 4435 1394 4510 leges
1416 4435 1599 4496 adsacrum
1626 4436 1854 4510 ministerium,

1111 4529 1255 4592 divinum
1288 4527 1423 4599 cultum,
1454 4535 1485 4589 11
1514 4527 1680 4606 spirituale
1713 4531 1856 4593 tideiium

1111 4623 1317 4685 commodum
1343 4629 1522 4700 spectantes
1551 4623 1631 4685 ierat
1656 4641 1690 4686 ac
1715 4629 1857 4704 promul·

1112 4723 1176 4795 get.
1200 4715 1304 4777 Firma
1320 4715 1396 4776 baec
1411 4721 1496 4788 sunt,
1518 4716 1705 4792 immobilia,
1724 4725 1857 4782 1111111-

1111 4826 1196 4882 rum,
1220 4815 1379 4886 quotquot
1407 4808 1550 4880 inerunt,
1574 4816 1701 4888 patrum
1724 4813 1857 4874 auctori-

1113 4909 1175 4966 tate
1196 4919 1230 4965 ac
1246 4901 1416 4963 traditione
1431 4901 1571 4964 suliulta.
1588 4901 1635 4964 No
1650 4907 1678 4964 te
1693 4902 1786 4967 redata
1800 4906 1858 4966 rni-

1110 5013 1197 5059 11111
1218 4994 1450 5065 ecclesiasticis,
1473 4996 1510 5057 ad
1532 4995 1762 5074 Imperatorem
1777 4997 1858 5062 Gon·

1111 5089 1264 5151 stantium
1279 5087 1437 5149 scribebat
1451 5085 1543 5150 011111
1557 5088 1774 5152 Cordubensis
1787 5091 1858 5170 Epi-

1111 5199 1237 5261 scopus,
1261 5198 1318 5243 ncc
1339 5179 1428 5244 nobis
1450 5180 1498 5242 bis
1521 5181 1558 5242 dc
1579 5179 1672 5245 rodas
1689 5190 1859 5264 praccepta

1111 5277 1254 5344 mandes,
1278 5275 1331 5337 scd
1353 5293 1373 5338 1
1395 5273 1485 5338 nobis
1504 5275 1613 5356 potins
1628 5277 1705 5340 baec
1719 5277 1858 5340 ediscas:

1117 5367 1183 5432 Tibi
1196 5369 1289 5431 ‘Dens
1311 5369 1481 5448 imperinm
1503 5369 1649 5440 tradidit,
1663 5367 1752 5432 nobis
1767 5371 1859 5433 eccie-

1111 5463 1246 5526 sioalira
1259 5461 1465 5524 concredidit.
1476 5462 1521 5524 Ac
1532 5463 1794 5540 quaemadmodum
1806 5463 1860 5542 qni

1113 5553 1170 5618 tibi
1192 5555 1361 5636 imperinm
1382 5553 1531 5636 snbripit,
1552 5556 1615 5618 Deo
1630 5556 1798 5618 ordinanti
1812 5573 1860 5618 11-

1110 5655 1255 5730 11111111
1276 5650 1325 5712 111
1353 5654 1465 5720 metrae,
1490 5666 1529 5710 11
1549 5650 1578 5710 si
1599 5651 1640 5713 nd
1663 5655 1691 5711 te
1716 5650 1860 5714 ccclesia·

1111 5743 1193 5805 stica
1213 5743 1396 5822 pertrahas,
1413 5742 1524 5824 magni
1539 5743 1685 5806 11111111
1699 5760 1774 5806 rats
1787 5746 1858 5826 fica.

1112 5836 1239 5898 Norunt
1253 5835 1283 5897 id
1299 5836 1394 5897 etiam
1410 5853 1444 5898 ac
1459 5836 1561 5915 palam
1577 5836 1668 5898 111111
1682 5837 1860 5914 gloriosum

1112 5930 1170 5992 sibi
1195 5931 1359 5992 duxerunt
1387 5929 1551 5991 christiani
1579 5929 1749 6009 principes,
1776 5931 1861 5995 inter

1773 559 1829 624 123
1879 562 1932 614 An.
1947 561 1977 615 G.
1998 562 2067 616 1835
