4770 6982
89 1729 208 1770 ttortatnr
226 1727 266 1770 do-

63 1787 140 1831 gentas
162 1785 188 1822 ut
206 1783 266 1824 stre·

63 1846 112 1878 tarro
134 1833 268 1876 nutatio-

64 1893 117 1932 root

889 563 1065 612 unuouttttts
1087 565 1137 610 PP.
1162 565 1226 610 XVI.

285 687 316 742 et
331 684 430 744 ceteri
454 683 613 756 officiales,
629 699 768 761 quonum
791 699 909 745 munus
931 683 1030 744 trien-

285 774 337 836 nio
366 776 630 850 concludebatur,
663 777 700 838 ad,
728 778 920 839 sexennium
950 775 1029 838 iltnd

285 878 467 943 exerceant,
481 872 633 950 idemque
648 873 804 951 temporis
820 872 956 950 spatium
973 887 1030 948 pro

285 963 322 1024 iis
344 965 581 1038 constituimus,
602 966 657 1042 qui
680 965 877 1027 visitantium
900 966 1031 1028 nomine

285 1059 318 1119 in
347 1059 522 1120 custodiam
550 1075 585 1121 se
612 1058 784 1121 conferunt
813 1077 852 1121 ex
882 1059 1031 1124 omnibus

287 1149 413 1212 Ordinis
441 1152 626 1230 provinciis
650 1159 687 1213 ut
708 1153 812 1214 eidem
843 1153 1028 1224 inserviant,

287 1245 388 1307 firmis
400 1248 515 1307 ceteris
532 1245 784 1316 remanentibus,
799 1262 881 1322 quae
896 1247 928 1308 in
944 1263 1032 1325 prae-

287 1339 345 1400 lata
365 1346 460 1416 atque
474 1340 509 1400 in
524 1340 591 1401 aliis
611 1338 828 1400 Romanorum
842 1340 1030 1402 Pontificum

286 1435 568 1511 praedecessorum
593 1439 776 1494 nostrorum
799 1435 1032 1496 constitutioni-

286 1526 345 1588 bus
358 1527 565 1588 continentur
578 1542 636 1604 pro
651 1527 811 1604 regimine
825 1528 941 1590 Terrae
958 1529 1032 1592 San-

285 1625 362 1681 ctae.

326 1714 345 1788 ἓ
365 1713 394 1774 5.
421 1712 575 1792 Superest
594 1715 666 1784 iam,
684 1721 720 1776 ut
741 1715 971 1777 ecclesiasticos
988 1717 1032 1778 vi-

286 1822 340 1866 ros
356 1813 389 1868 et
403 1823 509 1868 sacros
527 1808 693 1868 ministros
716 1808 948 1886 cuiuscumque
963 1825 1032 1886 gra-

287 1900 356 1970 dus,
382 1901 504 1962 ordinis
516 1917 550 1962 ac
566 1901 658 1974 ritus,
676 1902 779 1978 quiin
796 1901 942 1980 praelatis
958 1903 1046 1964 mis:

240 2005 244 2012 ·
287 1995 430 2056 sionibus
446 2012 480 2057 ac
496 1996 685 2074 praesertim
701 1996 733 2057 in
749 1996 899 2058 Custodia
915 1997 1033 2060 Terrae

96 3413 211 3455 Contrariis
226 3410 267 3454 de-

83 3469 147 3512 ritant.

287 2086 418 2149 Sanctae
440 2089 578 2165 degunt,
603 2088 697 2150 etiam
720 2091 936 2164 atque'etiam
959 2092 1033 2152 hor-

287 2187 405 2253 temur,
428 2191 465 2242 ut
486 2181 681 2244 solicitudini
711 2188 838 2243 nostrae
861 2183 894 2244 in
923 2185 1032 2261 primis

286 2275 512 2352 respondeant,
530 2274 562 2336 in
579 2274 671 2336 vinea
684 2275 810 2336 Domini
833 2283 966 2338 strenue
982 2278 1032 2338 ad-

287 2366 431 2429 laborare
447 2373 572 2438 curent,
592 2384 666 2445 prae
682 2368 782 2430 oculis
804 2369 942 2431 habeant
964 2370 1033 2432 illo-

287 2476 360 2522 rum
383 2461 540 2539 exempla,
566 2461 674 2538 quiin
697 2462 877 2524 ministerio
899 2463 961 2526 isto
976 2465 1033 2526 dil-

289 2555 476 2617 ficilioribus
499 2572 575 2617 sane
590 2557 791 2634 temporibus
814 2573 868 2618 eos
891 2573 1033 2634 praeces-

287 2656 410 2718 serunt,
429 2665 567 2726 quorum
581 2651 746 2712 intuentes
762 2651 884 2711 exitum
901 2668 1033 2714 conver-

287 2743 434 2814 sationis,
459 2745 627 2804 imitentur
650 2743 764 2815 lrdem,
789 2743 896 2806 zelum
919 2746 1033 2808 domus

287 2837 355 2908 ltei,
379 2837 629 2908 solicitudinem,
647 2852 708 2913 qua
730 2853 843 2898 ornnes
865 2839 1035 2916 cupiebant

289 2931 320 2992 in
344 2931 521 2992 visceribus
543 2929 674 3001 Christi,
703 2946 761 3008 pro
783 2945 847 3006 quo
870 2931 1033 2994 interdum

288 3024 475 3101 gravissima
497 3039 644 3101 quaeque
666 3023 878 3086 libentissime
894 3027 1035 3104 pertute-

287 3125 382 3191 runt;
406 3117 448 3178 ita
472 3117 557 3179 enim
582 3117 728 3179 eamdem
744 3135 777 3178 ac
799 3119 846 3180 illi
868 3120 1035 3183 immarce-

287 3211 432 3273 scibilem
447 3211 567 3288 gloriae
580 3228 730 3274 coronam
744 3229 760 3272 a
773 3221 936 3290 pastorum
949 3215 1035 3293 prin·

287 3304 355 3382 cipe
377 3311 627 3382 consequentur.

328 3396 396 3473 §b
421 3397 631 3462 Decernimus
660 3415 739 3460 vero
766 3401 820 3461 has
850 3409 1035 3479 praesentes

184 3534 188 3545 ,
288 3491 397 3552 literas
419 3492 538 3562 firmas,
556 3493 674 3553 validas
692 3499 724 3556 et
739 3493 879 3556 efficaces
895 3495 1035 3557 existere

289 3584 413 3656 etlorc,
431 3600 571 3662 suosque
594 3586 754 3664 plenarios
771 3593 802 3648 et
823 3587 969 3664 integros
992 3589 1035 3651 el-

288 3678 390 3740 lectus
412 3680 522 3742 sortiri
549 3686 581 3740 et
602 3679 760 3751 obtinere,
778 3682 946 3742 contrariis
967 3684 1035 3760 qui-

289 3772 489 3849 buscumque
511 3789 576 3836 non
599 3773 809 3835 obstantibus.

328 3865 442 3928 Datum
463 3866 581 3928 Romae
604 3868 685 3946 apud
709 3866 739 3930 S.
761 3868 891 3930 Petrum
908 3871 968 3932 suh
984 3888 1037 3932 an-

289 3960 367 4022 nulo
392 3961 516 4034 Piscat,
538 3962 589 4022 die
608 3978 702 4022 xxrrr.
723 3963 827 4023 martii
848 3979 1034 4036 unccoxra..

288 4056 489 4133 pontificatus
511 4055 612 4116 nostri
634 4071 716 4116 anno
740 4072 783 4116 ιι.

595 4338 726 4402 CXCIV.

291 4525 337 4586 Ad
365 4525 594 4586 cottsuleadum
621 4525 775 4606 providus
803 4527 977 4607 Religionis
1008 4534 1037 4589 et

328 4620 468 4701 fidelium
480 4619 721 4682 necessitatibus
733 4622 768 4682 ιἰι
777 4619 948 4700 Republicri
961 4621 1024 4684 Hei

329 4721 454 4782 tarum,
478 4713 556 4776 illuc
577 4715 676 4776 mittit
702 4715 886 4794 Detegetum
910 4716 1038 4794 Aposto-

329 4807 426 4868 licum
450 4807 640 4888 Episcopum
663 4806 693 4869 S.
719 4807 871 4868 tucciaci
892 4808 927 4868 ia
950 4808 1038 4868 Ame-

330 4901 400 4964 rico
421 4901 684 4981 septemtrionali.

292 5087 365 5153 tien
390 5087 477 5153 tratri
502 5087 631 5170 tosepbo
645 5084 750 5152 Rosati
768 5087 916 5170 Episcopo
935 5085 966 5153 S.
979 5087 1038 5152 t.u-

331 5181 424 5247 dovici
441 5182 469 5247 in
482 5181 652 5248 toederatia
666 5181 824 5246 hmertcae
849 5179 1038 5263 Septentrio-

333 5276 408 5342 natta
434 5276 602 5360 provinciis,

465 5418 686 5488 obsecutus
710 5419 769 5485 ΡΡ.
791 5419 862 5486 llll.

504 5557 692 5624 Venerabilis
714 5557 825 5636 trater,

325 5655 453 5720 satutem
475 5657 507 5719 et
528 5651 726 5733 apostoticam
753 5651 1003 5718 benedictionem.

333 5842 482 5908 universa
499 5841 650 5904 aoniam
666 5841 776 5918 gregis
790 5841 874 5902 satus
887 5841 979 5902 nonis
994 5841 1039 5902 aa·
1058 5821 1060 5826 '

292 5937 414 5999 vinitas
426 5935 607 5999 concredita
619 5940 714 6012 atque
726 5935 892 5996 commissa
901 5934 1040 6014 postulat

1087 687 1119 743 et
1133 681 1295 760 elllagitat,
1319 689 1356 744 ut
1376 699 1501 746 summa
1522 683 1687 762 vigilantia
1710 687 1742 744 et
1761 681 1833 743 cura

1088 775 1505 839 omniumChristitldelium
1520 777 1604 840 bono
1617 777 1832 845 consulamus,

1088 886 1188 947 eaque
1203 871 1383 950 peragenda
1399 887 1561 944 curemus,
1579 887 1660 950 quae
1675 871 1708 932 in
1723 869 1835 932 Catho-

1088 963 1165 1026 licae
1198 963 1357 1026 Ecclesiae
1390 963 1560 1027 utilitatem
1591 966 1835 1041 animarumque

1088 1057 1223 1120 salutem
1247 1059 1363 1120 cedere
1385 1074 1479 1136 posse
1500 1058 1663 1121 videntur.

1128 1154 1147 1226 ,ξ
1170 1152 1197 1213 l.
1221 1151 1330 1229 ltaque
1344 1167 1442 1230 quum
1460 1169 1578 1230 magno
1600 1153 1723 1231 paterni
1738 1152 1834 1213 animi

1089 1247 1190 1307 nostri
1213 1245 1325 1308 dolore
1347 1247 1534 1308 noverimus
1551 1244 1586 1308 in'
1599 1245 1762 1308 Haitarum
1778 1246 1836 1306 Re-

1089 1339 1213 1417 publica
1235 1355 1287 1400 res
1304 1339 1530 1402 ecclesiasticas
1552 1341 1630 1402 adeo
1653 1340 1781 1400 alllictas
1802 1357 1836 1400 ac

1089 1434 1290 1512 perturbatas
1312 1433 1460 1511 reperiri,
1484 1439 1520 1494 ut
1542 1433 1710 1510 peculiaris
1733 1433 1835 1508 aliqua

1089 1527 1184 1590 huius
1207 1526 1411 1605 apostoticae
1441 1525 1531 1588 Sedis
1560 1527 1760 1605 providentia
1782 1543 1835 1588 ue-

1089 1620 1222 1682 cessaria
1250 1636 1383 1698 prorsus
1412 1621 1569 1692 rideatur,
1594 1620 1633 1681 de
1654 1635 1752 1681 venn.
1777 1619 1836 1680 lra-

1089 1721 1175 1776 trum
1209 1721 1394 1776 nostrorum
1428 1713 1459 1776 S.
1490 1713 1525 1776 R.
1553 1714 1589 1776 ll.
1619 1713 1834 1775 Cardinalium

1089 1809 1227 1885 negotiis
1239 1809 1565 1890 PropagandaeRidei
1582 1807 1835 1886 praepositorum

1089 1903 1233 1974 consilio,
1248 1903 1386 1979 aliquem
1411 1902 1564 1964 idoneum
1586 1903 1693 1962 virum
1716 1901 1837 1978 eligen-

1089 1997 1165 2058 dum
1188 1996 1388 2066 censuimus,
1413 1995 1467 2072 qui
1489 1995 1522 2056 in
1549 1994 1712 2056 Haitarum
1733 1995 1837 2056 insula

1090 2090 1233 2168 Delegati
1263 2089 1436 2167 Apostolici
1466 2105 1603 2150 munere
1630 2089 1780 2165 iungens,
1804 2107 1838 2150 ac

1091 2183 1240 2246 omnihus
1255 2183 1457 2245 facultatibus
1474 2183 1661 2244 necessariis
1677 2190 1709 2244 et
1725 2198 1838 2260 oppor-

1091 2277 1175 2339 tunis
1187 2278 1374 2347 instructoe,
1389 2276 1568 2338 Catholicae
1580 2275 1756 2353 Religionis
1769 2293 1838 2337 carr-

1090 2387 1155 2431 sam
1172 2377 1253 2447 agat,
1271 2370 1405 2446 eiusque
1421 2369 1665 2430 necessitatibus
1680 2369 1835 2431 consulat:

1091 2463 1274 2524 huiusmodi
1287 2477 1367 2523 vero
1383 2478 1501 2522 munus
1517 2462 1556 2524 de
1572 2463 1762 2524 eorumdem
1779 2461 1839 2522 lra-

1092 2563 1179 2619 trum
1208 2557 1343 2618 consilio
1371 2557 1428 2618 tibi
1445 2556 1725 2640 committendum
1749 2555 1838 2617 drrxi-

1077 2667 1174 2722 -mus,
1199 2652 1289 2712 cuius
1305 2647 1484 2728 prudentia,
1503 2651 1653 2728 probitas,
1671 2649 1838 2727 religionis

1091 2745 1180 2807 zelus
1203 2751 1235 2806 et
1256 2745 1289 2804 in
1318 2743 1415 2806 rebus
1445 2743 1668 2805 ecclesiasticis
1696 2742 1839 2804 sollertia

1090 2845 1185 2915 atque
1207 2837 1321 2916 peritia
1342 2837 1433 2899 uobis
1455 2837 1529 2897 satis
1552 2843 1601 2899 est
1616 2835 1756 2914 probata.

1131 2935 1149 3008 ἐ
1170 2933 1199 2993 2.
1223 2931 1436 3004 Quamobrem
1461 2930 1602 3007 egregiis
1618 2931 1665 2991 tui
1681 2930 1777 2991 animi
1792 2931 1839 2990 in-

1092 3027 1244 3104 geniique
1266 3025 1394 3087 dutibus
1419 3040 1628 3102 summopere
1650 3025 1682 3086 in
1704 3024 1839 3086 Domino

1092 3122 1239 3193 fidentes,
1264 3121 1350 3182 hisce
1373 3119 1486 3188 literis,
1501 3127 1543 3190 te,
1560 3133 1635 3181 ven.
1660 3119 1769 3189 trater,
1787 3136 1839 3179 au-

1092 3216 1238 3278 ctoritate
1260 3213 1369 3275 nostrl
1391 3212 1561 3290 apostolici
1584 3212 1616 3273 in
1639 3219 1785 3273 nostrum
1809 3219 1841 3273 et

1092 3309 1187 3370 huius
1217 3306 1249 3369 S.
1279 3305 1370 3368 Sedis
1401 3306 1590 3382 Delegatum
1620 3304 1838 3383 Apostolicum

1091 3401 1173 3480 apud
1196 3400 1293 3462 totius
1314 3399 1476 3460 Haitarum
1498 3397 1701 3476 Reipublicae
1724 3399 1840 3476 praesi-

1092 3495 1254 3555 demeum
1271 3493 1419 3554 omnibus
1435 3491 1636 3554 facultatibus
1652 3493 1840 3553 necessariis

1093 3595 1124 3649 et
1147 3587 1335 3665 opportunis
1364 3585 1532 3662 eligimus,
1560 3585 1786 3646 constituimus
1809 3591 1840 3647 et

1092 3682 1294 3759 deputamus,
1311 3685 1348 3740 ut
1363 3679 1397 3740 ei
1419 3679 1452 3740 in
1474 3677 1645 3756 ttepanuca
1660 3678 1839 3741 Catholicae

1093 3773 1268 3851 Religionis
1290 3787 1416 3834 causam
1431 3772 1596 3850 suscipere
1611 3779 1643 3833 et
1657 3787 1754 3848 agere
1770 3789 1845 3850 pos-v

1092 3869 1146 3940 sis,
1171 3868 1304 3944 eiusque
1333 3866 1417 3928 bono
1440 3872 1473 3927 et
1493 3866 1663 3932 commodo
1685 3882 1743 3945 pro
1765 3868 1840 3928 viri-

1094 3961 1152 4023 bus
1174 3959 1344 4023 consulere
1366 3959 1481 4021 valeas.

1133 4055 1202 4131 §R
1227 4054 1270 4116 'le
1291 4069 1370 4115 vero
1392 4053 1425 4115 in
1447 4053 1583 4115 Domino
1606 4055 1784 4126 hortamur,
1805 4060 1841 4117 ut

1093 4147 1249 4226 singulari
1270 4149 1356 4217 cura,
1374 4147 1480 4208 studio
1495 4155 1527 4208 et
1542 4147 1707 4224 diligentia
1723 4165 1758 4209 ea
1774 4164 1840 4209 orn-

1094 4242 1145 4304 nia
1176 4241 1310 4320 provide
1341 4241 1546 4318 scienterque
1574 4242 1695 4318 agenda
1727 4257 1838 4312 cures,
1888 4297 1894 4308 .

1094 4350 1174 4414 quae
1196 4336 1232 4397 ad
1255 4333 1454 4412 spiritualem
1476 4333 1607 4396 illorum
1631 4335 1774 4397 fidelium
1794 4352 1840 4397 sa-

1094 4431 1195 4491 lutem
1217 4429 1449 4507 procurandam
1473 4435 1506 4490 ct
1530 4429 1697 4506 religionis
1718 4429 1838 4491 bonum
1915 4439 1920 4449 ’

1093 4524 1277 4601 augendum
1290 4523 1454 4602 pertinere
1476 4537 1570 4600 posse
1590 4523 1753 4584 videntur.
1777 4523 1849 4586 Nos·

1094 4617 1224 4678 interim
1251 4617 1285 4678 in
1315 4615 1495 4678 humilitate
1524 4617 1629 4678 cordis
1658 4617 1761 4678 nostri
1789 4618 1842 4679 Pa-

1094 4719 1178 4772 trem
1191 4709 1485 4772 misericordiarum
1499 4715 1531 4771 et
1542 4709 1644 4772 Deum
1658 4711 1756 4773 totius
1768 4727 1854 4774 con-¹

1094 4804 1258 4867 solationis
1280 4819 1395 4881 rogare
1420 4820 1485 4864 non
1507 4803 1708 4876 desinemus,
1732 4812 1768 4866 ut
1789 4806 1843 4868 det

1094 4899 1152 4962 tibi
1174 4899 1322 4977 spiritum
1334 4897 1507 4976 sapientiae
1524 4905 1556 4960 et
1569 4897 1763 4970 intellectus,
1781 4901 1842 4978 spi-

1095 4993 1194 5054 ritum
1217 4991 1341 5056 consilii
1364 4997 1396 5053 et
1417 4991 1626 5063 tortitudinis,
1650 5006 1714 5068 quo
1737 4993 1843 5054 omnia

1095 5104 1111 5147 a
1137 5093 1169 5148 te
1198 5086 1255 5147 hac
1283 5100 1381 5162 super
1410 5101 1446 5146 re
1478 5084 1671 5162 perficienda
1700 5091 1842 5163 optatum

1096 5180 1219 5242 exitum
1252 5185 1502 5256 consequantur.
1540 5177 1611 5240 Non
1644 5178 1843 5241 obstantibus

1095 5273 1377 5338 constitutionibus
1399 5277 1432 5334 et
1452 5273 1669 5334 sanctionibus
1695 5273 1844 5352 apostoli-

1096 5370 1151 5440 cis,
1170 5367 1370 5443 caeterisque
1386 5365 1554 5428 contrariis
1570 5365 1840 5444 quibuscumque.

1071 5511 1073 5517 ,
1135 5463 1249 5524 Datum
1272 5461 1401 5531 Romae,
1425 5461 1506 5538 apud
1525 5458 1556 5521 S.
1571 5459 1702 5521 Petrum
1717 5461 1776 5522 sub
1791 5477 1844 5522 an-

1097 5556 1175 5619 nulo
1187 5555 1356 5618 Piscatoris
1367 5552 1418 5615 die
1438 5571 1514 5616 xxx.
1531 5554 1639 5632 aprilis
1654 5570 1842 5624 uncccxcr„

1097 5651 1298 5728 pontificatus
1320 5648 1423 5710 nostri
1444 5665 1528 5710 anno
1550 5665 1594 5711 ιι.

1374 5841 1389 5844 ..
1399 5838 1590 5846 .--—-—-———-—-·

1756 545 1814 608 271
1866 545 1918 596 An.
1934 547 1964 596 C.
1987 546 2052 600 1841
