1290 1823
556 188 589 200 lun.
601 188 647 200 ΡῡΝτ.
659 187 679 198 oz
689 187 704 198 r.
716 187 731 198 1⁷.
743 186 785 198 Pons
795 187 806 198 1.

370 223 383 234 ro
393 219 494 237 christianae,
503 220 537 234 tum
544 218 588 233 civili
595 217 671 237 reipubli-

370 242 373 258 i
384 244 400 258 et
411 243 511 257 ornamento.
522 241 567 260 Quod
581 241 647 260 quidem
658 241 671 256 si

373 265 417 283 alias.
429 269 471 281 nunc
482 265 588 285 potissimum,
597 267 647 283 quum
655 264 671 279 in

370 293 391 304 irn
403 289 499 308 religionem
511 288 564 307 gravia
572 288 588 303 in
595 288 629 303 dies
636 287 671 302 vul-

370 316 412 328 mmo
423 316 459 328 cum
470 311 519 327 animi
532 311 582 327 nostri
596 314 671 326 moerore

370 336 472 355 ionspicimus
483 339 491 350 a
502 334 623 354 corruptoribus
634 334 672 350 fidei

370 363 396 377 lm,
408 359 427 374 ab
437 359 456 374 iis
467 358 562 378 praesertim
573 358 600 377 qui
608 358 672 377 antiqua

370 386 379 397 n
385 382 457 397 instituta
464 382 563 397 fastidientes
570 381 616 397 novis
623 381 672 396 relius

384 409 466 424 novasque
480 405 564 424 religionis
578 405 637 420 formas
649 404 672 419 in-

377 428 424 444 Certa
434 428 488 447 itaque
498 432 527 447 spe
536 427 573 443 freti
580 427 647 443 dilectos
655 427 672 442 si-

370 456 396 467 rae
411 451 488 469 familiae.
505 455 546 471 quae
561 451 672 466 Sanctissimae

370 475 381 490 is
388 474 508 494 Redemptionis
516 474 619 494 Captivorum
627 478 672 490 voca⁴

370 502 413 513 mnos
425 499 510 517 parentum
521 501 587 513 suorum
599 498 672 517 vestigiis

375 521 474 539 insistentes,
486 521 582 536 documenta
589 521 672 541 perileien-

370 544 416 560 nihus
426 544 505 560 virtutum
517 544 591 564 exemplo
603 544 671 562 tuturos,

370 567 446 587 bentique
457 567 511 583 animo
522 571 579 583 eorum
594 567 635 583 votis
647 571 673 583 an>

370 614 441 630 Jemissis
452 614 495 630 enim
507 614 580 634 precihus
592 614 640 630 totius
650 618 673 629 sa>

370 637 415 653 niliae
426 637 492 652 nomine
503 639 597 659 procurator
606 641 672 657 genera-

372 662 397 676 tus
411 660 453 676 silius
464 660 521 676 Petrus
535 660 596 680 Crespo
607 665 614 676 a
626 661 672 676 nobis

370 684 391 702 it,
399 685 417 699 ut
427 684 491 703 singula
498 687 571 703 quaeque
581 684 671 704 privilegia,

378 707 448 726 aliasque
459 707 541 722 lacultates
552 711 560 722 a
571 707 598 722 iel.
607 711 639 723 rec
648 707 672 723 ln-

370 730 410 746 ›XlL
415 730 539 750 praedecessore
546 732 602 746 nostro
606 730 630 746 illi
635 735 672 746 con-

370 753 444 769 ,imilibus
458 753 549 773 apostolicis
563 754 620 772 literis,
632 754 672 769 datis

370 777 408 792 sima
415 777 482 796 septima
490 777 529 792 iunii
535 781 577 792 anno
585 777 672 793 millesimo

370 800 417 816 {simo
427 800 531 819 nonagesimo
541 801 594 818 tertio,
603 804 671 820 quarum

379 823 468 839 Salvatoris
485 823 549 839 Domini
566 823 621 839 Nostri
637 824 672 839 Iesu

378 848 394 862 et
405 850 443 866 quas
453 846 479 862 hic
490 851 519 866 pro
532 847 612 866 expressis
623 849 639 862 et
649 847 672 863 iu-

370 870 408 885 iberi
413 870 495 887 volumus.
500 870 571 889 henigne
577 870 672 886 confirmare

370 917 397 933 x'os
408 917 458 936 igitur
470 921 526 933 ornnes
537 917 554 933 in
566 918 639 933 eamdem
650 922 673 933 sa-

370 940 427 956 miliam
436 940 547 956 Sanctissimae
555 940 635 956 Trinitatis
643 941 672 956 Re-

371 963 395 979 nis
399 964 503 983 Captivorum
510 965 590 983 cooptatos
597 964 672 984 peculiari

372 987 404 1002 ntia
415 987 491 1006 prosequi
501 987 582 1005 volentos,
594 989 610 1002 et
620 991 628 1002 n
638 988 673 1007 qui>

370 1010 538 1026 excommunicationis
553 1012 569 1026 et
583 1010 671 1029 interdicti,

376 1034 486 1049 ecclesiasticis
500 1034 577 1052 censuris,
588 1034 673 1050 sententiis

370 1057 381 1072 is
392 1057 449 1076 quovis
460 1057 508 1072 modo
520 1059 536 1072 et
544 1061 645 1077 quacumque
653 1058 673 1073 de

371 1081 396 1098 tis.
405 1080 418 1096 si
429 1084 468 1100 quas
479 1080 521 1096 forte
532 1080 636 1099 incurrerint,
644 1081 673 1096 liu>

370 1108 396 1119 um
407 1104 430 1119 rei
438 1104 488 1123 gratia
495 1103 597 1119 absolventes
605 1106 622 1119 et
628 1104 673 1120 ahso-

370 1131 386 1143 re
397 1129 487 1145 censentes,
496 1129 629 1143 commemoratas
637 1131 673 1147 apo-

372 1151 427 1166 literas
441 1150 530 1166 innocentii
545 1151 673 1170 praedecessoris

370 1178 398 1189 um
409 1174 483 1189 omnibus
491 1176 507 1189 et
513 1174 582 1193 singulis
589 1174 628 1189 inibi
636 1178 673 1189 con-

370 1199 376 1213 t
383 1197 468 1217 expressis,
477 1197 565 1213 dummodo
572 1201 605 1213 non
613 1197 674 1213 luerint

370 1225 379 1239 i,
391 1221 437 1240 plena
448 1221 542 1236 auctoritate
553 1222 606 1236 nostra
617 1225 673 1241 appro-

370 1246 383 1260 ει
393 1244 512 1262 confirmamus.
524 1244 589 1264 illisque
599 1244 673 1264 apostoli-

372 1269 405 1283 trae
422 1267 501 1283 firmitatis
516 1267 609 1283 inviolabile
624 1268 673 1284 robur

370 1295 388 1306 is.

370 1314 475 1330 Decernentes
486 1314 533 1329 hasce
543 1314 598 1330 literas
609 1318 673 1334 semper

372 1337 431 1353 validas
442 1339 459 1352 et
469 1337 540 1353 efficaces
550 1338 619 1353 existere
626 1342 643 1353 ac
651 1337 673 1353 lo-

370 1364 405 1380 zque
416 1361 496 1380 plenarios
504 1362 520 1376 et
527 1361 599 1380 integros
607 1361 673 1376 effectus

370 1386 381 1400 {t
393 1384 472 1402 obtinere.
484 1386 501 1399 et
511 1384 529 1399 τη]
540 1384 635 1399 eorumdem
642 1384 673 1404 pri-

371 1411 398 1423 um
409 1409 425 1423 et
437 1407 529 1423 facultatum
540 1411 613 1423 omnium
624 1407 674 1423 tirmi-

370 1435 378 1446 c
387 1431 437 1446 robur
444 1430 537 1450 plenissime
545 1430 637 1450 suffragan
645 1431 674 1446 sic<

370 1454 455 1469 ›raemissis
461 1458 490 1473 per
497 1457 607 1473 quoscumque
613 1454 674 1469 iudices

373 1481 390 1493 os
401 1479 417 1492 et
427 1477 515 1496 delegatos,
529 1476 577 1492 etiam
590 1480 674 1492 causarum

370 1501 415 1516 rostri
426 1500 508 1520 apostolici
519 1500 599 1516 auditores
608 1500 674 1516 iudicari

372 1524 392 1539 iri
403 1524 468 1542 debere.
476 1528 493 1540 ae
504 1524 568 1539 irritum
576 1525 593 1539 et
600 1524 653 1542 inane,
661 1523 674 1539 si

699 220 745 232 secus
756 220 805 236 super
816 215 840 231 his
851 220 859 230 a
868 218 949 234 quoquam
957 214 1013 234 quavis
1020 216 1073 230 aucto-

699 240 745 255 ritate
759 239 828 255 scienter
839 239 865 254 vel
878 238 973 258 ignoranter
987 238 1073 257 contigerit

698 263 778 278 attentari.

1088 181 1114 194 An.
1121 181 1140 194 C.
1154 179 1196 193 1332

718 286 728 305 ἓ
738 286 753 301 5.
765 285 800 301 Non
815 285 914 301 obstantibus
929 285 1004 300 omnibus
1015 287 1031 300 et
1042 285 1073 300 sin-
1089 287 1163 301 »erogatio
1169 288 1204 297 con>

700 309 741 329 gulis
756 309 792 327 illis,
805 313 845 328 quae
856 309 899 324 idem
912 308 1014 324 innocentius
1029 312 1073 328 prae-

700 332 774 348 decessor
782 332 798 348 in
806 332 839 347 suis
847 331 920 351 praefatis
926 332 977 347 literis
983 331 1035 347 voluit
1041 335 1073 347 non

700 356 768 373 obstare,
780 355 847 375 aliisque
858 355 999 371 constitutionibus
1008 357 1024 370 et
1032 355 1074 370 ordi-

700 379 790 395 nationibus
796 378 887 398 apostolicis
893 378 940 394 etiam
947 378 1024 398 peculiari
1030 382 1074 394 men-

700 403 744 418 tione
751 407 768 418 ae
775 402 880 421 derogatione
888 402 940 421 dignis
948 401 1032 417 contrariis
1040 401 1074 421 qui-

700 426 805 445 hnscumque.

720 449 777 465 Datum
791 449 850 464 Romae
864 449 905 468 apud
920 448 936 464 S-
948 448 1013 464 Mariam
1028 448 1074 464 Maio-

700 476 735 488 rem
746 472 776 488 sub
790 472 849 488 annulo
864 472 947 487 Piscatoris
961 472 987 487 die
998 476 1020 487 xi.
1032 473 1073 491 sept.

701 500 813 513 nncccxxxu..
825 495 926 515 pontificatus
940 495 992 510 nostri
1003 499 1044 510 anno
1055 499 1073 510 ιι.

871 589 903 605 XL.

701 637 785 657 Deputatio
802 636 890 652 visitatoris
907 637 989 656 apostolica·
1003 641 1033 657 pro
1048 641 1074 652 cn«

719 660 772 676 raudo
783 660 871 676 catholicae
881 660 965 679 reliqt‘onis
973 660 1074 680 praemunio⁴

720 688 739 699 ne
750 685 764 698 tt
778 683 898 699 conservatione
911 683 929 698 in
939 683 1035 699 dioecesibuc
1046 683 1074 699 1³2-

719 706 799 722 ruvianir.

727 752 812 769 venerabili
823 752 867 769 tratri
879 752 942 773 losepho
954 752 1047 770 Sebastiano

790 775 865 796 Episcopo
876 776 894 792 de
905 776 984 797 Arequipa.

786 822 896 839 antenatus
908 822 938 839 ΡΡ.
951 822 986 839 xw.

807 869 901 886 venerahilis
913 869 967 889 irater,

717 893 782 909 salutem
793 894 809 909 at
820 892 918 914 apostolicam
930 893 1056 910 benedictionem.

720 941 729 960 ἓ
741 941 755 956 l.
767 940 838 956 Charitas
853 940 884 959 illa,
897 944 938 960 quae
952 945 981 957 nec
994 941 1049 957 multis
1061 946 1075 957 a-

701 964 737 983 quis
748 964 826 983 extingui,
839 968 868 979 nec
879 964 972 980 fluminibus
984 965 1030 980 obrui
1042 967 1075 984 pot-

701 989 730 1005 est.
742 991 816 1007 quaeque
827 987 906 1003 virtutum
923 988 996 1003 onmium
1007 988 1075 1004 secunda

701 1014 764 1030 parens,
771 1010 885 1030 expultrixque
895 1011 978 1029 vitiorum,
985 1012 1046 1031 patiens
1054 1013 1076 1027 at-

701 1038 732 1053 que
743 1034 818 1053 benigna,
831 1034 879 1049 nullis
891 1034 1009 1054 circumscripta
1021 1034 1075 1050 limiti-

701 1057 730 1073 bus
741 1061 824 1076 nunquam
835 1057 899 1075 excidit,
911 1057 939 1073 sed
951 1058 1004 1073 omnia
1011 1058 1074 1076 suffert.

701 1080 754 1096 omnia
765 1080 839 1098 sustinet.
851 1084 883 1100 quo
891 1085 900 1096 a
907 1081 945 1096 solis
954 1083 989 1096 ortu
997 1085 1049 1101 usque
1057 1082 1075 1097 ad

701 1108 774 1119 occasuro
785 1104 804 1119 al)
812 1104 887 1119 omnibus
898 1104 989 1124 quibusque
1000 1105 1075 1124 gentihus

701 1128 748 1146 atque
756 1127 847 1142 nationibus
855 1127 929 1143 laudetur
937 1131 997 1143 nornen
1005 1128 1075 1146 Domini,

701 1152 775 1166 nostrum
786 1150 858 1166 animum
866 1151 887 1166 ita
894 1151 953 1166 excitat
960 1153 1007 1170 atque
1015 1152 1076 1167 inflam-

702 1175 739 1192 mat,
752 1175 769 1189 ut
783 1174 801 1189 ad
817 1174 915 1192 universam.
931 1178 972 1193 quae
986 1174 1016 1190 sub
1030 1175 1076 1190 coelo

701 1199 730 1215 est.
746 1197 820 1217 gentium
835 1197 962 1215 multitudinem.
978 1198 1037 1213 mentis
1048 1202 1076 1214 no-

701 1222 743 1236 strae
758 1221 812 1236 oculos
824 1221 851 1236 din
866 1222 947 1240 noctuque
961 1221 1076 1237 circumferen-

702 1246 731 1262 tes,
743 1244 762 1259 ad
773 1244 888 1260 remotissimas
903 1244 951 1260 etiam
962 1244 981 1260 ab
996 1245 1024 1260 hac
1035 1245 1076 1265 Apo-

701 1267 756 1283 stolica
767 1267 808 1283 Sede
823 1267 898 1287 regiones
913 1268 996 1287 pastoralis
1012 1269 1076 1283 nostrae

702 1291 793 1310 vigilantiae
808 1294 863 1306 curam
878 1291 989 1308 extendamus.
1001 1293 1017 1306 et
1030 1291 1076 1310 spiri-

702 1314 741 1329 tuali
749 1314 822 1329 tldelium
830 1314 903 1329 omniurn
910 1314 953 1329 bono
961 1316 977 1329 et
984 1314 1075 1332 commodo,

702 1338 779 1356 quantum
791 1337 807 1352 in
815 1337 861 1352 nobis
869 1339 897 1355 est,
907 1338 951 1353 omni
959 1338 1023 1357 quidem
1031 1342 1075 1356 cura,

701 1360 759 1378 studio,
771 1360 843 1378 consilio.
855 1360 910 1376 labore
927 1361 1018 1380 prospicere
1029 1365 1076 1377 cone-

702 1387 744 1399 mur.
756 1383 787 1399 Vix
797 1383 874 1399 ineffabili
887 1384 915 1399 Dei
926 1384 1015 1402 voluntate.
1027 1384 1076 1400 nullis

702 1408 746 1422 certe
756 1407 816 1422 nostris
827 1407 924 1426 promeritis,
936 1407 953 1422 in
960 1407 1025 1423 sublimi
1033 1408 1076 1427 prin-

702 1430 740 1449 cipis
747 1430 862 1449 Apostolorum
873 1430 947 1445 cathedra
955 1430 1033 1449 collocati,
1042 1435 1076 1450 gra-

702 1453 767 1469 vissima
776 1453 880 1469 ecclesiarum
888 1454 961 1469 omnium
968 1454 1076 1470 sollicitudine

702 1476 775 1494 districti,
783 1476 831 1492 totius
839 1476 934 1492 christianae
942 1477 1040 1497 reipublicae
1048 1481 1076 1497 gu-

702 1500 788 1516 bernacula
798 1500 878 1516 tractanda
891 1501 997 1520 suscepimus.
1009 1501 1051 1517 clare
1062 1505 1077 1517 a-

702 1525 781 1543 perteque
796 1523 927 1543 significavimus.
939 1524 980 1540 nihil
992 1524 1039 1540 nobis
1050 1528 1077 1544 po-

1083 301 1162 312 tra-iorum.

1098 944 1184 955 Prooemium.
