4864 6994
330 589 385 650 An.
399 598 429 650 G.
451 598 519 651 1832

570 583 610 657 38

1069 612 1135 660 lun.
1159 604 1251 657 PONT.
1275 607 1315 654 bu
1337 609 1366 653 P.
1390 607 1420 653 F.
1444 611 1528 656 PARS
1549 607 1571 656 1.

552 743 615 804 que
638 730 720 792 notis
735 729 852 792 linibus
867 730 1122 810 circumscriptas
1140 745 1214 792 cum
1230 745 1296 790 om-

551 821 645 883 nibus
665 823 729 884 suis
750 823 873 884 iuribus
894 823 932 886 ad
953 841 1011 886 nos
1039 831 1134 902 atque
1156 823 1193 886 ad
1215 823 1296 885 banc

550 915 764 994 Apostolicam
788 915 904 979 Sedem
927 918 1086 980 avocando
1113 916 1292 988 statuimus,

551 1013 587 1069 ut
601 1025 617 1068 a
632 1010 749 1070 nostris
771 1009 857 1072 bisce
870 1011 972 1072 literis
988 1011 1066 1073 datis
1088 1016 1192 1072 cesset
1206 1025 1295 1087 pror-

550 1115 603 1160 sus
626 1115 721 1163 omne
743 1102 796 1164 vel
826 1102 983 1164 directum
1013 1102 1065 1163 vel
1087 1102 1166 1164 utile
1195 1100 1295 1162 domi-

550 1192 651 1265 nium,
675 1209 733 1255 seu
754 1195 840 1258 aliud
869 1196 1103 1273 qualecumque
1124 1195 1184 1265 ius,
1209 1193 1295 1270 quod

549 1283 703 1347 hactenus
718 1303 816 1366 super
831 1305 901 1350 eam
917 1289 1049 1351 domum
1062 1295 1094 1350 et
1105 1287 1294 1350 viridarium

549 1376 721 1452 adnexum,
747 1396 925 1459 omnesque
947 1382 1021 1443 alias
1049 1381 1226 1444 aeclesiam
1249 1381 1295 1442 in-

549 1471 675 1546 dicatas,
706 1490 883 1553 omnesque
912 1491 1023 1537 earum
1052 1481 1156 1553 partes
1185 1473 1296 1535 babuit

549 1567 724 1644 capitulum
755 1568 899 1631 basilicae
931 1568 1116 1642 vaticanae,
1150 1569 1294 1644 itemque

549 1667 651 1722 cesset
663 1663 767 1723 omnis
778 1662 955 1724 iurisdictio
967 1679 1024 1724 seu
1037 1663 1086 1724 ius
1098 1667 1292 1740 patronatus.

550 1757 582 1812 et
607 1751 693 1814 aliud
715 1754 834 1831 pariter
860 1755 1095 1832 qualecumque
1117 1756 1184 1825 ius,
1209 1752 1294 1830 quod

549 1860 648 1924 super
681 1846 846 1908 ecclesiam
875 1849 975 1926 ipsam
1005 1847 1110 1910 Sancti
1138 1846 1231 1908 Blasii
1263 1852 1295 1906 et

550 1940 655 2002 omnia
677 1955 757 2017 quae
773 1941 810 2003 ad
830 1957 899 2003 eam
922 1942 1095 2020 pertinent,
1114 1941 1199 2002 idem
1215 1940 1294 2017 capi-

537 2032 654 2094 ¹tulum
687 2034 789 2096 adbuc
822 2035 970 2096 obtinuit.
1004 2034 1093 2096 luxta
1118 2034 1195 2095 haec
1225 2034 1294 2096 loco

548 2124 723 2199 fructuum,
741 2127 796 2203 qui
819 2143 858 2188 ex
880 2127 1048 2206 praedictis
1070 2127 1201 2189 aedibus
1223 2143 1294 2204 pro-

547 2219 730 2292 veniebant,
753 2221 877 2282 ratione
906 2220 1009 2282 habita
1032 2221 1214 2282 cessationis
1241 2236 1294 2280 ex-

547 2327 730 2388 pensarum,
755 2328 832 2390 quas
854 2313 1027 2392 capitulum
1054 2313 1232 2374 sustinebat
1253 2312 1293 2374 ob

546 2404 651 2466 cultus
673 2406 864 2468 exercitium
887 2413 919 2468 et
940 2407 1073 2468 rectoris
1092 2407 1290 2484 pensionem,

547 2499 637 2559 cuius
659 2498 729 2561 loco
753 2500 782 2561 el
804 2500 936 2562 domum
949 2500 1110 2577 (quondam
1133 2499 1293 2578 parocbia-

547 2589 612 2652 lem
636 2593 734 2668 gratls
756 2592 957 2654 incolendam
980 2593 1163 2666 tradiderat,
1188 2593 1292 2654 eidem

547 2683 684 2760 capitulo
713 2685 908 2762 assignamus
936 2701 1073 2746 annuam
1104 2686 1292 2764 pensionem

497 2775 503 2788 “
545 2782 743 2839 scutatorum
764 2778 982 2840 Romanorum
1005 2779 1166 2855 octoginta
1185 2779 1222 2840 ab
1237 2780 1293 2841 bo-

324 5017 469 5064 'lranslallo
488 5019 524 5064 iu-

310 5071 387 5125 nium,
402 5072 525 5116 aliorum-

310 5134 360 5179 que
380 5125 524 5188 privilegio-

311 5187 523 5222 6661661666-

311 5240 440 5275 cessorum
475 5231 523 5276 bo-

311 5283 388 5336 spltlo
414 5284 523 5329 Sanctae

310 5335 404 5382 llariao
440 5339 523 5394 logy-

310 5389 417 5446 ptlacae.

547 2870 641 2948 spitio
664 2870 806 2933 Armeno
832 2872 869 2934 ad
892 2871 1042 2934 Sanctum
1072 2872 1210 2934 Blasium
1233 2873 1293 2933 eri-

548 2963 653 3038 gendo
675 2964 873 3036 solvendam,
899 2971 932 3025 et
953 2965 1121 3026 universos
1148 2965 1291 3026 redditus

546 3055 642 3116 unius
664 3057 862 3134 praebendae
884 3056 1116 3130 beneficiariae,
1140 3058 1225 3119 illius
1247 3058 1292 3118 vi-

548 3149 664 3211 delicet
695 3150 894 3228 praebendae
923 3151 962 3212 de
992 3151 1091 3212 libera
1123 3151 1291 3213 collatione

547 3248 666 3315 nostra,
697 3258 778 3320 quae
810 3244 950 3306 nuncin
973 3261 1008 3306 ea
1037 3244 1162 3306 basilica
1191 3252 1289 3306 vacat.

546 3331 734 3396 Huiusmodi
757 3351 836 3412 ergo
864 3337 1078 3414 praebendam
1107 3343 1291 3398 nostrarum

547 3427 763 3504 praesentium
786 3429 952 3490 literarum
968 3429 1000 3491 vi
1016 3445 1101 3491 nunc
1121 3431 1292 3508 supprimi-

545 3535 627 3592 mus,
652 3521 787 3598 eiusque
815 3522 937 3585 lructus
962 3539 996 3584 ac
1024 3529 1211 3601 proventus,
1234 3541 1291 3586 seu

545 3613 627 3676 bona
649 3615 783 3692 iuraque
806 3616 923 3688 omnia,
941 3631 1022 3692 quae
1040 3618 1078 3680 ad
1099 3617 1187 3678 illam
1203 3634 1291 3696 prae-

544 3707 681 3770 bendam
701 3715 855 3786 spectant,
874 3710 979 3772 eidem
995 3711 1053 3788 ipsi
1069 3711 1205 3789 capitulo
1221 3728 1291 3790 per-

545 3807 678 3880 petuum
701 3802 734 3864 in
756 3804 888 3865 modum
911 3803 1116 3865 concedimus
1142 3811 1174 3865 61
1195 3805 1291 3883 appli-

544 3910 667 3970 camus;
691 3913 707 3955 a
729 3911 793 3972 quo
815 3896 949 3974 proinde
970 3897 1117 3974 specialia
1139 3913 1247 3970 onera,
1264 3899 1290 3959 si

545 3988 670 4062 quaein
686 4003 722 4048 ea
736 3989 950 4065 reperiantur,
965 4005 1108 4065 congrue
1121 4000 1218 4052 erunt
1232 3991 1290 4052 im-

544 4077 670 4156 plenda.
695 4079 777 4142 Haec
792 4086 900 4142 autem
915 4081 1010 4143 unius
1026 4083 1225 4159 praebendae
1238 4085 1290 4146 de-

543 4173 656 4234 tractio
678 4173 797 4235 nullius
819 4172 922 4234 lerme
951 4175 1108 4236 momenti
1134 4178 1290 4238 censenda

545 4265 647 4328 estin
677 4271 764 4327 tanto
793 4265 849 4327 illo
878 4265 1110 4328 beneficiorum
1139 4283 1287 4342 numero,

544 4359 652 4437 quiin
682 4358 829 4420 Vaticana
857 4358 983 4421 basilica
1011 4359 1187 4432 invenitur,
1212 4362 1289 4438 quin

543 4459 575 4514 et
597 4453 738 4530 pertinet
758 4453 795 4514 ad
817 4452 914 4514 decus
937 4459 969 4514 et
991 4453 1125 4530 gloriam
1148 4455 1287 4533 capituli,

543 4545 580 4608 ad
603 4544 708 4608 Sancti
734 4546 819 4608 Petri
840 4546 1024 4624 sepulcrum
1054 4547 1230 4620 existentis,
1254 4555 1290 4610 ut

544 4653 617 4699 cum
639 4637 745 4714 aliquo
758 4638 854 4698 etiam
870 4637 1075 4700 incommodo
1097 4655 1155 4700 suo
1178 4638 1289 4702 Arme-

543 4747 599 4792 nos
622 4730 738 4802 lovcal,
755 4731 810 4807 qui
832 4738 916 4793 tanta
939 4747 1042 4809 nuper
1061 4732 1142 4793 mala
1165 4736 1289 4811 experti

543 4831 629 4896 sunt,
654 4839 694 4886 ne
710 4824 748 4886 ab
763 4825 892 4902 antiqua
914 4840 969 4885 sua
991 4841 1064 4886 cunr
1077 4824 1163 4887 Petri
1185 4828 1289 4889 cathe-

544 4919 599 4980 dra
620 4918 849 4980 communione
871 4917 1095 4980 desciscerent.
1247 4919 1250 4928 '

582 5013 600 5086 ἓ
622 5011 650 5072 lu.
675 5011 729 5072 llis
751 5027 831 5072 vero
853 5012 894 5072 ita
916 5011 1108 5084 constitutis,
1138 5016 1288 5089 quemad-

543 5104 675 5166 modum
697 5104 918 5174 indicavimus,
943 5119 1054 5166 omnes
1077 5111 1109 5165 et
1130 5106 1286 5183 singulos,

543 5197 659 5274 quibus
688 5197 747 5259 hae
773 5197 885 5258 literne
910 5197 1046 5271 laveant,
1077 5217 1092 5258 a
1122 5200 1287 5275 quibusvis

543 5289 894 5362 excommunicationis,
911 5291 1131 5372 suspensionis
1144 5299 1176 5353 et
1190 5293 1288 5354 inter·

543 5384 627 5456 dicti,
642 5382 773 5461 aliisque
787 5383 1005 5446 ecclesiasticis
1020 5385 1201 5458 sententiis,
1216 5403 1288 5448 cen-

542 5477 626 5537 suris
648 5483 680 5538 et
701 5475 822 5554 poenis,
838 5475 950 5554 quovis
973 5477 1068 5538 modo
1091 5484 1123 5538 ct
1137 5493 1287 5554 quacum·

543 5584 606 5646 que
628 5570 667 5630 de
688 5586 778 5631 causa
800 5568 881 5642 latis,
897 5569 1016 5646 siquas
1039 5569 1122 5632 lorte
1144 5571 1287 5633 incurre-

542 5661 617 5732 rint,
642 5661 737 5723 buius
760 5669 883 5725 tantum
899 5663 947 5724 rel
963 5663 1062 5739 gratia
1083 5663 1287 5727 absolventes

542 5760 574 5814 et
595 5753 755 5814 absolutos
777 5754 847 5816 lore
868 5763 1049 5828 censentes,
1064 5771 1121 5834 per
1141 5773 1287 5835 praesen-

542 5853 589 5909 tes
612 5854 735 5908 nostras
758 5850 944 5926 apostolicas
967 5850 1075 5911 literas
1104 5867 1199 5929 saepe
1221 5867 1286 5913 me-

541 5945 697 6006 moratam
719 5941 885 6004 ecclesiam
914 5941 945 6004 S.
970 5943 1062 6005 Blasii
1083 5943 1117 6006 in
1138 5943 1188 6006 via
1209 5942 1287 6007 lulla

1354 743 1427 789 cum
1457 744 1542 790 sacru
1575 727 1644 790 eius
1672 727 1913 806 suppellectile,
1936 742 1993 788 seu
2025 742 2098 788 cum

1354 821 1451 882 rebus
1474 821 1622 884 omnibus
1638 822 1782 884 eiusdem
1806 821 1958 883 ecclesiae
1979 820 2053 882 usui
2068 827 2100 882 et

1354 919 1543 974 ornamento
1565 913 1706 984 addictis,
1725 918 1757 974 61
1773 913 1905 974 domum
1928 911 2033 974 eidem
2049 929 2099 992 pa-

1353 1005 1433 1066 riter
1455 1005 1605 1068 ecclesiae
1627 1007 1768 1067 iunctam
1786 1021 1859 1066 cum
1874 1004 2026 1066 viridario
2048 1006 2098 1068 ad·

1353 1114 1447 1172 nexo,
1472 1106 1678 1175 caeterasque
1700 1115 1812 1161 omnes
1835 1099 1929 1160 aedes
1950 1100 2098 1176 superins

1352 1192 1512 1266 indicatas,
1537 1173 1714 1270 omnesque
1742 1193 1870 1254 illarum
1900 1199 2005 1270 partes
2027 1192 2098 1271 Epi-

1352 1301 1447 1364 scopo
1479 1287 1677 1363 caeterisque
1711 1286 1750 1347 de
1778 1287 1865 1348 clero
1890 1285 2045 1348 saeculari
2067 1293 2099 1347 61

1352 1380 1495 1456 regulari
1510 1380 1686 1458 hospitium
1706 1381 1871 1458 proprium
1888 1380 1921 1441 in
1937 1380 2018 1442 urbe
2033 1397 2097 1441 non

1352 1471 1481 1534 babenti
1504 1473 1639 1534 nationis
1662 1471 1820 1534 Armenae
1843 1473 1903 1535 boc
1922 1472 2097 1549 futuroque

1353 1573 1499 1644 tempore
1521 1566 1554 1627 in
1578 1573 1685 1628 nostra
1707 1567 1764 1628 bac
1779 1566 1860 1627 alma
1876 1565 1956 1628 urbe
1979 1565 2097 1642 degen-

1353 1658 1438 1719 tibus
1459 1658 1492 1718 in
1515 1665 1708 1737 perpetuum
1738 1658 1959 1729 concedimus,
1983 1657 2096 1720 addici·

1353 1767 1423 1814 mus
1446 1758 1478 1812 et
1498 1751 1713 1812 attribuimus.
1736 1751 1845 1829 ltaque
1867 1768 1883 1812 a
1903 1751 1953 1812 die
1976 1767 2039 1827 quo
2061 1767 2096 1812 re

1352 1845 1417 1922 ipsa
1438 1845 1470 1905 in
1492 1859 1614 1905 novum
1636 1845 1721 1906 bunc
1743 1844 1861 1916 locum,
1882 1844 1915 1906 in
1930 1843 2095 1906 ecclesiam

1352 1954 1469 2017 nempe
1492 1936 1597 2000 Sancti
1619 1937 1712 1998 Blasii
1734 1938 1891 2014 aedesque
1912 1938 2049 1998 adnexas
2065 1937 2096 1998 vi

1352 2031 1569 2110 praesentium
1597 2031 1765 2104 literarum
1794 2037 1976 2092 nostrarum
1999 2030 2095 2092 iidem

1352 2124 1484 2186 Armeni
1518 2124 1659 2185 translati
1688 2123 1824 2196 fuerint,
1855 2139 1967 2184 eornm
1991 2123 2096 2201 bospi-

1354 2218 1443 2290 tium,
1461 2218 1546 2295 quod
1562 2218 1714 2278 hactenus
1731 2222 1798 2278 erat
1818 2217 1900 2296 apud
1917 2215 1948 2278 S.
1967 2216 2095 2278 Mariana

1351 2308 1588 2388 Aegyptiacam,
1601 2311 1788 2372 translatum
1801 2310 1834 2371 in
1846 2310 1931 2372 hunc
1943 2311 2095 2371 eumdem

1351 2403 1442 2464 illum
1466 2403 1572 2466 locum
1595 2404 1718 2465 censeri
1741 2410 1773 2464 et
1795 2419 1863 2464 esse
1879 2403 2092 2475 decernimus,

1351 2514 1412 2558 una
1435 2513 1507 2558 cum
1531 2497 1680 2560 omnibus
1702 2497 1825 2558 iuribus
1851 2503 1883 2558 et
1903 2497 2092 2574 privilegiis,

1351 2591 1619 2669 exemptionibus,
1634 2592 1741 2668 gratiis
1763 2597 1857 2668 atque
1873 2590 2024 2652 oneribus
2039 2589 2094 2651 ho-

1349 2684 1443 2760 spitio
1456 2684 1515 2761 ipsi
1527 2685 1658 2746 antebac
1670 2685 1923 2746 inhaerentibus.
1941 2685 1990 2756 Et,
2008 2685 2093 2761 quod

1350 2777 1511 2838 adsueras
1539 2777 1755 2853 indulgentias
1778 2779 1928 2856 pertinet,
1950 2778 2094 2840 concedi-

1351 2885 1422 2930 ntus
1444 2869 1538 2941 item,
1563 2877 1599 2930 ut
1620 2870 1657 2930 ad
1680 2870 1844 2932 ecclesiam
1875 2869 1979 2932 Sancti
2000 2870 2093 2932 Blasii

1350 2961 1583 3024 transferantur
1611 2977 1722 3024 omnes
1751 2963 1988 3039 indulgentiae,
2013 2978 2094 3040 quae

1350 3055 1454 3117 veteri
1476 3056 1612 3134 bospitio
1628 3062 1660 3117 et
1674 3055 1824 3118 ecclesiae
1846 3072 2011 3118 concessae
2026 3057 2094 3118 lue-

1350 3156 1431 3220 6661,
1455 3157 1549 3226 atque
1578 3149 1719 3227 insuper,
1744 3155 1779 3210 ut
1800 3149 1832 3210 in
1855 3149 1992 3211 Ecclesia
2018 3150 2093 3213 San-

1349 3244 1391 3304 cti
1413 3243 1505 3304 Blasii
1526 3243 1599 3304 illae
1612 3258 1723 3302 omnes
1745 3242 1964 3320 indulgentiae
1986 3260 2093 3323 perse·

1350 3343 1476 3408 verent,
1501 3342 1685 3412 quaeantea
1699 3335 1731 3396 in
1754 3335 1820 3413 ipsa
1835 3336 1997 3413 vigebant.
2022 3337 2093 3400 Bdi-

1350 3430 1451 3492 cimus
1464 3435 1638 3506 praeterea,
1650 3427 1954 3492 bancdrmenorum
1967 3431 2000 3492 in
2013 3431 2093 3494 urbe

1350 3523 1477 3601 hospitii
1500 3522 1741 3584 translationem
1755 3539 1790 3584 ea
1806 3522 1878 3600 lege
1891 3541 1906 3583 a
1919 3523 2009 3585 nobis
2021 3541 2093 3587 con-

1349 3633 1468 3678 cessam
1490 3616 1628 3693 intelligi
1651 3615 1780 3688 debere,
1804 3623 1840 3678 ut
1865 3617 1996 3679 ecclesia
2018 3617 2093 3680 San-

1349 3711 1390 3773 cti
1413 3711 1504 3772 Blasii
1526 3710 1708 3786 iunctisque
1729 3709 1860 3772 aedibus
1881 3717 2024 3780 utantur,
2042 3728 2093 3774 eo-

1349 3805 1422 3866 dem
1445 3803 1565 3866 scilicet
1580 3803 1686 3874 modo,
1705 3818 1769 3878 quo
1785 3809 1876 3864 antea
1898 3805 1946 3866 uti
1961 3805 2093 3866 ecclesia

1350 3895 1481 3960 Sanctae
1513 3897 1627 3957 Mariae
1660 3893 1870 3973 Aegyptiacae
1906 3903 1938 3957 et
1972 3897 2093 3959 adnexa

1349 3991 1444 4053 domo
1474 3989 1619 4052 solebant
1640 3989 1815 4066 Episcopus
1841 3988 2013 4061 Armenus,
2038 3991 2092 4068 qui

1348 4099 1423 4144 snae
1446 4084 1549 4160 gentis
1571 4081 1719 4143 homines
1740 4081 1777 4142 ad
1807 4081 1935 4144 ordines
1956 4083 1989 4143 in
2011 4083 2093 4144 urbe

1349 4183 1529 4254 promovet,
1541 4177 1628 4252 iique
1640 4175 1820 4237 sacerdotes
1833 4175 1887 4250 qui
1898 4177 1981 4254 apud
1992 4177 2092 4254 ipsam

1349 4269 1513 4332 ecclesiam
1534 4284 1659 4331 sacrum
1676 4267 1892 4330 ministerium
1913 4269 2043 4342 obeunt,
2061 4277 2093 4331 et

1348 4362 1400 4424 alii
1422 4363 1517 4424 etiam
1539 4362 1672 4423 Armeni
1693 4361 1885 4434 sacerdotes,
1902 4363 2092 4440 praesertim

1348 4455 1403 4532 qui
1425 4455 1505 4518 banc
1526 4456 1641 4518 urbem
1664 4455 1713 4534 pia
1735 4454 1839 4532 aliqua
1861 4456 1900 4517 de
1922 4472 2013 4518 causa
2039 4473 2092 4534 pe-

1347 4555 1430 4620 tunt,
1447 4548 1490 4610 ita
1511 4555 1547 4609 ut
1561 4548 1701 4624 benigne
1717 4547 1926 4624 excipiantur,
1940 4549 2091 4626 idemque

1348 4642 1571 4720 praestandum
1601 4643 1662 4703 erit
1684 4657 1760 4718 erga
1788 4640 2006 4703 adolescentes
2034 4641 2092 4702 dr-

1347 4750 1460 4796 menos
1483 4751 1523 4796 ex
1545 4735 1609 4796 suis
1634 4734 1823 4810 regionibus
1845 4735 1882 4795 ad
1903 4733 2018 4796 urbem
2041 4735 2091 4796 ad-

1346 4829 1514 4891 venientes
1537 4829 1574 4890 ad
1597 4829 1772 4890 navandam
1795 4843 1926 4905 operam
1952 4827 2091 4890 scientiis

1347 4923 1574 4994 ecclesiasticis,
1606 4921 1702 4983 modo
1730 4927 1837 4981 tamen
1860 4921 1893 4980 bi
1913 4921 1977 4982 suis
2006 4937 2091 4982 sum-

1347 5013 1454 5090 ptibus
1475 5012 1611 5073 alantur.
1636 5011 1792 5072 Nolumus
1814 5017 1922 5072 autem
1937 5013 2016 5072 tanti
2038 5012 2091 5073 be-

1346 5105 1451 5166 neficii
1473 5105 1662 5165 memoriam
1679 5103 1841 5165 oblivione
1863 5105 1975 5175 deleri,
1993 5121 2091 5181 quare
2114 5143 2121 5157 ·

1346 5198 1569 5276 praecipimus,
1593 5197 1682 5258 utin
1711 5197 1844 5259 ecclesia
1873 5197 1978 5260 Sancti
1999 5198 2091 5259 Blasii

1346 5291 1423 5368 lapis
1453 5296 1628 5368 apponatur
1656 5289 1840 5368 inscriptus,
1865 5291 1897 5352 in
1927 5307 1990 5368 quo
2012 5291 2090 5352 anti-

1345 5399 1485 5460 quorum
1507 5383 1636 5461 capituli
1652 5381 1793 5445 Vaticani
1807 5383 1926 5446 lorium
1948 5391 1980 5446 et
1994 5384 2089 5444 buius

1345 5475 1543 5554 Apostolicae
1567 5475 1657 5538 Sedis
1680 5477 1798 5554 gratiae
1822 5477 1943 5539 mentio
1965 5478 2031 5538 liat:
2056 5493 2090 5538 ac

1345 5576 1509 5647 praeterea
1521 5569 1654 5631 Armeni
1667 5571 1748 5645 grati
1760 5570 1857 5631 animi
1869 5570 2089 5632 testimonium

1345 5663 1535 5724 exhibentes
1552 5679 1631 5724 onus
1652 5663 1734 5724 inse
1756 5663 1929 5741 suscipient
1944 5663 2089 5725 solvendi

1344 5757 1513 5833 quotannis
1528 5756 1665 5835 capitulo
1678 5755 1827 5818 Vaticano
1840 5763 1967 5836 praeter
1982 5771 2090 5835 supra-

1344 5850 1457 5911 dictam
1481 5851 1669 5928 pensionem
1691 5855 1889 5912 scutatorum
1916 5851 2087 5930 octoginta,

1344 5943 1439 6006 etiam
1456 5943 1552 6006 libras
1567 5949 1633 6004 tres
1649 5959 1741 6005 cerae
1753 5943 1840 6006 albae
1855 5945 1893 6007 ad
1904 5944 2089 6024 sepulcrum
