4770 6982
349 531 402 584 An.
418 531 448 584 C.
471 533 540 582 1844
589 529 648 592 336

570 667 784 743 recogitantes
820 668 925 729 animo
958 669 1124 747 ingentem
1164 669 1316 747 pecuniae

572 761 637 821 vim
660 762 813 823 hactenus
830 768 994 840 erogatam
1014 763 1079 825 suis
1096 763 1205 825 Bibliis
1221 765 1316 826 eden-

571 854 618 914 dis
641 854 796 931 nulloque
819 855 925 918 lructu
948 857 1168 934 divulgandiS,
1192 857 1317 918 inuenti

571 963 675 1024 nuper
690 947 787 1024 aliqui
803 955 889 1020 sunt,
908 951 962 1026 qui
978 951 1228 1012 machinationes
1244 968 1316 1012 suas

571 1056 656 1102 novo
675 1042 812 1118 quodam
833 1044 946 1105 ordine
966 1045 1194 1122 disposuerunt
1209 1047 1245 1107 ad
1261 1045 1317 1106 lta-

571 1132 677 1196 lorum
690 1136 889 1213 potissimum
903 1144 1096 1214 nostraeque
1109 1138 1207 1216 ipsius
1223 1139 1317 1200 Urbis

570 1227 688 1288 citium
711 1229 834 1290 animos
860 1231 961 1308 prima
986 1231 1087 1292 veluti
1110 1233 1318 1308 aggressione

571 1322 776 1398 appetendos.
792 1320 919 1384 Scilicet
931 1339 971 1384 en
983 1324 1116 1400 acceptis
1130 1325 1225 1386 modo
1238 1341 1318 1386 nan·

570 1413 622 1474 tiis
644 1415 910 1492 documentisque
925 1423 1127 1494 compertum
1150 1417 1315 1490 hahemus,

571 1508 679 1585 plures
692 1509 840 1570 homines
853 1510 1053 1572 diversarum
1066 1519 1224 1573 sectarum
1237 1511 1318 1574 Neo-

570 1601 704 1663 Eboraci
726 1602 758 1662 in
775 1602 920 1664 America
942 1605 1089 1682 iiroxirno
1105 1621 1187 1666 anno
1203 1620 1326 1668 conve.

571 1696 667 1768 nisse,
692 1697 860 1774 pridieque
885 1698 956 1759 idus
978 1699 1080 1760 iunias
1109 1699 1241 1762 inivisse
1263 1717 1318 1762 no-

570 1805 642 1852 vam
666 1789 856 1853 Societatem
885 1791 1033 1854 Foedcris
1062 1792 1242 1856 Christiani
1264 1811 1318 1856 no-

571 1885 658 1946 mine
687 1891 913 1962 nuncupatam,
945 1893 977 1948 et
1004 1887 1072 1948 aliis
1098 1903 1195 1966 porro
1223 1895 1319 1966 atque

571 1979 639 2040 aliis
662 1979 805 2040 exomni
823 1985 918 2056 gente
941 1981 1112 2052 sodalibus,
1130 1999 1187 2043 seu
1203 1984 1319 2045 consti-

571 2072 648 2134 tutis
670 2073 701 2134 in
729 2073 873 2134 eiusdem
897 2073 1051 2136 auxilium
1080 2075 1232 2138 sodalitiis
1255 2093 1319 2138 am-

571 2165 786 2243 plificandam3
811 2182 950 2244 quorum
967 2185 1138 2231 commune
1155 2185 1227 2230 cum
1243 2171 1319 2248 ipsis

572 2259 742 2322 consilium
765 2261 820 2333 sit,
844 2267 880 2322 ut
908 2261 1091 2338 religiosam
1123 2263 1317 2336 libertatem,

571 2369 628 2415 seu
652 2355 756 2432 potius
779 2371 934 2416 vesanum
963 2355 1197 2420 indifferentiae
1223 2374 1319 2436 super

571 2447 730 2524 religione
752 2447 906 2522 studium,
928 2449 1077 2510 Romanis
1099 2449 1248 2528 italisque
1271 2469 1320 2512 ce-

572 2541 650 2602 teris
664 2541 844 2604 infundant.
867 2542 1020 2605 Eatentur
1036 2545 1204 2606 enimvero
1220 2563 1235 2606 ι
1252 2545 1319 2624 plu-

571 2635 660 2696 ribus
683 2641 771 2697 retro
793 2637 928 2698 saeculis
951 2643 1074 2698 tantum
1101 2637 1221 2714 ubique
1244 2655 1319 2716 pon-

572 2729 655 2790 deris
678 2729 827 2792 habuisse
847 2729 1007 2792 Romanae
1032 2731 1191 2808 ltalaeque
1214 2734 1319 2809 gentis

571 2823 726 2894 instituta,
750 2830 787 2884 ut
807 2823 852 2884 nil
868 2840 1021 2900 magnum
1045 2825 1077 2886 in
1099 2823 1181 2886 Orbe
1194 2842 1320 2903 proces·

572 2917 661 2990 serit,
679 2917 757 2994 quin
772 2917 889 2978 lactum
907 2917 1005 2980 luerit
1019 2918 1056 2980 ab
1072 2919 1153 2980 alma
1166 2919 1222 2980 hac
1234 2919 1320 2982 Urbe

573 3011 782 3088 principium,
807 3011 893 3088 quod
915 3011 1045 3088 quidem
1068 3029 1132 3073 non
1149 3028 1188 3073 en
1205 3013 1320 3074 consti-

574 3111 639 3167 tuta
662 3105 744 3177 heic,
776 3105 967 3183 disponente
995 3105 1142 3178 Domino,
1171 3123 1320 3184 suprema

572 3199 658 3260 Petri
681 3198 777 3270 Sede,
802 3199 858 3260 sed
884 3215 924 3260 ex
953 3200 1141 3276 quibusdam
1172 3201 1320 3278 antiquae

571 3291 791 3355 Romanorum
829 3293 1054 3354 dominationis
1088 3294 1253 3370 reliquiis,
1287 3295 1319 3356 in

572 3393 734 3464 usurpata,
759 3392 795 3447 ut
816 3386 971 3458 dictitant,
990 3404 1005 3447 a
1021 3387 1243 3450 decessoribus
1265 3405 1320 3450 ao·

571 3480 646 3540 stris
669 3485 825 3557 potestate
848 3479 1123 3557 permanentibus,
1141 3481 1320 3543 derivatum

572 3573 697 3634 volunt.
722 3571 824 3646 Quare
847 3589 920 3634 cum
936 3579 1089 3635 statutum
1112 3573 1176 3636 illis
1199 3575 1249 3646 sit,
1267 3591 1321 3652 po-

573 3668 665 3745 pulos
694 3667 865 3728 universos
894 3668 1107 3729 conscientiae
1129 3684 1186 3729 seu
1216 3669 1321 3746 potius

573 3760 693 3822 erroris
720 3761 868 3823 libertate
898 3762 1027 3833 donare,
1053 3777 1091 3822 ex
1118 3777 1194 3839 qua,
1219 3763 1322 3824 veluti

573 3871 671 3916 esuo
693 3855 793 3928 fonte,
824 3855 952 3933 politica
977 3855 1073 3916 etiam
1095 3855 1225 3917 libertas
1248 3872 1320 3918 cum

574 3947 717 4026 publicae
733 3949 770 4010 ιι]
786 3949 931 4026 ipsorum
954 3965 1086 4011 sensum
1102 3950 1321 4028 prosperitatis

573 4043 775 4106 incremento
788 4045 946 4120 dimanet;
961 4045 1041 4107 nihil
1055 4052 1161 4106 tamen
1177 4045 1236 4106 sibi
1253 4061 1322 4122 pos-

575 4153 609 4197 se
631 4138 795 4208 videntur,
809 4139 870 4199 nisi
893 4139 1033 4216 primum
1050 4141 1132 4217 apud
1154 4139 1247 4200 ltalos
1263 4139 1321 4201 llo·

574 4246 750 4309 manosque
760 4232 845 4294 cives
857 4232 977 4309 aliquid
991 4232 1196 4310 profecerint,
1208 4248 1321 4293 eorum

574 4324 723 4401 deinceps
752 4325 938 4386 auctoritate
964 4334 1058 4402 atque
1088 4325 1200 4386 studiis
1223 4340 1321 4402 penes

573 4417 713 4494 reliquas
738 4425 850 4494 gentes
873 4433 1069 4496 magnopere
1091 4417 1193 4478 usuri.
1217 4417 1322 4494 Atque

573 4509 605 4570 id
634 4509 724 4571 lacile
751 4527 786 4572 se
815 4518 1019 4572 assecuturos
1049 4511 1224 4582 confidunt,
1249 4527 1321 4572 cum

574 4609 622 4665 tot
642 4603 762 4680 ubique
784 4611 945 4667 terrarum
968 4605 1036 4666 Itali
1054 4605 1118 4667 sint
1140 4604 1274 4666 diversis
1290 4605 1322 4666 in

574 4697 651 4758 locis
674 4697 840 4775 degentes
865 4699 1005 4776 indeque
1027 4699 1060 4760 in
1083 4699 1216 4776 patriam
1239 4699 1321 4760 haud

574 4791 639 4853 levi
652 4808 789 4854 numero
802 4800 1000 4868 remeantes3
1018 4808 1158 4870 quorum
1171 4810 1236 4854 aaa
1248 4809 1322 4872 pau-

575 4900 627 4944 cos
649 4885 702 4946 vel
725 4901 881 4948 novarum
900 4901 1022 4971 rerum
1051 4887 1156 4947 studio
1183 4883 1238 4948 sita
1260 4886 1322 4947 iam

574 4985 689 5056 sponte
711 4979 870 5052 incensos,
895 4980 947 5041 rel
969 4986 1137 5058 corruptos
1164 4980 1319 5052 moribus,

575 5078 629 5133 aut
650 5072 755 5150 inopia
776 5073 906 5134 alllictos
929 5073 1019 5134 nullo
1043 5073 1110 5134 lere
1132 5075 1263 5150 negotio
1285 5064 1335 5135 ad¹

524 5155 530 5168 '
575 5183 694 5228 nomen
723 5165 864 5228 societati
893 5167 1032 5228 dandum
1062 5168 1114 5229 uel
1143 5169 1256 5230 saltem
1285 5168 1323 5230 ad

574 5277 664 5324 suam
687 5277 816 5339 operam
839 5262 942 5340 pretio
964 5259 1011 5322 illi
1032 5261 1233 5324 vendendam
1257 5262 1323 5324 alli-

574 5355 667 5418 ciant.
692 5356 737 5416 Eo
760 5355 859 5433 igitar
876 5372 967 5418 curas
989 5371 1061 5417 suas
1077 5363 1320 5429 corruenterunt,

573 5457 609 5511 ut
641 5449 759 5511 horum
788 5450 934 5512 manibus
963 5450 1107 5526 undique
1135 5451 1322 5526 conquisitis

575 5543 720 5619 vulgaria
742 5551 956 5621 corruptaque
972 5543 1071 5604 Biblia
1088 5543 1150 5604 huc
1165 5543 1323 5605 atlvehan·

574 5643 637 5698 tur·
651 5643 683 5698 et
704 5638 736 5698 in
759 5654 872 5699 manus
901 5637 1046 5699 bdelium
1073 5636 1253 5699 clanculam
1276 5638 1322 5699 in-

575 5737 746 5807 gerantur:
775 5732 919 5810 itemque
940 5739 977 5794 ut
1006 5729 1239 5795 distribuantur
1260 5749 1323 5793 una

575 5825 672 5886 simul
684 5826 815 5903 pessimi
827 5826 880 5887 alii
892 5825 977 5900 libri,
991 5825 1170 5903 libellique,
1184 5826 1222 5888 ad
1234 5842 1324 5887 men-

574 5923 641 5982 tem
670 5917 849 5997 legentium
879 5920 917 5982 ab
939 5920 1098 5984 Ecclesiae
1127 5919 1324 5997 sanctaeque

1091 550 1156 596 tttlt.
1180 549 1272 595 ΡΟΝΤ.
1290 507 1337 594 'ott
1358 549 1388 594 P.
1412 549 1442 594 F.
1467 550 1550 595 Pstis
1571 549 1594 594 l.

1373 667 1468 728 huius
1492 668 1581 731 Sedis
1605 669 1761 746 obsequio
1786 668 2046 736 abalienandam,
2070 665 2127 728 lta-

1373 761 1479 822 lorum
1503 763 1694 824 corumdem
1717 779 1777 842 ope
1806 761 1993 840 compositi,
2020 765 2076 820 aut
2096 759 2129 820 in

1373 854 1511 931 patrium
1524 871 1710 916 sermonem
1724 855 1868 916 translati
1880 871 1921 916 ex
1936 855 2007 915 aliis
2023 858 2129 914 aucto-

1373 947 1480 1022 ribus3
1504 949 1590 1010 inter
1612 964 1692 1025 quos
1715 947 1892 1012 Historiam
1921 947 2129 1028 rescribatis-

1373 1043 1424 1102 na's
1439 1059 1455 1103 a
1472 1041 1570 1104 llerle
1593 1043 1772 1120 d’Aubigne
1789 1043 2001 1122 conscriptam
2017 1047 2051 1102 et
2069 1040 2130 1103 Μι-

1372 1133 1544 1199 morabilia
1565 1137 1902 1216 superreformatioac
1925 1135 2014 1216 apud
2030 1132 2130 1196 italos

1373 1229 1498 1292 loannis
1526 1231 1597 1293 Gric
1626 1232 1796 1309 praecipue
1824 1231 2007 1308 designant.
2037 1229 2130 1292 Gete-

1373 1341 1446 1386 rum
1470 1326 1509 1386 de
1525 1332 1592 1386 toto
1609 1325 1669 1387 hoc
1691 1325 1850 1387 librorum
1873 1341 2008 1402 genere,
2034 1323 2130 1401 quale

1374 1418 1519 1480 laturum
1533 1419 1638 1480 situel
1652 1435 1691 1480 eit
1704 1435 1742 1480 eo
1754 1419 1893 1495 intelligi
1906 1425 2026 1497 potest,
2042 1419 2130 1494 quod

1373 1513 1531 1574 societatis
1544 1517 1663 1573 statuto
1679 1513 1912 1590 praescriptum
1925 1511 2034 1572 lertur
2047 1511 2131 1573 circa

1373 1606 1551 1682 peculiares
1583 1607 1740 1669 sodalium
1770 1606 1985 1683 quorumdam
2016 1611 2130 1666 coetus

1373 1699 1529 1761 librorum
1555 1700 1694 1762 delectui
1720 1700 1905 1770 destinatos,
1922 1699 2081 1760 videlicet
2094 1707 2131 1761 ut

1374 1809 1551 1870 numquam
1574 1793 1606 1854 in
1629 1793 1686 1855 hos
1709 1810 1749 1854 ne
1777 1793 1840 1854 duo
1866 1794 1999 1870 quidem
2029 1792 2130 1854 unius

1374 1887 1519 1948 eiusdem
1534 1888 1705 1964 religiosae
1721 1894 1825 1950 sectae
1840 1887 1901 1947 viri
1917 1886 2128 1948 conueniant.

1414 1979 1502 2056 §th
1527 1981 1609 2042 llaec
1633 1988 1670 2043 ut
1701 1981 1842 2059 primum
1872 1981 1970 2042 relata
2000 1980 2040 2042 ad
2071 1996 2130 2040 nos

1373 2080 1460 2146 sunt,
1485 2091 1550 2135 non
1572 2075 1736 2153 potuimus
1753 2075 1903 2152 equidem
1926 2091 1992 2136 non
2009 2073 2131 2136 contri-

1374 2169 1451 2230 stari
1473 2169 1615 2246 graviter
1637 2169 1669 2230 in
1692 2169 1947 2232 consideratione
1976 2167 2129 2246 periculi,

1375 2263 1461 2338 quod
1484 2263 1604 2324 nedum
1633 2279 1691 2342 per
1713 2270 1837 2324 remota
1862 2263 1899 2324 ab
1924 2261 2017 2324 llrbe
2048 2261 2128 2334 loca,

1374 2357 1430 2417 sed
1453 2371 1553 2434 prope
1575 2357 1680 2434 ipsum
1704 2357 1876 2418 catholicae
1898 2355 2033 2417 unitatis
2056 2371 2131 2416 cen-

1376 2455 1473 2520 trum,
1488 2450 1699 2511 incolumitati
1722 2450 1889 2526 religionis
1911 2448 2130 2510 sanctissimae

1374 2562 1390 2604 a
1417 2544 1558 2606 sectariis
1588 2545 1690 2622 parari
1718 2545 1941 2620 cognovimus.
1974 2542 2131 2616 Quamvis

1375 2638 1462 2699 enim
1491 2638 1673 2699 timendum
1702 2637 1836 2698 minime
1862 2639 1903 2698 sit
1932 2652 1971 2697 ne
2003 2637 2132 2698 deficiat

1374 2747 1528 2807 umquam
1552 2731 1638 2792 Petri
1661 2730 1771 2802 Sedes,
1788 2731 1821 2792 iu
1844 2747 1905 2808 qua
1927 2731 2131 2808 inexpugna-

1376 2824 1439 2885 bile
1452 2823 1610 2886 Ecclesiae
1623 2841 1698 2886 suae
1710 2823 1957 2887 fundamentum
1969 2843 1986 2885 a
1998 2824 2131 2886 Christo

1375 2918 1512 2979 Domino
1534 2918 1674 2996 positum
1690 2925 1748 2990 est,
1767 2919 1916 2980 nonideo
1937 2925 2049 2980 tamen
2066 2933 2131 2980 ces-

1376 3027 1446 3072 sare
1469 3027 1526 3072 nas
1543 3012 1617 3074 licet
1632 3013 1669 3074 ab
1684 3011 1769 3073 illius
1792 3013 1979 3074 auctoritate
1995 3012 2128 3087 tuenda3

1377 3109 1409 3165 et
1424 3105 1492 3182 ipso
1508 3105 1641 3183 insuper
1653 3106 1797 3183 supremi
1813 3106 2007 3184 apostolatus
2026 3105 2130 3168 officio

1376 3199 1589 3260 admonemur
1611 3199 1834 3260 severissimae
1858 3199 2005 3270 rationis,
2032 3213 2130 3276 quam

1377 3299 1524 3370 reposcet
1545 3309 1561 3353 ι
1583 3293 1674 3354 nobis
1697 3293 1824 3355 divinus
1849 3293 2017 3355 Pastorum
2041 3293 2131 3354 Prin-

1377 3402 1450 3463 ceps
1473 3386 1512 3448 ob
1535 3387 1767 3448 succrescentia
1789 3386 2011 3461 inDominicc
2041 3385 2130 3463 Agra

1377 3479 1507 3551 zizania,
1532 3479 1558 3540 si
1580 3495 1661 3556 quae
1677 3480 1713 3540 ab
1730 3479 1860 3540 inimico
1882 3479 2016 3541 homine
2037 3479 2131 3540 nobis

1377 3571 1876 3650 dormientibussuperseminata
1889 3572 2130 3650 luerint,atque

1378 3665 1417 3726 ob
1433 3667 1627 3728 creditarum
1642 3667 1751 3729 ovium
1767 3667 1958 3744 sanguinem
1974 3681 2058 3743 quae
2075 3684 2130 3727 no-

1377 3765 1442 3820 stra
1464 3761 1538 3822 hinc
1559 3761 1651 3838 culpa
1672 3761 1839 3838 perierint,

1417 3857 1435 3929 ᾗ
1459 3853 1506 3914 ll.
1530 3853 1639 3930 ltaque
1668 3853 1833 3914 nonnullis
1857 3853 1887 3915 S.
1906 3854 1941 3916 ll.
1959 3854 1995 3914 Ε.
2021 3853 2130 3917 Cardi-

1378 3947 1502 4010 natibus
1524 3947 1557 4008 in
1579 3947 1749 4009 consilium
1773 3947 1932 4018 adhibitis,
1950 3965 1984 4010 ac
2000 3955 2067 4010 tota
2082 3948 2130 4008 rei

1378 4059 1468 4103 causa
1498 4041 1639 4118 graviter
1669 4047 1859 4118 matureque
1889 4057 2064 4120 perpensa,
2089 4057 2129 4103 eit

1378 4151 1492 4196 eorum
1525 4149 1654 4212 quaque
1684 4135 1842 4196 sententia
1875 4135 2128 4197 deliberavimus

1377 4230 1458 4290 hanc
1480 4229 1517 4290 ad
1532 4243 1589 4290 uos
1607 4244 1718 4290 omnes
1735 4229 1809 4290 dare
1826 4227 2011 4306 Epistolam,
2027 4245 2126 4291 venn.

1379 4322 1503 4394 iratres
1528 4338 1588 4398 qua
1610 4329 1641 4384 et
1661 4329 1788 4384 cunctas
1811 4323 2005 4400 supradictas
2029 4323 2129 4384 socie-

1377 4423 1458 4478 tates
1481 4416 1610 4478 biblicas
1633 4416 1755 4478 dudum
1777 4433 1793 4478 a
1814 4417 1933 4478 nostris
1953 4416 2129 4479 decessori-

1379 4510 1437 4572 bus
1460 4509 1643 4588 reprobatas
1666 4509 1837 4588 apostolica
1856 4527 1969 4571 rursus
1992 4510 2128 4572 auctori-

1378 4609 1442 4666 tate
1464 4604 1734 4680 condemnamus
1759 4611 1791 4665 et
1812 4604 1915 4665 nostri
1935 4605 2056 4682 pariter
2078 4621 2128 4665 su-

1379 4695 1483 4775 premi
1502 4697 1695 4776 apostolatus
1711 4698 1828 4761 iudicio
1846 4699 2057 4776 reprobamus
2074 4714 2128 4760 no-

1379 4791 1525 4853 minatim
1538 4798 1570 4853 et
1581 4792 1833 4854 condemnamus
1849 4799 2060 4854 memoratam
2073 4809 2127 4854 no-

1378 4901 1451 4947 vam
1481 4887 1666 4948 societatem
1699 4885 1878 4948 Christiani
1906 4886 2055 4948 Foederis
2077 4903 2126 4946 su-

1379 4981 1507 5058 periore
1530 4997 1612 5042 anno
1628 4980 1851 5043 Neo-Eboraci
1874 4981 2080 5043 constitutam
2096 4985 2127 5041 et

1378 5073 1437 5136 alia
1460 5074 1604 5136 eiusdem
1622 5075 1750 5151 generis
1766 5074 1911 5136 sodalitia
1927 5074 1954 5135 si
1969 5089 2051 5151 quae
2066 5073 2125 5135 iam

1379 5169 1409 5228 ei
1431 5168 1623 5230 accesserint
1644 5173 1698 5229 aut
1719 5168 1752 5229 in
1774 5174 1942 5246 posterum
1963 5169 2123 5230 accedent.

1379 5261 1458 5324 llinc
1470 5267 1582 5323 notum
1596 5261 1746 5324 omnibus
1758 5262 1809 5332 sit,
1824 5261 2006 5338 gravissimi
2021 5275 2124 5324 coram

1380 5355 1444 5416 lieo
1467 5361 1499 5416 et
1520 5355 1659 5417 Ecclesia
1689 5355 1832 5417 criminis
1862 5370 1935 5416 reos
1964 5355 2033 5417 lore
2055 5355 2124 5416 illos

1380 5464 1503 5520 amaea,
1528 5449 1583 5526 qui
1605 5449 1696 5511 alicui
1727 5450 1914 5512 earumdem
1938 5449 2122 5512 societatum

1380 5543 1455 5604 dare
1477 5559 1614 5616 nomen,
1639 5549 1692 5605 aut
1714 5559 1844 5621 operam
1872 5559 1960 5604 suam
1988 5557 2124 5604 commo-

1380 5636 1454 5698 dare
1481 5653 1538 5698 seu
1567 5637 1870 5713 quomodocumque
1903 5636 2011 5698 lavere
2040 5651 2124 5714 prae-

1380 5731 1587 5808 sumpserint.
1612 5731 1848 5794 Gonfirmamus
1874 5729 2007 5808 insuper
2029 5736 2061 5792 et
2080 5731 2124 5790 in·

1380 5839 1535 5886 navamus
1556 5825 1743 5888 auctoritate
1758 5823 1928 5903 apostolica
1950 5839 2048 5903 super
2063 5838 2124 5886 me·

1380 5923 1518 5980 moratas
1534 5919 1800 5998 praescriptiones
1822 5919 1940 5982 iamdiu
1963 5919 2063 5982 editas
2077 5934 2123 5980 su-

2154 532 2202 584 An.
2216 537 2241 586 (i.
2260 542 2308 597 titt
