4770 6982
94 561 142 613 an.
156 543 192 612 e.¹
209 561 274 614 roae

916 573 1091 622 annuonlbs
1114 575 1164 621 ΡΡ.
1189 573 1254 623 xvi

309 690 400 757 leon.
412 683 565 760 iratribus
581 693 716 761 samueli
740 694 828 760 decb.
845 691 1057 760 Battimorensi

501 792 533 854 at
554 788 620 854 eius
643 787 864 872 suffraganeis,

481 933 700 1002 GREGORlUS
724 935 784 1002 ΡΡ.
810 935 882 1002 xvi.

511 1071 709 1142 Venerabites
732 1074 859 1153 iratres,

343 1167 471 1234 salutern
495 1173 526 1234 et
552 1168 749 1251 apostolicam
772 1168 1022 1236 benedictionem.

349 1359 367 1432 ἓ
390 1357 417 1418 l.
440 1357 642 1420 Gratissimae
662 1359 753 1421 nobis
776 1360 910 1424 fuerunt
929 1367 1056 1424 vestrae

309 1451 446 1524 litterae,
463 1453 596 1514 vixdum
619 1453 732 1529 quinto
754 1453 942 1532 provinciali
963 1454 1058 1516 Balti-

309 1545 453 1606 morensi
475 1544 617 1607 Concilio
630 1563 645 1606 a
660 1545 751 1608 vobis
774 1562 887 1609 mense
908 1547 992 1609 maio
1008 1565 1057 1610 ce-

309 1638 442 1708 lebrato,
460 1639 497 1700 ad
521 1655 578 1700 nos
600 1639 700 1712 datae,
719 1639 836 1716 quibus
858 1641 1056 1718 singularem

309 1748 343 1792 ao
364 1739 563 1810 perspectam
579 1740 718 1795 vestram
740 1735 774 1796 in
793 1751 851 1798 nos
866 1741 961 1812 etque
976 1736 1057 1798 banc

309 1825 395 1888 Petri
417 1827 609 1900 cathedram,
638 1827 810 1890 catholicae
831 1829 962 1891 unitatis
985 1846 1057 1892 cen-

309 1927 407 1992 trum,
431 1921 674 1982 venerationem
698 1927 793 1998 atque
820 1923 1056 1986 observantiam

254 2034 256 2039 ·
309 2013 513 2090 amplissimis
525 2014 632 2076 verbis
648 2031 710 2076 una
723 2031 835 2077 omnes
850 2016 969 2078 iterum
984 2034 1057 2096 pro-

309 2106 394 2168 fiteri
417 2107 610 2183 gloriamini,
634 2115 729 2185 atque
751 2109 896 2172 eiusdem
923 2109 1057 2174 Consilii

310 2205 375 2260 acta
406 2199 503 2261 buius
532 2199 730 2278 spostolicae
759 2201 849 2265 Sedis
879 2205 996 2266 iudicio
1026 2211 1058 2267 et

309 2292 488 2354 auctoritati
509 2293 732 2368 subiicientes,
757 2313 773 2356 a
795 2297 886 2358 nobis
908 2297 1057 2375 efflagita-

311 2385 349 2446 tis
372 2390 408 2446 ut
429 2385 556 2447 decreta
577 2385 610 2447 in
631 2386 700 2464 ipso
723 2389 856 2450 concilio
879 2389 962 2451 edita
984 2407 1057 2452 con-

310 2479 440 2540 firmare
461 2479 612 2542 velimus.
636 2479 681 2541 lle
703 2480 819 2558 quibus
842 2481 974 2560 quidem
1004 2484 1057 2545 de-

310 2571 406 2634 cretis
429 2574 749 2650 opportunumvobis
770 2591 963 2654 responsum
986 2577 1056 2638 red-

223 2695 226 2700 *
310 2665 1055 2746 detnostrapropagandaerideicongregatio,

310 2758 361 2820 cui
373 2759 518 2822 eiusdem
531 2759 656 2823 concilii
671 2769 737 2824 acta
752 2763 960 2826 examinanda
972 2781 1057 2825 com-

310 2857 468 2919 misimus.

348 2954 367 3028 ἓ
388 2953 417 3014 2.
442 2951 584 3013 Summis
605 2967 685 3013 vero
700 2953 889 3030 meritisque
910 2955 1057 3017 laudibus

310 3046 521 3125 episcopalem
544 3051 691 3107 vestrum
705 3047 850 3109 omnium
872 3047 1058 3111 sollicitudi-

310 3156 385 3201 nem
408 3139 653 3219 prosequimur,
678 3141 763 3217 quod
791 3142 936 3203 muneris
957 3143 1058 3204 vestri

310 3240 415 3312 partes
431 3233 544 3295 sedulo
560 3233 728 3305 obeuntes
743 3249 786 3294 eu
795 3250 953 3296 canonum
969 3251 1058 3314 prae-

310 3328 428 3406 scripto
451 3343 564 3388 rursus
578 3327 612 3388 in
627 3342 729 3388 unum
752 3329 958 3402 convenistis,
976 3339 1012 3392 ut
1026 3331 1058 3392 in

311 3421 442 3483 nomine
465 3420 602 3499 Spiritus
629 3420 735 3483 Sancti
757 3421 854 3484 simul
883 3424 1056 3496 coniuncti,

311 3514 568 3576 concordissimis
589 3515 703 3576 animis
716 3531 750 3577 ea
765 3515 970 3594 susciperetis
986 3535 1059 3580 con·

310 3610 390 3681 silia,
414 3624 496 3686 quae
518 3609 631 3670 maiori
653 3609 848 3671 dioecesium
875 3617 1058 3674 vestrarum

311 3703 396 3765 bono
410 3705 506 3780 atque
524 3703 704 3764 animarum
723 3703 816 3766 saluti
828 3705 1056 3769 conducerent.

311 3797 476 3866 Exultavit
489 3805 597 3860 autem
612 3798 828 3861 vehementer
843 3815 898 3862 cor
910 3809 1057 3864 nostrum

310 3891 343 3953 in
365 3893 519 3964 Domino,
544 3908 616 3955 cum
639 3909 679 3954 er
700 3893 776 3970 ipsis
797 3893 914 3955 vestris
943 3895 1059 3958 litteris

311 3987 500 4047 noverimus
522 3986 555 4048 in
576 3985 645 4047 istis
660 3985 849 4048 vastissimis
871 3989 1059 4066 regionibus

310 4087 438 4142 vestrae
460 4097 555 4143 curae
577 4097 611 4142 ac
633 4079 704 4140 zelo
726 4081 928 4154 concreditis,
953 4081 1059 4144 divina

311 4175 492 4253 adspirante
514 4173 625 4251 gratia,
650 4174 810 4250 evangelii
833 4174 938 4236 lucem
961 4175 1059 4254 longe

311 4267 440 4345 lateque
461 4269 494 4329 in
517 4268 583 4329 dies
607 4267 752 4340 dillundi,
777 4269 964 4331 catholicam
985 4271 1059 4332 reli-

313 4359 443 4436 gionem
468 4360 634 4438 protendi,
658 4361 794 4438 poplrlos
822 4359 940 4424 Christi
962 4363 1059 4425 fidem

312 4452 477 4531 amplecti,
501 4452 668 4514 silvestres
699 4467 829 4530 quoque
858 4453 1006 4516 nomines
1029 4462 1060 4517 et

312 4545 429 4625 Nigros
460 4547 494 4608 in
526 4547 626 4626 plagis
658 4545 782 4609 Africae
811 4547 1059 4610 occidentalibus

313 4641 546 4719 evangelizari,
570 4657 657 4704 sacra
678 4641 798 4720 templa
819 4641 852 4703 in
874 4642 932 4704 Ilei
959 4643 1059 4705 bono-

312 4751 382 4796 rem
405 4735 540 4808 exstrui,
564 4735 629 4814 pias
650 4735 870 4798 institutiones
900 4753 1057 4810 crescere,

311 4829 492 4891 sacerdotes
515 4830 638 4908 augeri,
656 4829 900 4892 ecclesiasticam
922 4830 1060 4910 discipli·

312 4939 386 4985 nam
408 4923 532 5000 vigere,
556 4940 591 4986 ac
611 4924 723 4986 fideles
753 4923 888 5002 pastoris
910 4925 960 4986 sui
988 4925 1059 4987 voci

312 5017 418 5080 faciles
450 5033 543 5080 aures
572 5018 743 5096 praebere,
775 5017 910 5095 eiusque
939 5019 1060 5082 monita

313 5112 505 5191 perficienda
527 5127 650 5174 curare.

352 5207 371 5282 ἓ
391 5205 420 5268 3.
444 5205 564 5283 ltaque,
581 5221 655 5268 ven.
673 5206 799 5280 fratres,
814 5208 891 5270 dum
906 5207 1060 5270 maximas

313 5299 378 5362 Deo
401 5300 498 5362 totius
527 5301 753 5363 consolationis
780 5301 896 5378 gratias
921 5303 1057 5380 agimus

313 5394 367 5472 qui
382 5409 480 5473 super
493 5394 566 5456 istas
580 5401 691 5472 gentes
704 5389 957 5457 misericordiam
969 5413 1059 5457 suam

313 5487 480 5550 effundere
502 5487 668 5566 dignatur,
694 5487 783 5550 vobis
806 5503 936 5566 quoque
962 5490 1060 5552 vehe-

313 5588 441 5644 menter
464 5581 674 5660 gratulamur,
692 5581 746 5660 qui
762 5582 912 5660 pastorali
927 5583 998 5645 zelo
1013 5583 1060 5645 in-

313 5677 410 5750 censi,
434 5675 532 5738 nullis
561 5691 668 5753 neque
691 5676 792 5750 euris,
816 5691 922 5754 neque
944 5677 1060 5739 labori-

312 5769 383 5843 bus,
396 5785 503 5848 neque
516 5769 668 5842 consiliis,
679 5768 770 5832 vobis
783 5771 978 5849 parcendum
991 5787 1060 5834 esse

313 5865 514 5942 cognoscitis,
537 5871 573 5927 ut
598 5866 637 5928 de
659 5863 820 5927 Catholica
841 5863 992 5939 Ecclesia,
1021 5866 1060 5928 de

312 5957 370 6020 hac
391 5955 572 6040 Apostolica
594 5957 687 6034 Sede,
701 5965 797 6037 atque
818 5958 998 6022 animarum
1014 5975 1060 6022 sa·

417 6104 1012 6166 Memmdsswpffioepmblwlb

1115 694 1182 757 lute
1195 696 1315 774 optime
1331 697 1451 758 mereri
1466 695 1610 776 possitis:
1636 699 1731 773 atque
1742 695 1776 758 in
1792 711 1862 758 earn

1114 789 1258 866 profecto
1270 805 1359 869 spem
1378 790 1536 868 erigimur
1552 789 1621 852 fore
1635 795 1681 862 ut,
1698 789 1764 852 lleo
1780 803 1863 851 sem-

1115 897 1172 960 per
1200 884 1388 958 auxiliante,
1419 883 1572 947 catholica
1601 882 1717 960 religio
1739 881 1862 944 inistis

1113 977 1303 1053 regionibus
1324 978 1494 1040 altissimas
1509 978 1543 1040 in
1558 978 1626 1040 dies
1642 983 1713 1054 agat
1727 976 1860 1048 radices,

1114 1087 1148 1132 ac
1169 1086 1324 1150 prospere
1339 1072 1542 1150 feliciterque
1557 1072 1675 1148 vigeat,
1699 1071 1812 1134 floreat
1832 1076 1864 1134 et

1113 1165 1259 1227 fidelium
1281 1181 1438 1228 numerus
1461 1167 1503 1228 ita
1518 1172 1684 1244 augeatur,
1698 1171 1734 1228 ut
1749 1181 1863 1228 omnes

1113 1274 1273 1339 supernae
1288 1261 1432 1323 veritatis
1448 1260 1573 1322 lumine
1588 1259 1749 1332 illustrati,
1767 1265 1863 1336 atque

1114 1353 1247 1416 enutriti
1268 1353 1377 1416 verbis
1389 1355 1475 1426 fidei,
1491 1353 1640 1415 incedant
1661 1368 1719 1430 per
1734 1353 1863 1414 semitas

1113 1446 1252 1519 Domini,
1276 1453 1372 1524 atque
1394 1446 1561 1508 ambulent
1581 1445 1755 1508 ianristo
1777 1445 1861 1508 lesu.

1113 1540 1176 1602 Nos
1203 1541 1334 1618 quidem
1367 1557 1432 1602 non
1461 1555 1622 1602 cessamus
1651 1539 1684 1601 in
1714 1539 1863 1601 omnibus

1115 1635 1313 1697 orationibus
1345 1635 1463 1697 nostris
1496 1634 1711 1697 fraternitates
1739 1639 1863 1696 vestras

1114 1734 1146 1790 et
1166 1728 1355 1790 commissos
1376 1728 1467 1790 vobis
1483 1743 1599 1806 greges
1614 1728 1680 1789 Deo
1696 1727 1865 1811 humiliter

1114 1824 1358 1896 commendare,
1383 1823 1465 1884 nibil
1494 1823 1678 1884 dubitantes
1706 1821 1785 1900 quin
1806 1835 1864 1882 vos

1114 1931 1242 2003 quoque
1264 1917 1333 1979 sine
1350 1917 1592 1979 intermissione
1610 1915 1718 1996 ipsum
1733 1915 1864 1978 misera-

1114 2009 1238 2073 tionum
1260 2012 1432 2073 Dominum
1455 2027 1547 2074 orare
1577 2017 1672 2088 atque
1695 2010 1864 2072 obsecrare

1112 2103 1229 2176 velitis,
1253 2111 1289 2179 ut
1310 2105 1530 2166 infirmitatem
1553 2111 1706 2176 nostram,
1729 2101 1865 2182 asperri-

1113 2196 1173 2256 mis
1193 2197 1280 2258 bisce
1301 2196 1514 2275 temporibus,
1539 2197 1685 2258 omnium
1711 2195 1865 2258 Ecclesia·

1113 2306 1186 2351 rnm
1199 2291 1402 2354 solicitudine
1415 2290 1614 2353 laborantem
1627 2291 1758 2352 adiuvet
1769 2296 1864 2366 atque

1113 2385 1294 2458 confirmet,
1321 2392 1475 2462 actusque
1497 2391 1625 2447 nostros
1648 2385 1685 2446 ad
1708 2383 1863 2445 maiorem

1113 2479 1162 2540 sui
1185 2480 1325 2541 numinis
1355 2479 1508 2556 gloriam,
1533 2485 1565 2543 et
1589 2479 1689 2542 totius
1717 2477 1864 2541 catholici

1114 2573 1199 2634 orbis
1221 2573 1393 2636 utilitatem
1415 2573 1542 2650 dirigat.

1152 2667 1171 2742 ἓ
1186 2666 1215 2728 l.
1230 2665 1362 2729 Interim
1374 2683 1454 2728 vero
1468 2667 1720 2730 studiosissimae
1735 2674 1864 2729 nostrae

1114 2777 1191 2838 erga
1211 2777 1269 2823 vos
1291 2762 1428 2824 caritatis
1451 2762 1568 2840 pignus
1587 2762 1718 2841 accipite
1739 2767 1864 2840 aposto-

1114 2855 1205 2916 licam
1218 2855 1489 2929 benedictionem,
1504 2873 1599 2934 quam
1617 2873 1657 2919 en
1669 2857 1783 2919 intimo
1795 2873 1864 2919 cor-

1115 2951 1154 3011 de
1186 2950 1409 3028 depromptam
1439 2951 1555 3028 cuique
1586 2957 1733 3013 vestrum
1768 2955 1865 3028 atque

1115 3043 1265 3105 omnibus
1287 3044 1421 3106 istarum
1445 3045 1652 3106 eeclesiarum
1669 3043 1792 3106 clericis
1809 3043 1865 3105 lai-

1115 3136 1224 3214 cisque
1246 3137 1396 3200 fidelibus
1418 3143 1622 3216 peramanter
1642 3138 1862 3216 impertimur.

1154 3231 1268 3293 Datum
1290 3231 1408 3293 Romae
1430 3233 1513 3310 apud
1536 3231 1567 3294 S.
1585 3231 1717 3293 Petrum
1735 3231 1795 3293 sub
1811 3248 1863 3293 an·

1114 3325 1192 3386 nulo
1213 3325 1324 3388 Piscat.
1349 3326 1399 3387 die
1423 3343 1458 3386 n.
1480 3325 1624 3387 decemb.
1649 3341 1863 3398 nnuecxurn„

1114 3418 1315 3496 pontificatus
1337 3419 1436 3481 nostri
1460 3435 1543 3480 anno
1566 3435 1636 3480 xnr.

1380 3700 1597 3764 cdxxxviii,

1114 3885 1359 3952 Disnventbrott'o
1382 3889 1542 3952 territorii
1557 3907 1577 3952 c
1592 3889 1725 3952 dioecesi
1745 3888 1864 3953 flosco-

1155 3982 1235 4044 tensi
1256 3999 1328 4044 cum
1350 3983 1507 4046 erectione
1526 4000 1627 4046 novere
1648 3983 1730 4045 sedis
1750 3983 1864 4064 episco-

1152 4075 1237 4156 patis
1260 4075 1296 4138 de
1320 4075 1399 4140 Vero
1424 4075 1534 4140 Graece.

1255 4259 1478 4330 enecantes
1502 4260 1742 4329 episcopus·

1303 4422 1420 4492 Servus
1443 4441 1599 4493 servorum
1624 4424 1678 4491 llei

1235 4545 1271 4611 ad
1298 4551 1470 4630 perpetuam
1499 4545 1541 4613 rei
1565 4548 1744 4614 memoriam.

1155 4735 1245 4810 Quod
1267 4737 1344 4798 olim
1366 4737 1525 4816 Propbeta
1540 4737 1730 4815 gravissime
1744 4737 1865 4802 lamen-

1116 4829 1252 4904 tabatur,
1270 4831 1431 4910 parvulos,
1449 4831 1580 4904 scilicet,
1598 4832 1727 4910 petiisse
1749 4849 1864 4911 panem

1115 4941 1332 5002 necunquam
1349 4923 1458 4997 fuisse,
1478 4926 1533 5003 qui
1549 4925 1671 4988 eisdem
1687 4926 1863 5004 frangeret,

1115 5019 1147 5082 id
1170 5019 1300 5096 quidem
1329 5019 1569 5098 nobismetipsis
1590 5018 1624 5081 in
1651 5019 1783 5082 sublimi
1810 5021 1866 5082 Pe-

1116 5113 1157 5174 tri
1179 5112 1347 5186 Gatbedra,
1371 5112 1497 5174 meritis
1519 5113 1594 5175 licet
1615 5113 1803 5192 imparibus,
1821 5115 1865 5177 di-

1115 5207 1209 5270 vinae
1218 5207 1439 5287 providentiae
1451 5207 1585 5270 consilio
1598 5207 1769 5282 collocatis,
1780 5209 1865 5272 haud

1115 5300 1343 5379 infrequenter
1378 5301 1571 5380 plorandum
1602 5301 1701 5363 venit.
1738 5301 1866 5364 Scilicet

1116 5395 1313 5457 dioecesium
1342 5394 1506 5456 territoria
1527 5400 1590 5455 tarn
1617 5395 1715 5472 longe
1737 5394 1865 5473 lateque

1115 5489 1280 5552 interdum
1312 5494 1432 5568 patent,
1462 5493 1499 5550 ut
1527 5504 1611 5550 unus
1641 5490 1865 5553 tantummodo

1116 5584 1236 5656 Pastor,
1260 5584 1396 5661 singulis
1420 5583 1533 5645 ovibus
1555 5599 1632 5645 suae
1652 5583 1728 5646 fidei
1742 5583 1865 5647 traditis

1116 5677 1358 5755 cognoscendis,
1383 5692 1499 5755 easque
1526 5677 1563 5738 ad
1585 5684 1733 5740 aeternae
1755 5678 1866 5740 salutis

1116 5788 1240 5850 pascua,
1269 5771 1487 5850 quamtumvis
1513 5771 1628 5833 sollers
1656 5777 1688 5833 et
1713 5771 1863 5850 impiger,

1116 5865 1320 5927 traducendis
1342 5863 1474 5928 omnino
1496 5864 1538 5926 sit
1558 5863 1671 5943 impar.
1699 5864 1764 5927 lam
1786 5880 1866 5928 vero

1116 5963 1267 6038 paternae
1286 5959 1422 6022 caritatis
1437 5959 1551 6022 ardore
1574 5957 1742 6039 compulsi,
1759 5959 1867 6023 statim

1734 6111 1758 6154 ss

1784 555 1840 621 tal
1893 555 1990 608 ano.
2013 553 2081 610 rara

1911 4754 2081 4798 mmmmm
