4770 6982
903 547 1080 596 annuentes
1101 549 1152 596 1²1³.
1176 547 1241 596 XVI.

299 660 474 725 Russornm
488 666 716 730 communione
739 683 853 746 perges
875 667 950 730 dare
973 684 1046 747 ope-

299 770 378 827 ram,
402 763 439 820 ut
461 773 536 820 oves
556 766 628 822 tuae
651 760 778 838 penitus
800 759 993 838 intelligant,
1011 761 1046 822 il-

300 849 346 910 los
368 867 434 912 non
455 851 533 914 alios
556 853 674 938 habene
690 860 834 918 auctores
857 871 932 916 suae
954 871 970 916 a
992 873 1047 918 no-

299 943 346 1004 bis
358 945 529 1018 scissionis,
541 948 602 1010 nisi
615 948 801 1012 llichaelem
811 947 1044 1022 Cocceianum,

299 1037 442 1115 aliosque
463 1040 530 1102 sive
553 1041 715 1104 undecimi
737 1042 894 1104 adhristo
916 1041 1044 1114 saeculi,

298 1133 367 1194 sive
389 1135 579 1196 recentioris
602 1136 704 1198 adhuc
730 1136 838 1198 aetatis
860 1135 1048 1214 superbissi-

300 1243 370 1288 mos
392 1227 559 1302 homines,
584 1230 638 1306 qui
660 1230 848 1292 rebellionis
874 1229 965 1306 signa
987 1229 1047 1290 eri·

300 1336 378 1398 gere
392 1322 460 1382 ausi
475 1329 551 1384 sunt
565 1323 674 1386 contra
691 1323 850 1386 Ecclesiae
866 1322 1047 1386 Catholicae

300 1415 478 1477 doctrinam
494 1416 762 1479 etauctoritatem
785 1417 883 1478 totius
906 1416 981 1479 licet
994 1432 1049 1478 ve-

299 1509 424 1570 tustatis
439 1511 649 1574 consensione
665 1509 913 1588 comprobatam,
928 1511 1049 1588 quique

300 1617 397 1679 porro
419 1611 623 1666 evanuerunt
644 1604 722 1667 adeo
748 1605 780 1666 in
803 1603 1049 1681 cogitationibus

300 1695 376 1766 suis,
401 1697 490 1758 utin
513 1697 670 1774 liturgicis
693 1714 828 1760 suorum
855 1703 1049 1760 sectatorum

300 1787 389 1875 libris
412 1788 542 1850 intactas
568 1789 761 1867 reliquerint
787 1807 898 1870 preces
927 1790 1050 1852 laudes-

301 1897 364 1958 que
386 1883 471 1956 illas,
496 1883 613 1960 quibus
640 1901 802 1962 suprema,
827 1900 922 1962 quarn
948 1890 1050 1947 tanto-

301 1991 378 2054 pere
400 1977 548 2048 oderunt,
576 1977 736 2040 Ecclesiae
764 1977 923 2040 Romanae
945 1984 1051 2042 ancto-

301 2071 377 2132 ritas
400 2071 656 2134 luculentissime
677 2072 887 2150 praedicatur.

90 2167 280 2212 precationem
341 2163 409 2238 §7-
434 2163 557 2226 Verum
587 2171 624 2226 ut
648 2173 803 2242 augeatur
832 2165 865 2226 in
894 2165 1050 2229 Euthenis

50 2222 177 2272 suggerit
193 2221 227 2264 ad
241 2223 272 2266 1111

52 2276 201 2320 terrendam
217 2277 242 2318 lh
259 2277 272 2318 ll

52 2329 271 2374 rtoconstamtarn

84 3396 181 3439 Clarum
194 3394 224 3438 ad
237 3393 288 3449 pie·

78 3454 152 3492 tatem
162 3455 187 3492 et
196 3447 275 3492 11110111

83 3513 136 3545 raam
156 3503 275 3546 otlorman

82 3555 149 3600 dum.

275 2298 284 2308 ·
302 2256 450 2318 fidelibus
472 2257 602 2319 unitatis
618 2274 719 2330 arnor,
735 2259 900 2335 iidemque
922 2258 1050 2320 uberio-

277 2350 389 2412 ’ribus
411 2367 485 2412 eum
509 2351 652 2414 intinem
675 2352 801 2415 divinae
817 2351 936 2430 gratiae
958 2353 1051 2414 roho-

302 2451 417 2506 rentur
438 2445 574 2518 auxiliis,
593 2446 708 2508 docere
731 2447 815 2524 ipsos
837 2445 959 2507 iuvabit
980 2446 1050 2507 bre·

303 2553 377 2598 vem
398 2537 536 2615 aliquam
559 2539 749 2618 precationis
776 2539 965 2610 formulam,
990 2554 1052 2616 qua

303 2631 455 2711 saepiusa
470 2632 536 2694 lieo
551 2633 710 2711 supplices
726 2639 844 2711 petant,
861 2639 898 2696 ut
912 2649 969 2712 per
985 2633 1052 2694 eius

304 2725 556 2788 misericordiam
585 2726 674 2804 digni
702 2727 878 2788 habeantur
907 2726 1053 2804 profiteri

304 2825 487 2882 constanter
506 2835 616 2882 veram
632 2819 819 2882 catholicam
835 2819 943 2892 fidem,
957 2826 1052 2897 atque

304 2914 382 2975 adeo
410 2915 443 2976 in
475 2914 652 2976 necessaria
685 2913 816 2978 Sanctae
838 2915 934 2977 huius
962 2914 1053 2976 Sedis

304 3007 532 3070 communione
544 3008 682 3070 firmiter
694 3023 916 3086 perseverare.
933 3008 1053 3070 Harum

304 3117 383 3163 vero
399 3102 619 3180 precationum
636 3117 712 3162 usus
728 3109 760 3163 et
771 3102 875 3164 vicem
892 3101 1055 3180 supplebit

305 3195 469 3274 amplioris
490 3195 721 3264 instructionis,
735 3196 786 3258 cui
801 3197 949 3258 rudiores
966 3212 1054 3274 prae-

304 3291 417 3352 sertim
442 3290 512 3352 11101
534 3289 779 3368 haudquaquam
803 3290 911 3354 torent
934 3290 1052 3352 idonci.

346 3383 415 3460 §8-
439 3384 484 3446 De
506 3384 593 3446 clero
615 3399 690 3445 sane
711 3384 920 3461 satagendum
944 3389 1056 3456 estut

278 3523 288 3535 .
306 3479 368 3540 rite
385 3479 491 3540 onmia
503 3477 643 3550 noverit,
658 3477 799 3554 quae'sui
813 3477 957 3539 muneris
968 3485 1054 3554 sunt,

306 3590 366 3636 nec
379 3573 484 3634 desint
505 3571 538 3634 in
553 3571 755 3634 sacerdotum
777 3569 895 3634 Ordine
911 3570 972 3632 viri
988 3571 1056 3650 plu-

306 3684 359 3730 res
382 3667 419 3730 ad
447 3681 550 3728 sacras
580 3665 760 3744 disciplinas
789 3665 976 3742 diligentius
1003 3681 1056 3727 ex-

306 3761 396 3834 culti,
421 3761 476 3839 qui
498 3767 645 3840 potentes
673 3759 738 3822 sint
759 3759 921 3820 exhortari
948 3759 979 3821 in
1004 3759 1056 3822 do-

307 3855 407 3918 ctrina
429 3871 514 3926 sana,
538 3859 570 3915 et
592 3869 657 3925 cos,
682 3852 737 3930 qui
760 3853 991 3925 contradicunt,
1009 3869 1057 3913 ar-

308 3965 420 4026 guere.
445 3947 549 4024 Atque
565 3947 595 4010 id
612 3951 648 4008 ut
669 3945 778 4008 tuturo
799 3946 894 4007 ctiam
910 3952 1056 4026 tempore

307 4043 445 4106 feliciter
467 4041 685 4119 consequaris,
703 4057 831 4119 perges,
855 4045 891 4102 ut
912 4040 1057 4103 0011011-

309 4137 363 4208 cis
387 4142 518 4199 cunctos
540 4134 706 4214 pastoralis
729 4135 790 4196 zeli
814 4150 931 4196 nervos
954 4135 1057 4196 inten-

309 4229 396 4298 dere,
412 4245 476 4306 quo
493 4229 634 4292 minores
649 4227 757 4289 clerici
773 4233 841 4288 tum
857 4227 894 4288 ad
907 4227 1057 4305 pietatem

309 4323 508 4400 solidamque
530 4323 704 4394 virtutem,
728 4327 798 4382 turn
820 4321 858 4382 ad
880 4320 1057 4408 doctrinam

308 4417 527 4480 informentur
551 4415 682 4479 omnino
698 4414 896 4488 catholicam,
910 4420 1005 4492 atque
1020 4415 1058 4476 ab

311 4511 430 4572 erroris
463 4510 619 4586 cuiusque
651 4508 796 4587 periculo
828 4509 975 4571 alienam.
1012 4508 1059 4570 Eo

310 4603 405 4665 etiarn
417 4609 558 4686 spectat,
576 4609 612 4664 ut
626 4603 739 4676 maior,
757 4601 813 4679 qui
835 4601 905 4664 deri
927 4601 1056 4680 poterit,

309 4695 441 4759 illorum
464 4713 619 4758 numerus
641 4713 657 4757 a
679 4696 781 4775 prima
798 4701 900 4756 aetate
921 4693 971 4775 (ut
992 4694 1059 4756 Tri-

311 4791 440 4852 dentina
464 4789 617 4868 'Synodus
648 4788 693 4870 (l)
715 4789 840 4868 monet)
861 4789 894 4850 in
917 4787 1059 4851 Semina·

310 4883 396 4946 rium
409 4883 658 4946 ecclesiasticum
670 4883 876 4962 recipiantur,
891 4881 946 4944 ubi
959 4900 975 4944 a
987 4898 1059 4960 pro·

311 4976 479 5040 batissimis
501 4977 579 5038 viris
608 4977 722 5040 sedulo
749 4976 887 5039 instituti
914 4976 973 5038 snb
996 4976 1059 5038 tuis

312 5072 412 5134 oculis
424 5073 457 5134 in
469 5087 559 5150 spem
572 5071 729 5132 Ecclesiae
744 5077 955 5133 succrescant.
973 5067 1059 5131 Nun-

312 5181 407 5242 quam
428 5165 554 5227 interea
575 5163 745 5240 inuigilare
760 5162 897 5224 cessabis
920 5168 988 5224 tum
1005 5161 1060 5224 Se-

312 5259 439 5321 minarii
462 5259 607 5321 eiusdem
627 5256 890 5329 hloderatoribus,
908 5261 978 5317 tum
993 5255 1060 5316 aliis

313 5360 402 5417 extra
412 5351 623 5416 seminarium
638 5349 801 5428 magistris
817 5349 980 5412 minorum
996 5365 1060 5410 ma-

343 5609 381 5665 Ι(1)
398 5611 465 5654 sess.
479 5610 514 5662 23,
528 5619 583 5665 cap.
600 5609 670 5653 18110
685 5609 798 5653 Reform.

352 5679 383 5730 (21
399 5680 435 5720 Ex
450 5677 570 5733 symbolo
586 5681 749 5729 Quaecumque
764 5677 789 5720 111
805 5675 887 5732 princ.

355 5744 382 5800 (3)
398 5747 434 5788 Ex
449 5745 545 5788 concil.
560 5743 678 5788 zertensi
698 5755 740 5788 an.
756 5755 866 5788 cccexn.
882 5743 908 5788 in
930 5742 1060 5806 sypodali·

312 5811 361 5856 bus
375 5810 474 5856 litteris
492 5811 525 5856 ed
545 5809 791 5863 Donatistas·(intar
805 5821 862 5867 opp.
878 5813 902 5854 S.
919 5809 1060 5865 nurgustini

313 5879 375 5924 edit.
397 5881 480 5924 Maur.
503 5884 566 5924 tom.
580 5881 612 5932 11,
633 5889 688 5934 cap.
706 5880 742 5921 111
762 5879 858 5930 011521.
876 5877 1000 5932 Quisquis
1017 5877 1060 5934 (111-

313 5946 379 6004 quit)
400 5947 433 5992 ab
450 5946 499 5992 hac
520 5945 651 5991 catholica
672 5944 789 5990 Ecclesia
809 5943 890 5990 suerit
912 5950 1062 6001 separatus,

420 6069 471 6116 1111.
491 6069 559 6114 Ρο111.
575 6066 607 6114 de
623 6068 694 6128 l'rop.
711 6065 774 6114 Fide
788 6067 870 6113 Partis
885 6069 903 6112 l.
919 6067 971 6112 vol.
988 6068 1015 6112 v.

1100 667 1273 745 iorumque
1288 667 1539 747 disciplinarum,
1554 672 1590 730 ut
1605 681 1702 728 nemo
1716 664 1848 728 illorum
1952 695 1954 700 ·

1101 761 1138 824 ab
1162 762 1264 824 officio
1286 762 1435 834 declinet,
1450 761 1507 824 sed
1528 777 1592 824 una
1613 759 1759 822 omnium
1775 774 1851 822 cura

1100 857 1141 918 sit
1156 857 1189 917 in
1205 861 1334 917 teneros
1346 855 1597 918 adolescentium
1610 853 1732 942 animos
1745 851 1851 914 catho·
1888 859 1891 866 '

1101 950 1179 1012 licae
1201 950 1344 1012 veritatis
1366 965 1509 1012 amorem
1526 948 1740 1010 ethorrorem
1753 945 1851 1008 schis-
1903 997 1907 1008 .

1102 1045 1193 1106 matis
1210 1043 1377 1108 instillare.
1391 1043 1446 1116 lta,
1460 1043 1525 1106 Deo
1537 1042 1761 1110 benedicente,
1778 1055 1851 1102 con·

1102 1138 1216 1215 tinget,
1241 1145 1277 1200 ut
1297 1138 1378 1200 nihil
1400 1153 1542 1215 unquam
1565 1137 1652 1200 clero
1674 1141 1730 1198 tuo
1746 1134 1851 1213 potius

1102 1232 1158 1304 sit,
1190 1247 1286 1308 quam
1308 1231 1490 1310 praedicare
1519 1246 1630 1292 veram
1663 1228 1850 1292 catholicam

1103 1326 1210 1396 fidem,
1226 1341 1321 1402 quam
1334 1325 1395 1388 nisi
1411 1324 1547 1402 quisque
1569 1324 1729 1401 integram
1751 1321 1852 1384 inuio·

1102 1418 1264 1496 latamque
1286 1418 1476 1490 servaverit,
1493 1417 1613 1494 absque
1637 1415 1733 1479 dubio
1755 1414 1788 1476 in
1804 1430 1853 1476 ae-

1103 1517 1233 1574 ternum
1246 1510 1365 1589 peribit
1375 1509 1434 1590 (2),
1448 1525 1552 1586 eoque
1567 1509 1635 1588 ipso
1651 1514 1682 1570 et
1696 1507 1852 1570 unionem

1103 1605 1215 1666 fouere
1232 1621 1305 1666 cum
1320 1604 1459 1666 Ecclesia
1471 1603 1643 1675 Catholica‚
1661 1619 1676 1663 a
1692 1617 1753 1679 qua
1769 1600 1853 1678 quis-

1104 1698 1174 1776 quis
1187 1697 1284 1760 iuerit
1294 1703 1468 1776 separatus,
1483 1713 1548 1758 non
1560 1696 1690 1759 habebit
1700 1695 1799 1756 vitam
1808 1693 1853 1774 (3)

1105 1799 1138 1854 et
1153 1791 1368 1854 obedientiam
1384 1792 1470 1854 tueri
1482 1807 1558 1868 erga
1573 1805 1758 1869 supremam
1773 1788 1854 1850 hanc

1104 1885 1190 1948 Petri
1218 1886 1419 1958 cathedram,
1446 1885 1502 1948 ubi
1523 1884 1670 1947 Christus
1699 1883 1854 1944 Dominus

1104 1978 1203 2058 ipsius
1225 1979 1385 2041 Ecclesiae
1407 1979 1653 2042 fundamentum
1676 1977 1797 2056 posuit,
1821 1976 1854 2037 in

1105 2087 1167 2150 qua
1188 2073 1323 2152 proinde
1345 2079 1395 2134 est
1422 2073 1548 2148 integra
1569 2071 1759 2134 christianae
1781 2069 1855 2132 reli-

1108 2167 1211 2244 gionis
1234 2173 1266 2228 et
1288 2165 1428 2245 perlecta
1450 2165 1592 2228 soliditas
1613 2163 1669 2246 (1).

1145 2262 1164 2336 g
1185 2258 1214 2320 9.
1239 2259 1321 2322 llaec
1337 2267 1423 2331 sunt,
1437 2275 1511 2321 ven.
1527 2258 1636 2330 irater,
1651 2273 1732 2335 quae
1748 2263 1855 2320 tecum

1107 2353 1225 2416 nostris
1248 2351 1335 2415 hisce
1357 2353 1474 2415 litteris
1492 2351 1731 2414 communicare
1753 2349 1856 2412 volui-

1107 2464 1178 2510 mus
1200 2447 1269 2508 1110
1294 2447 1331 2509 ad
1362 2446 1588 2524 gratulandum
1618 2444 1754 2506 eximiae
1784 2448 1856 2504 tuae

1106 2541 1308 2619 vigilantiae,
1338 2543 1406 2604 sive
1428 2540 1465 2602 ad
1494 2541 1601 2603 zelum
1633 2539 1740 2618 ipsum
1763 2543 1855 2600 tuum

1107 2651 1165 2713 pro
1194 2633 1339 2712 supremi
1364 2633 1466 2696 nostri
1496 2631 1690 2711 apostolatus
1719 2645 1857 2692 munere

1108 2729 1334 2792 adiuvandum.
1348 2727 1444 2790 Plane
1456 2733 1562 2790 autem
1576 2743 1641 2788 uon
1650 2725 1855 2802 ambigimus,

1108 2823 1185 2900 quin
1208 2839 1310 2900 aequo
1332 2821 1389 2884 tibi
1413 2821 1618 2900 gratulentur
1639 2819 1778 2882 aliiuen.
1797 2817 1857 2880 ira-

1106 2923 1175 2978 tres
1197 2915 1344 2979 catholici
1371 2913 1597 2978 lluthenorurn
1624 2912 1802 2984 Praesules,
1826 2917 1859 2973 et

1109 3011 1264 3072 maiorem
1285 3010 1360 3072 inde
1382 3009 1525 3070 animum
1547 3014 1687 3078 sumant,
1710 3007 1748 3068 ad
1762 3021 1858 3068 suum

1109 3107 1246 3182 quisque
1270 3119 1403 3180 gregem
1427 3101 1572 3164 alacriori
1594 3101 1764 3164 sedulitate
1792 3115 1859 3162 mu-

1110 3199 1266 3262 niendum
1289 3197 1444 3260 adversus
1473 3195 1749 3258 schismaticorum
1775 3193 1859 3257 irau-

1110 3294 1165 3356 des
1189 3299 1220 3354 et
1241 3293 1275 3353 in
1296 3297 1421 3353 sanctae
1437 3289 1597 3352 Ecclesiae
1618 3289 1741 3352 unitate
1756 3295 1861 3352 custo-

1111 3386 1275 3448 diendum.
1294 3384 1421 3446 Utinam
1446 3390 1476 3444 te
1496 3390 1591 3460 atquo
1606 3383 1690 3461 ipsos
1706 3397 1771 3444 non
1787 3398 1860 3444 con-

1111 3480 1292 3541 tristassent
1313 3477 1442 3555 quidam
1464 3475 1512 3538 illi
1535 3475 1680 3538 eiusdem
1695 3475 1797 3536 vestri
1818 3475 1860 3536 ri-

1110 3578 1161 3634 tus
1194 3570 1380 3642 Antistites,
1412 3586 1492 3648 quos
1522 3568 1645 3632 duobus
1674 3573 1747 3630 ante
1768 3568 1860 3630 annis

1111 3665 1312 3727 rebellassea
1329 3663 1481 3726 catholica
1496 3662 1632 3724 veritate
1648 3660 1857 3724 deflevimus!

1112 3759 1187 3821 lleic
1208 3765 1316 3821 autem
1339 3759 1522 3836 temperare
1544 3756 1634 3819 nobis
1664 3772 1729 3818 non
1750 3771 1861 3834 possu-

1112 3868 1195 3925 mus,
1220 3853 1298 3929 quin
1320 3865 1432 3913 rursus
1456 3850 1621 3913 doleamus
1649 3849 1745 3911 etiam
1765 3857 1860 3926 atque

1112 3946 1208 4008 etiam
1225 3945 1437 4008 calamitatem
1450 3943 1595 4007 fidelium
1609 3943 1731 4016 ovium,
1746 3943 1861 4021 quihus

1112 4039 1210 4101 iidem
1239 4037 1410 4118 praepositi
1440 4037 1582 4109 inerant,
1607 4051 1754 4114 quaeque
1776 4051 1861 4098 nunc

1112 4131 1280 4194 Pastorum
1302 4130 1372 4193 loco
1394 4145 1490 4193 veros
1512 4130 1545 4192 in
1567 4131 1613 4192 eis
1635 4129 1755 4191 habent
1769 4128 1861 4208 lupos

1112 4227 1145 4288 in
1167 4227 1309 4304 ipsarum
1325 4225 1455 4288 caedem
1471 4224 1628 4287 iurentes.
1650 4223 1715 4286 Nos
1731 4223 1861 4301 quidem

1113 4317 1194 4382 nihil
1222 4319 1416 4382 intentatum
1446 4317 1678 4395 relinquimus,
1707 4333 1771 4396 quo
1792 4315 1862 4380 illas

1114 4413 1287 4493 eripiamus
1309 4412 1347 4474 ab
1370 4428 1484 4474 eorum
1501 4411 1642 4474 faucibus
1666 4418 1698 4473 et
1718 4429 1735 4474 a
1756 4409 1862 4474 condi-

1114 4509 1200 4570 tione
1223 4507 1415 4578 miserrima,
1439 4507 1473 4568 in
1495 4522 1591 4583 quam
1613 4505 1754 4568 deiectae
1774 4511 1860 4578 sunt,

1114 4600 1179 4664 Deo
1201 4602 1284 4663 bene
1306 4601 1448 4672 iuvante,
1472 4599 1670 4661 relevemus.
1701 4599 1766 4662 Nec
1787 4615 1863 4662 sane

1115 4695 1311 4767 desistimus,
1342 4694 1448 4773 ipsum
1477 4693 1603 4754 Patrem
1631 4691 1864 4755 misericordia-

1114 4803 1188 4849 rum
1217 4805 1275 4868 per
1296 4788 1401 4850 lesum
1431 4787 1596 4850 Christum
1621 4785 1739 4848 Filium
1767 4803 1863 4848 suum

1115 4881 1213 4954 omni,
1238 4895 1300 4958 qua
1322 4896 1503 4959 possumus,
1527 4880 1708 4959 supplicum
1730 4895 1864 4958 precum

1115 4974 1321 5038 contentione
1345 4989 1437 5036 orare
1460 4980 1492 5036 et
1511 4973 1690 5046 obsecrare,
1714 4979 1750 5036 ut
1771 4973 1865 5036 robo-

1115 5083 1187 5129 rare
1219 5068 1289 5130 illas
1321 5067 1474 5144 dignetur
1503 5067 1712 5130 validioribus
1746 5067 1864 5144 gratiae

1114 5177 1189 5224 suae
1213 5161 1315 5234 donis,
1333 5161 1496 5238 simulque
1512 5161 1668 5240 propitius
1685 5161 1765 5224 adsit
1779 5161 1865 5224 solli-

1116 5255 1249 5318 citudini
1271 5261 1417 5328 nostrae,
1442 5271 1503 5332 qua
1531 5255 1680 5318 levamen
1703 5253 1749 5316 eis
1771 5261 1865 5332 atque

1116 5364 1210 5428 opem
1233 5347 1319 5411 terre
1342 5349 1549 5412 connitimur.

1115 5607 1314 5664 quantumlibet
1330 5608 1502 5654 landabiliter
1517 5621 1545 5654 se
1559 5608 1646 5654 vivere
1661 5605 1803 5664 existimet,
1819 5608 1867 5654 hoc

1115 5676 1171 5721 solo
1186 5677 1292 5730 scelere,
1308 5676 1376 5731 quod
1390 5686 1406 5720 a
1421 5676 1520 5720 christi
1536 5677 1640 5722 unitate
1654 5676 1803 5721 disiunctus
1817 5679 1867 5726 est,

1115 5755 1166 5788 non
1182 5743 1289 5788 habebit
1306 5741 1395 5796 vitam,
1406 5743 1451 5786 sed
1467 5743 1508 5788 ira
1522 5743 1567 5786 Dei
1582 5749 1672 5789 manet
1687 5755 1766 5800 supet·
1782 5753 1852 5789 enm.

1156 5809 1184 5866 (t)
1201 5812 1237 5853 Ex
1253 5810 1346 5865 regula
1363 5809 1431 5864 tldei,
1443 5821 1489 5854 seu
1500 5809 1614 5854 formula
1626 5810 1789 5865 hormisdae,
1800 5822 1867 5867 quae

1115 5882 1172 5923 tum
1188 5888 1218 5922 eo
1233 5877 1358 5923 Pontillce
1373 5877 1406 5922 ad
1421 5876 1502 5922 initia
1520 5878 1620 5923 saeculi
1638 5881 1688 5933 Vl,
1704 5881 1761 5922 tum
1777 5883 1868 5935 postea

1116 5955 1168 5990 uon
1182 5945 1264 5989 semel
1278 5944 1311 5989 ab
1326 5943 1441 5988 Orientis
1451 5943 1585 6000 Episcopis
1600 5943 1749 6001 subscripta
1764 5948 1812 5992 est.

1733 6069 1759 6114 ao

1770 527 1828 594 ΞΜ
1880 524 1932 576 An.
1948 525 1978 578 0.
2002 523 2067 576 1841
