4788 6980
67 593 120 641 An.
136 591 171 642 0.
197 591 264 641 1840

815 567 819 574 ’
899 604 1073 651 caueamus
1095 605 1146 650 aa.
1171 607 1235 652 xvr.
1763 590 1821 655 ill
1871 593 1925 644 An.
1940 593 1969 645 d.
1992 593 2061 646 1840

296 724 412 800 ptionis
433 731 487 803 aut
508 725 663 788 nullitatis
681 726 761 788 vitio
780 742 837 788 seu
852 723 1041 787 intentionis

296 825 424 880 nostrae
445 819 498 880 vel
520 820 627 896 aliquo
649 821 709 884 alio
732 821 824 883 etiam
842 817 1041 882 substantiali

296 911 422 973 deiectu
438 913 552 984 notari,
577 914 760 992 impugnari
786 921 840 976 aut
860 914 894 975 in
916 918 1041 974 contro-

296 1005 432 1067 versiam
455 1007 562 1070 vocari
584 1009 693 1086 possit,
710 1009 765 1070 scd
780 1023 909 1086 semper
925 1013 957 1070 et
971 1022 1042 1086 per-

296 1105 393 1176 petuo
416 1101 535 1162 validas
558 1109 590 1162 et
615 1102 755 1164 efficaces
782 1092 921 1164 existere
944 1116 977 1163 ac
997 1099 1042 1161 lo·

296 1206 343 1264 re,
367 1208 507 1270 suosque
529 1195 689 1274 plenarios
705 1202 738 1257 et
751 1197 894 1273 integros
911 1193 1042 1257 etiectus

296 1286 405 1348 sortiri
420 1294 452 1348 et
468 1288 625 1362 obtinere,
643 1307 677 1351 ac
692 1290 730 1352 ab
743 1290 892 1352 omnibus
908 1289 944 1350 ad
961 1303 1042 1366 quos

296 1387 416 1458 spectat
430 1382 658 1446 inviolabiliter
674 1385 838 1446 observari
853 1384 972 1447 debere
987 1399 1042 1444 vo-

297 1472 415 1546 lumus,
439 1475 625 1538 mandamus
648 1483 742 1554 atque
764 1476 980 1538 decernimus.

335 1566 406 1628 Non
420 1567 618 1630 obstantibus
634 1570 673 1631 de
685 1571 756 1631 iure
769 1569 894 1646 quesita
907 1586 971 1631 non
983 1569 1043 1630 tol-

297 1661 403 1734 lendo,
431 1661 470 1722 de
498 1661 777 1746 suppressionibus
804 1663 1042 1726 committendis

296 1755 332 1815 ad
345 1761 462 1832 partes,
472 1757 590 1817 vocatis
603 1773 742 1834 quorum
754 1757 899 1828 interest,
910 1757 1043 1834 aliisque

297 1849 414 1910 nostris
436 1855 468 1911 et
487 1849 694 1913 cancellariae
715 1853 904 1930 apostolicae
920 1851 1043 1930 regulis

296 1959 329 2004 ac
351 1943 384 2004 in
406 1944 613 2022 synodalibus
635 1946 884 2024 provincialibus
912 1947 1043 2008 univer-

296 2035 480 2113 salibusque
503 2038 644 2100 conciliis
665 2039 757 2101 editis
780 2039 970 2117 specialibus
989 2040 1043 2101 vel

297 2131 502 2206 generalibus
524 2133 806 2194 constitutionibus
823 2139 855 2195 et
874 2134 1043 2196 ordinatio-

296 2223 390 2284 nibus
423 2225 601 2303 apostolicis
635 2233 667 2288 et
696 2225 862 2303 quibusvis
890 2227 958 2289 aliis
984 2227 1044 2288 llo-

228 2321 233 2328 “
296 2333 466 2379 manorum
483 2319 673 2381 Pontificum
686 2321 971 2398 praedecessorum
988 2337 1043 2383 no-

113 2606 182 2652 Ftdes
199 2609 277 2650 tran·

74 2661 177 2716 sumptis¹

296 2417 439 2472 strorum
462 2412 731 2490 dispositionibus
749 2415 949 2492 caeterisque
971 2431 1043 2477 con-

297 2505 402 2566 trariis
424 2505 694 2584 quibuscumque.
752 2525 754 2530 ·

336 2599 354 2674 5
378 2599 424 2660 ta.
449 2597 606 2661 Volumus
628 2607 792 2678 praeterea
814 2609 850 2665 ut
870 2602 985 2665 harum
1008 2603 1044 2664 li-

297 2697 438 2752 terarum
452 2694 661 2770 transumptis
678 2694 772 2754 etiam
789 2695 965 2774 impressis,
980 2713 1043 2758 ma-

297 2801 340 2846 nu
362 2791 470 2846 tamen
485 2785 618 2847 alicuius
640 2789 756 2849 notarii
772 2788 889 2867 publici
905 2790 1043 2851 subscri·

297 2881 357 2958 ptis
387 2887 418 2941 et
449 2880 556 2956 sigillo
588 2895 742 2958 personae
770 2882 803 2943 in
833 2884 1043 2946 ecclesiastica

296 2975 450 3050 dignitate
466 2975 656 3036 constitutae
672 2976 814 3048 munitis,
830 2978 941 3038 eadem
954 2995 1043 3056 pror-

295 3083 349 3128 sus
371 3069 450 3129 tides
472 3067 671 3142 adhibeatur,
695 3083 776 3146 quae
798 3069 874 3148 ipsis
895 3087 1043 3150 praesen-

283 3161 379 3222 tibus
401 3161 605 3234 adhibentur,
630 3163 656 3224 si
678 3163 786 3225 forent
808 3165 968 3227 exhibitae
990 3167 1043 3228 vel

296 3261 452 3317 ostensae.

334 3352 353 3425 ἓ
370 3350 417 3412 13.
431 3349 518 3412 Nulli
531 3367 610 3428 ergo
624 3351 755 3413 omnino
768 3351 938 3414 bominum
951 3353 1044 3416 liceat

295 3445 375 3506 banc
384 3443 531 3522 paginam
542 3451 724 3506 nostrarum
738 3446 1040 3520 dismembrationis,

294 3538 513 3610 seiunctiouis
527 3539 744 3616 separationis
759 3541 940 3614 erectionis,
955 3543 1043 3604 insti·

272 3631 438 3705 ·tutionis
462 3631 694 3708 assignationis
718 3633 947 3707 attributionis,
971 3637 1043 3698 sub-

295 3727 450 3799 iectionis,
465 3726 686 3798 concessionis,
701 3726 828 3798 indulti,
846 3729 1043 3791 commissio-

296 3821 355 3894 nis,
380 3820 605 3898 deputationis,
629 3819 779 3892 mandati,
798 3821 929 3894 decreti,
951 3824 1042 3886 dero-

297 3915 431 3991 gationis
460 3931 494 3976 ac
522 3913 696 3975 voluntatis
725 3913 905 3990 iufringere
935 3918 986 3978 vel
1013 3919 1042 3980 ei

296 4025 372 4069 ausu
395 4008 569 4070 temerario
592 4007 762 4068 contraire.
788 4005 819 4068 Si
843 4009 913 4086 quis
935 4019 1041 4073 autem

295 4102 356 4163 laoc
381 4107 537 4162 attentare
563 4101 824 4178 praesumpserit,
852 4103 1042 4181 indignatio-

296 4211 370 4256 nem
400 4193 629 4273 omnipotentis
651 4192 706 4254 Dei
732 4209 766 4254 ac
790 4195 958 4258 beatorum
988 4199 1042 4260 Pe-

296 4289 337 4350 tri
359 4295 391 4350 et
412 4288 499 4350 Pauli
521 4286 750 4366 Apostolorum
774 4288 842 4350 eius
862 4306 896 4352 se
915 4293 1043 4354 noverit

295 4383 514 4444 incursurum.

335 4475 448 4538 Datum
470 4475 599 4547 Romae,
631 4475 714 4552 apud
743 4474 774 4536 S.
799 4476 930 4540 Petrum
959 4497 1042 4542 anno

295 4568 521 4631 lucarnationis
544 4567 721 4630 dominicae
747 4569 921 4634 millesimo
944 4575 1042 4636 octin-

297 4663 477 4739 gentesimo
504 4661 760 4738 quadragesimo,
792 4663 937 4728 kalendis
960 4667 1040 4742 iulii,

296 4757 496 4834 pontificatus
519 4755 621 4816 nostri
643 4772 726 4818 anno
746 4757 880 4820 decimo.

588 5045 747 5108 CLXVIII.

300 5229 470 5294 Occasione
498 5233 665 5295 divisionis
695 5233 853 5294 territorii
878 5233 962 5294 iatcr
986 5230 1042 5292 lta-

336 5343 387 5404 pes
404 5325 575 5406 Belgarum
597 5331 626 5387 et
642 5327 743 5406 Balpii
764 5327 871 5407 (calpe
895 5327 943 5388 de'
957 5327 1043 5388 Paesi

337 5417 436 5497 Bassi)
456 5420 615 5498 separatis
634 5437 653 5480 a
675 5417 865 5482 dioecesibus
880 5418 1044 5480 Leodicasi

337 5517 366 5571 et
386 5511 601 5574 Namurcensi
618 5509 764 5592 pluribus
780 5510 975 5582 ciuitatibus,
993 5529 1043 5593 op-

335 5605 430 5684 pidis,
451 5607 609 5685 paroeciis
630 5611 700 5675 etc„
718 5623 757 5667 eat
779 5622 888 5666 aarum
906 5607 1043 5667 nonaul-

338 5699 377 5760 iis
412 5699 580 5760 coustituit
611 5699 805 5762 vicariatum
837 5700 1043 5779 apostolicam

336 5791 611 5873 statilianam
640 5793 706 5856 alia
729 5793 820 5856 addit
843 5810 914 5853 cum
935 5792 1042 5854 distri-

336 5885 437 5949 ctibus
468 5887 635 5950 Raresteia
668 5891 697 5948 et
729 5887 836 5967 Mepea
867 5885 1044 5949 bicariutui

338 5981 507 6061 apostolico
533 5980 779 6050 Bascodaceosi‚
810 5999 829 6044 a
855 5997 912 6058 auo
937 5985 1042 6043 tanton

404 6128 454 6173 lar.
473 6129 541 6173 l'oat.
557 6127 587 6172 de
604 6129 676 6186 l’rep.
694 6128 754 6173 Fide
769 6127 850 6173 Partis
865 6131 881 6174 1λ
898 6127 951 6172 Vol.
968 6129 993 6172 v.

1136 723 1298 788 vicariatu
1319 733 1449 806 separat
1468 725 1616 808 oppidum
1637 727 1673 788 de
1693 725 1840 794 Loraaael,

1136 818 1216 894 qaod
1239 819 1401 880 Leodieast'
1422 821 1553 882 dioecesi
1574 820 1666 892 auit;
1689 819 1756 882 alia
1772 824 1842 881 taa-

1136 910 1204 972 dem
1243 919 1396 994 apprepat
1434 915 1610 978 aicariatai
1646 911 1841 976 Latacmbar-

1135 1020 1234 1083 peasa.

1268 1177 1488 1246 caecemus
1513 1181 1573 1247 ΡΡ.
1598 1180 1668 1247 tvl.

1216 1301 1252 1366 ad
1275 1308 1448 1385 perpetuam
1472 1304 1515 1370 rei
1539 1306 1718 1370 memoriam.

1138 1474 1196 1536 Ubi
1209 1463 1401 1540 universalis
1418 1480 1569 1542 ecclesiae
1582 1479 1841 1558 procurationem
1884 1491 2052 1536 prooemium.

1098 1568 1189 1630 nobis
1205 1569 1358 1632 divinitus
1374 1572 1593 1635 demandatam
1609 1573 1839 1646 intelleximus,

1098 1662 1179 1724 nulli
1201 1679 1351 1726 curarum
1374 1683 1407 1728 ac
1429 1667 1546 1729 laboris
1576 1667 1689 1745 generi
1713 1682 1843 1745 parcen-

1098 1755 1174 1816 dum
1198 1757 1363 1831 duximus,
1388 1764 1423 1822 ut
1452 1761 1715 1823 christifidelibus
1743 1760 1842 1822 tutius

1097 1848 1208 1911 salutis
1237 1851 1287 1912 via
1316 1852 1437 1914 muniri
1466 1855 1574 1931 possit.
1606 1853 1665 1916 Cui
1693 1853 1742 1915 rei
1762 1868 1843 1913 asse-

1098 1941 1244 2016 quendae
1266 1942 1341 2004 illuc
1365 1944 1460 2005 etiam
1489 1945 1697 2022 cogitationes
1720 1949 1843 2004 nostras

1098 2031 1329 2109 convertimus
1351 2044 1395 2108 ut,
1413 2038 1587 2100 immutatis
1610 2045 1793 2116 temporum
1810 2053 1844 2097 ac

1097 2125 1243 2190 locorum
1272 2131 1536 2204 circumstantiis,
1568 2146 1650 2194 nova
1679 2131 1842 2192 interdum

1098 2219 1294 2286 dioecesium
1317 2225 1570 2304 circumscriptio
1589 2225 1692 2294 fieret,
1717 2223 1843 2302 quoties

1098 2314 1256 2378 Ecclesiae
1285 2318 1403 2380 utilitas
1425 2319 1456 2381 id
1485 2319 1591 2398 ipsum
1613 2319 1775 2398 postulare
1797 2317 1843 2378 vi-

1098 2409 1243 2472 debatur.

1137 2505 1156 2578 g
1179 2504 1206 2565 l.
1230 2503 1340 2584 Nuper
1361 2505 1468 2584 itaque
1484 2523 1595 2585 preces
1611 2507 1701 2568 nobis
1721 2507 1842 2568 oblatae
1876 2521 1986 2580 ¹rreum
2002 2529 2074 2572 esno-

1096 2603 1181 2670 sunt,
1205 2603 1278 2660 uta
1307 2599 1507 2662 dioecesibus
1536 2600 1703 2662 Leodiensi
1726 2607 1758 2661 et
1785 2599 1843 2660 Na·
1862 2576 1929 2617 ⁵⁸¹⁰·

1098 2692 1262 2753 marcensi
1283 2693 1316 2754 in
1337 2709 1440 2770 regno
1462 2693 1634 2771 Belgarum
1657 2693 1778 2772 positis,
1793 2710 1843 2754 eas

1098 2785 1202 2862 Magni
1223 2785 1359 2848 lineatus
1388 2787 1685 2865 luxemburgensis
1712 2795 1744 2849 et
1772 2803 1843 2866 pro-

1097 2880 1220 2941 vinciae
1241 2879 1486 2958 Limburgensis
1509 2882 1664 2954 civitates,
1688 2887 1790 2943 terras
1812 2887 1844 2942 et

1098 2974 1222 3052 oppida,
1247 2989 1327 3050 quae
1351 2991 1390 3035 ex
1419 2976 1606 3053 nuperrima
1628 2976 1843 3038 conventione

1097 3084 1113 3128 a
1139 3066 1311 3145 Belgarum
1341 3083 1444 3146 regno
1474 3069 1617 3132 seiuncta
1645 3069 1844 3130 serenissimi

1097 3161 1211 3238 Belgii,
1241 3162 1342 3239 vulgo
1371 3163 1418 3224 de'
1435 3162 1529 3226 Paesi
1558 3161 1662 3234 Bassi,
1692 3163 1789 3240 Regis
1811 3181 1844 3224 ac

1098 3255 1203 3333 Magni
1235 3255 1458 3336 Luxemburgi
1490 3265 1522 3320 ct
1552 3257 1720 3334 Limburgi
1751 3257 1844 3319 Ducis

1098 3349 1212 3411 ditioni
1233 3356 1266 3412 et
1287 3351 1466 3412 auctoritati
1493 3351 1660 3412 restitutae
1690 3357 1775 3424 sunt,
1800 3353 1844 3413 di-

1097 3443 1284 3505 videremus
1296 3461 1329 3506 ae
1344 3444 1602 3521 seiungeremus
1617 3459 1718 3522 eaque
1733 3443 1770 3506 ab
1783 3445 1844 3524 spi-

1097 3537 1204 3598 rituali
1226 3536 1409 3600 Leodiensis
1425 3544 1457 3599 et
1471 3536 1694 3600 Namurcensis
1717 3538 1844 3616 Episco-

1098 3645 1213 3707 porum
1236 3647 1294 3709 pro
1317 3637 1464 3710 tempore
1487 3632 1696 3694 existentium
1717 3633 1843 3694 iurisdi-

1097 3723 1202 3785 ctione
1222 3723 1266 3786 sic
1294 3724 1402 3786 avulsa
1431 3742 1466 3787 ac
1491 3725 1666 3798 subtracta,
1691 3725 1842 3802 regimini

1096 3833 1130 3878 ac
1152 3818 1301 3896 potestati
1322 3817 1479 3896 spirituali
1495 3817 1696 3880 vicariorum
1711 3819 1843 3897 Aposto-
1908 3844 1912 3855 ¹

1097 3910 1233 3972 licorum
1248 3911 1281 3973 in
1297 3919 1475 3973 memorato
1490 3910 1592 3989 Belgii
1614 3927 1718 3989 regno
1733 3929 1767 3974 ac
1783 3913 1842 3974 Lu-

1096 4005 1329 4083 xemburgensi
1341 4005 1461 4068 Ducatu
1484 4005 1693 4068 existentium
1708 4007 1843 4068 subiice-

1097 4114 1207 4160 remus
1230 4107 1324 4176 atque
1346 4115 1615 4178 supponeremus.

1135 4193 1204 4268 §2-
1228 4193 1291 4256 Nos
1312 4208 1402 4266 vero,
1420 4193 1561 4272 inspecta
1583 4194 1696 4256 maiori
1718 4195 1843 4257 christi·
1874 4253 1878 4262 ‚
1907 4197 2074 4276 alsmantia-

1097 4285 1241 4348 fidelium
1263 4287 1296 4349 in
1309 4287 1384 4349 locis
1407 4287 1626 4365 disiungendis
1643 4305 1842 4353 commoran-
1862 4257 1955 4362 ΒΨ]
1981 4264 2074 4308 ¹¹m⁰‘'¹'

1097 4381 1178 4443 tium
1207 4382 1434 4444 commoditate
1455 4399 1489 4444 ac
1514 4382 1663 4456 utilitate,
1689 4389 1721 4444 et
1742 4385 1842 4462 probe

1097 4475 1243 4537 instructi
1254 4475 1428 4543 hodiernos
1441 4475 1651 4537 Leodiensem
1666 4483 1697 4538 et
1709 4477 1842 4539 Namur-

1097 4585 1226 4631 censem
1256 4567 1423 4630 antistites
1449 4569 1607 4632 eiusmodi
1637 4570 1842 4633 dismembra-

1098 4663 1176 4724 tioni
1198 4663 1337 4725 libenter
1359 4663 1421 4724 iam
1447 4663 1641 4742 praestitisse
1663 4679 1840 4736 assensum,

1083 4757 1253 4834 porrectis
1281 4756 1549 4835 postulationibus
1578 4764 1774 4832 annuentes,
1803 4774 1843 4819 ex

1097 4850 1182 4912 certa
1204 4849 1345 4922 scientia,
1364 4849 1508 4912 ucetiam
1531 4857 1621 4912 motu
1644 4852 1774 4929 proprio
1791 4851 1843 4913 de-

1098 4944 1843 5022 queapostolicaepotestatisplenitudiueman-

1099 5038 1219 5112 damus,
1234 5043 1427 5116 perpetuam
1449 5037 1483 5098 in
1506 5039 1670 5100 moduma
1692 5039 1843 5102 dioecesi-

1097 5131 1156 5193 bus
1179 5131 1349 5194 L‘eodiensi
1370 5139 1402 5193 et
1423 5130 1632 5196 Namurcensi
1655 5149 1707 5194 eas
1738 5131 1841 5210 llagni

1097 5225 1234 5288 Ducatus
1246 5225 1541 5302 luxemburgensis
1557 5225 1709 5298 civitates,
1728 5233 1840 5299 terras,

1099 5321 1221 5398 oppida,
1246 5321 1323 5392 loca,
1349 5320 1519 5398 paroecias,
1544 5335 1624 5397 quae
1650 5321 1682 5381 in
1705 5321 1843 5382 serenis-

1096 5413 1179 5486 simi,
1204 5421 1239 5474 ut
1259 5429 1364 5492 supra,
1382 5413 1483 5490 Belgii
1500 5413 1595 5490 Regis
1618 5413 1739 5476 ditione
1758 5429 1843 5475 nunc

1099 5508 1254 5580 existunt,
1286 5508 1338 5570 vel
1366 5523 1405 5569 ex
1432 5508 1512 5570 nova
1543 5508 1698 5569 territorii
1727 5509 1843 5570 descri-

1098 5603 1207 5680 ptione
1229 5603 1314 5664 inter
1344 5601 1565 5664 serenissimos
1595 5600 1697 5680 Belgii
1719 5619 1753 5664 ac
1774 5601 1843 5664 Bel-

1099 5712 1211 5774 garum
1234 5695 1338 5773 Reges
1361 5696 1599 5774 quamprimum
1623 5693 1779 5772 explenda
1796 5712 1843 5757 es-

1098 5797 1180 5862 sent,
1195 5790 1333 5867 seiungi,
1348 5789 1445 5850 dividi
1459 5806 1492 5851 ac
1505 5789 1625 5862 divelli,
1641 5795 1735 5866 atque
1748 5787 1842 5850 etiam

1098 5884 1176 5946 inibi
1193 5885 1367 5946 existentes
1381 5890 1412 5945 et
1424 5883 1590 5946 existentia
1604 5883 1762 5956 ecclesias
1777 5901 1843 5946 mo-

1099 5979 1245 6050 nasteria,
1277 5978 1429 6040 beneficia
1458 5983 1521 6038 tam
1551 5976 1721 6039 saecularia
1748 5991 1843 6054 quam

1711 6129 1736 6169 al
