4864 6994
318 581 372 636 An.
387 585 417 637 O.
439 585 505 637 teat

325 1755 467 1800 Declaratfo
483 1754 516 1799 fa·

303 1807 428 1852 3111131111
454 1808 516 1852 1111-

304 1861 380 1905 131111
389 1871 517 1906 concessu·

304 1925 368 1957 rum.

557 583 595 648 ta

537 720 745 800 apostolicum
766 726 948 798 agnoscant,
961 720 1116 799 recipiant
1138 725 1170 781 et
1191 735 1282 781 reve-

537 821 684 892 reantur;
707 813 986 891 tibiquedebitum
1009 819 1171 892 praestent
1192 813 1281 874 obse-

537 913 661 988 quium,
685 908 806 971 sublata
828 907 1031 984 cuicumque,
1061 905 1281 984 superioribus

538 1005 633 1065 etiam⁴
647 1001 878 1076 cuiuscumque
893 999 1051 1075 regularis
1073 998 1212 1060 instituti
1228 1013 1281 1074 ge·

537 1096 709 1167 neralibus,
732 1099 888 1173 potestate
910 1092 1072 1170 quidpiam
1094 1107 1151 1169 per
1171 1107 1206 1152 se
1227 1090 1280 1152 vel

1053 597 1118 649 ibit.
1143 597 1234 644 ΡΟΝΤ.
1257 599 1298 644 DE
1320 597 1349 646 P.
1373 603 1403 647 F.
1426 599 1510 648 PARS
1531 602 1553 650 1.

1337 720 1435 782 fuerit
1462 721 1673 795 satisfactum,
1702 728 1797 800 atque
1826 723 2001 786 reducendi
2023 739 2081 785 seu

1336 813 1551 878 imminuendi
1579 818 1669 894 gravi
1691 817 1731 879 de
1756 833 1983 894 3311333113
2010 833 2081 896 per·

1336 913 1498 980 manente,
1511 915 1638 971 servato
1651 911 1746 972 modo
1759 916 1791 971 et
1803 909 1906 970 forma
1917 928 1933 971 a
1945 909 1999 972 fel.
2013 926 2078 972 rec.

1335 1001 1508 1064 Benedicto
1530 1002 1611 1064 XIV.
1642 1005 1885 1082 praedecessore
1914 1010 2026 1065 nostro
2048 1005 2080 1065 in

1333 1110 1392 1156 suo
1415 1110 1513 1171 opere
1536 1095 1574 1156 de
1595 1097 1718 1173 synodo
1744 1097 1928 1159 dioecesana
1950 1096 2004 1158 lib.
2031 1097 2077 1168 l3,

537 1207 594 1268 per
615 1190 693 1251 alios
714 1187 782 1249 sive
803 1186 980 1263 inscriptis
1002 1185 1070 1246 sive
1091 1199 1171 1246 voce
1192 1199 1279 1244 man·
1306 1159 1309 1254 1
1335 1203 1400 1266 cap.
1425 1187 1475 1260 at,
1505 1187 1617 1250 tradita
1647 1206 1705 1267 pro
1733 1189 1850 1252 futuris
1879 1189 2079 1267 temporibus

537 1285 641 1357 dandi,
664 1281 864 1350 consulendi,
888 1285 942 1341 aut
963 1277 1168 1348 decernendi,
1194 1277 1279 1353 quod
1307 1264 1309 1314 t
1335 1280 1496 1356 quaelibet
1525 1298 1622 1344 onera
1644 1283 1812 1344 missarum
1841 1283 1878 1344 ad
1907 1283 1956 1360 pia
1977 1283 2080 1359 legata

536 1377 588 1439 vel
610 1376 774 1438 retardare
796 1373 848 1435 vel
869 1369 1130 1434 imminuerevel
1146 1385 1279 1446 quomo-

536 1471 657 1534 dolibet
668 1471 788 1532 directe
799 1468 852 1529 vel
864 1467 1019 1528 indirecte
1031 1470 1196 1525 attenuare
1209 1478 1279 1540 pos·

535 1565 577 1626 sit
598 1563 692 1624 buius
708 1561 917 1638 delegationis
933 1558 986 1620 vel
1002 1556 1190 1619 visitationis
1206 1571 1278 1616 313-

535 1659 737 1734 quntionem.

575 1753 643 1827 §b
668 1749 870 1814 Fraternitati
891 1754 998 1809 autem
1020 1753 1093 1806 tuae
1113 1744 1146 1805 11
1168 1743 1278 1822 primis

536 1847 568 1908 11
583 1847 713 1908 eosdem
729 1844 895 1920 regulares
909 1841 942 1902 in
955 1839 1101 1919 praefatis
1116 1837 1278 1900 coenobiis

533 1956 590 2000 seu
607 1938 753 2001 domibus
769 1937 952 2006 existentes,
971 1947 1101 1994 omnem
1123 1930 1278 1992 11131131-

534 2033 714 2095 ctoritatem
736 2029 950 2100 concedimus,
968 2041 1029 2103 qua
1044 2024 1167 2102 pollent
1182 2039 1278 2100 gene-

533 2127 614 2188 rales
625 2125 828 2201 singulorum
842 2120 1041 2196 regularium
1057 2117 1276 2178 institutorum

532 2218 726 2297 superiores,
751 2215 950 2293 proindeque
971 2212 1077 2273 ineos
1100 2225 1169 2270 eam
1192 2207 1277 2269 licite

532 2329 565 2372 ac
587 2311 692 2371 valide
709 2317 771 2369 tam
788 2323 845 2385 prc
862 2304 1016 2366 exteriori
1039 2318 1134 2379 quam
1157 2317 1215 2378 pro
1230 2300 1276 2360 in-

531 2403 642 2465 teriori
659 2402 871 2464 conscientiae
890 2399 960 2460 forc
975 2394 1228 2458 iurisdictionem
1246 2410 1276 2454 e-

530 2512 664 2558 xercere
686 2495 744 2556 tibi
766 2494 810 2555 fas
833 2493 905 2562 3111,
929 2507 1010 2567 quae
1033 2495 1065 2550 et
1085 2488 1158 2566 ipsis
1183 2502 1275 2564 supe-

531 2589 670 2650 rioribus
694 2588 755 2649 rite
777 2604 811 2648 ac
831 2587 903 2647 iure
918 2583 1130 2661 competebat.
1155 2580 1275 2642 Deinde

529 2682 699 2761 specialem
731 2680 788 2741 tibi
817 2678 993 2755 elargimur
1022 2676 1203 2736 facultatem
1231 2690 1275 2734 sa-

531 2776 625 2837 nandi
656 2783 688 2836 et
716 2773 928 2835 confirmandi
957 2769 1063 2832 omnia
1092 2774 1124 2829 et
1150 2766 1275 2842 singula

529 2875 595 2930 acta
616 2867 828 2948 capitulorum
852 2862 1106 2943 provincialium,
1131 2875 1211 2936 quae
1226 2876 1276 2920 us-

530 2977 593 3038 que
617 2975 701 3022 nunc
732 2957 896 3037 perhabita
924 2963 1015 3028 sunt,
1047 2955 1141 3015 etiam
1172 2953 1276 3030 quoad

531 3054 688 3132 graduum
711 3052 926 3120 collationem,
941 3055 1098 3127 quatenus
1113 3047 1210 3107 iubis
1226 3062 1274 3108 ce-

529 3146 689 3208 lebrandis
707 3143 977 3218 conficiendisque
998 3142 1111 3202 saltem
1131 3140 1275 3202 substan-

531 3240 614 3301 tialia
634 3249 757 3300 servata
772 3241 845 3310 sint,
863 3253 944 3314 quae
959 3237 1083 3297 3131111
1102 3231 1274 3296 canonibus

530 3340 562 3394 et
584 3331 742 3410 regularis
764 3330 1016 3406 uniuscuiusque
1043 3327 1179 3389 instituti
1202 3343 1274 3388 con-

528 3425 750 3488 stitutionibus
763 3423 1035 3503 praescribuntur,
1050 3421 1170 3498 quodsi
1183 3437 1274 3482 secus

528 3526 719 3581 attentatum
742 3518 851 3588 fuerit,
869 3534 905 3578 33
917 3515 1005 3578 11113
1021 3533 1054 3576 33
1069 3513 1206 3576 11131113
1222 3514 1274 3575 13-

528 3611 677 3684 11313111,
695 3611 806 3687 tuique
822 3609 966 3670 muneris
982 3608 1044 3668 erit
1058 3609 1095 3669 ad
1109 3622 1273 3668 sacrorum

528 3721 685 3766 canonum
722 3710 754 3764 et
786 3703 972 3764 earumdem
1008 3699 1272 3761 constitutionum

527 3797 753 3876 praescriptam
779 3796 915 3857 formam
941 3793 1116 3854 reducendi
1131 3810 1165 3854 31
1185 3808 1273 3870 prae-

526 3888 642 3952 sertim
662 3889 767 3950 omnia
788 3889 876 3948 11113
898 3887 1064 3948 decretum
1086 3885 1125 3947 de
1148 3886 1273 3962 regula-

528 3984 654 4045 ribusa
682 3987 880 4044 sacrosancto
909 3979 1051 4041 Concilio
1084 3977 1272 4040 Tridentino

441 4085 445 4094 '
526 4077 668 4138 sessione
690 4075 846 4153 vigesima
869 4073 979 4150 quinta
1001 4072 1122 4134 editum
1146 4089 1272 4151 compo-

527 4170 635 4231 nendi.
660 4168 818 4231 Nolumus
845 4173 951 4228 tamen
979 4166 1082 4242 aliqua
1105 4172 1135 4226 te
1157 4166 1203 4226 uti
1226 4165 1272 4226 iu-

525 4262 711 4324 risdictione
735 4268 767 4322 31
789 4259 937 4321 facultate
959 4259 992 4320 in
1014 4259 1187 4330 moniales,
1213 4259 1272 4320 nisi

524 4357 558 4417 in
580 4371 629 4417 331
651 4370 731 4431 quae
753 4353 953 4429 regularium
980 4351 1194 4430 praelatorum
1218 4369 1271 4430 po-

525 4449 631 4510 testati
646 4447 908 4518 subiiciebantur,
926 4453 1084 4522 quatenus
1101 4445 1140 4506 ob
1157 4461 1270 4507 eorum

525 4529 686 4603 defectum
709 4556 787 4618 opus
809 4541 859 4608 sit,
878 4539 966 4600 salvo
989 4554 1120 4616 prorsus
1142 4537 1271 4599 111331-

525 4649 588 4710 que
618 4634 814 4704 auctoritate,
842 4633 875 4693 in
898 4631 1037 4708 reliquas
1067 4631 1105 4692 ad
1134 4631 1270 4693 formam

525 4713 670 4790 eiusdem
697 4726 875 4789 Tridentini
902 4725 1034 4796 decreti,
1065 4724 1269 4802 singulorum

525 4820 761 4882 ordinariorum
784 4832 924 4897 quorum
942 4818 1156 4880 subiiciuntur
1177 4819 1270 4879 iuris-

524 4913 666 4975 dic‘ticni.
698 4913 802 4989 Atque
824 4919 860 4974 ut
882 4911 1063 4974 fraternitas
1085 4918 1138 4972 113
1167 4913 1267 4986 malis,

523 5009 549 5068 si
571 5023 651 5084 quae
667 5007 749 5086 apud
764 5007 893 5068 eosdem
910 5007 1078 5083 regulares
1092 5006 1267 5081 inveneris,

525 5101 674 5162 salutaria
694 5101 836 5162 remedia
857 5099 1011 5162 adbibere
1026 5099 1140 5172 valeat,
1164 5107 1269 5162 aucto-

525 5194 618 5255 ritate
639 5192 807 5272 apostolica
835 5192 1017 5255 facultatem
1040 5192 1095 5252 tibi
1125 5193 1269 5254 concedi-

525 5301 598 5348 mus
620 5293 690 5348 tum
712 5285 925 5363 professiones
947 5301 1012 5346 non
1034 5285 1095 5345 rite
1118 5285 1266 5358 emissas,

523 5385 592 5441 tum
615 5379 788 5441 electiones
809 5397 825 5439 a
846 5377 1095 5457 provincialibus
1116 5377 1169 5439 vel
1184 5394 1200 5438 a
1215 5393 1268 5456 pe-

523 5473 692 5534 culiarium
712 5471 942 5534 coenobiorum
957 5487 1013 5533 seu
1031 5472 1202 5534 domorum
1217 5489 1268 5533 su-

523 5564 705 5643 perioribus
727 5581 792 5625 non
814 5564 960 5640 legitime
972 5563 1066 5626 factas
1081 5564 1208 5643 penitus
1223 5581 1268 5626 sa-

523 5657 629 5730 nandi,
648 5673 706 5719 neo
728 5673 793 5720 131
808 5657 1011 5735 dispensandi
1034 5673 1091 5735 per
1112 5658 1268 5719 condona·

524 5751 644 5812 tionem
666 5767 723 5813 seu
750 5749 1025 5828 compositionem,
1050 5757 1146 5829 prout
1166 5752 1268 5828 magis

523 5841 580 5903 tibi
594 5843 628 5903 in
642 5842 779 5904 Domino
795 5842 968 5917 videbitur,
985 5859 1083 5921 super
1098 5844 1266 5905 missarum

523 5934 618 6002 etiam
640 5934 838 5998 manualium
868 5936 1030 6010 oneribus,
1059 5936 1174 6016 quibus
1203 5953 1267 6000 non

1332 1388 1389 1434 seu
1412 1374 1620 1452 cappellanias
1642 1376 1826 1453 spectantia,
1843 1382 1876 1436 et
1893 1375 2079 1437 absolvendi

1334 1467 1524 1537 acensuris,
1555 1483 1633 1544 quas
1661 1469 1741 1530 circa
1769 1469 1880 1530 eadem
1910 1469 2079 1530 missarum

1335 1573 1432 1620 onera
1443 1559 1610 1636 regulares
1621 1560 1727 1622 forsan
1740 1561 1970 1636 contraxerint3
1987 1562 2078 1623 item-

1333 1665 1397 1726 que
1408 1651 1594 1714 absolvendi
1616 1655 1747 1716 eosdem
1762 1672 1778 1716 a
1793 1655 1934 1716 censuris
1956 1661 2078 1716 contra-

1333 1745 1391 1805 ctis
1414 1751 1483 1809 tum
1506 1746 1545 1808 ob
1562 1748 1759 1819 donationes,
1776 1749 1990 1819 venditiones,
2008 1765 2078 1827 per-

1334 1839 1527 1901 mutationes
1556 1847 1588 1901 et
1616 1839 1689 1902 alias
1718 1857 1935 1919 quascumque
1964 1843 2078 1904 aliena·

1333 1931 1436 1992 tiones
1468 1947 1579 1994 rerum
1612 1935 1649 1995 ad
1681 1935 1848 2010 regulares
1881 1936 1993 1996 domos
2020 1953 2077 1997 seu

1333 2032 1510 2087 conventus
1525 2025 1578 2088 vel
1591 2027 1628 2088 ad
1642 2027 1787 2103 singulos
1808 2029 1892 2105 ipsus
1908 2028 2077 2105 religiosos

1333 2118 1577 2195 pertinentium,
1599 2127 1667 2180 tum
1690 2121 1729 2181 ob
1752 2120 1902 2181 simonias
1924 2137 2078 2197 quocum-

1333 2213 1514 2286 quemodo
1543 2213 1691 2274 admissas
1718 2213 1752 2274 in
1779 2213 1984 2291 superiorum
2014 2215 2077 2276 ele-

1332 2303 1489 2364 ctionibus
1509 2304 1721 2382 perficiendis.
1746 2305 1792 2366 Ex
1808 2306 1856 2366 bis
1872 2306 2076 2384 1111311111-

1331 2395 1462 2472 telligis,
1479 2412 1553 2458 ven.
1577 2397 1686 2470 frater,
1703 2399 1889 2461 huiusmodi
1912 2416 2029 2462 munus
2045 2411 2077 2464 et.

1332 2489 1470 2551 officium
1498 2489 1553 2552 tibi
1576 2507 1614 2552 eo
1643 2492 1774 2553 consilio
1803 2509 1861 2554 nos
1891 2495 2073 2568 credidisse,

1330 2588 1367 2642 ut
1387 2583 1421 2644 11
1442 2583 1590 2661 praefatis
1612 2585 1798 2660 regionibus
1824 2587 2008 2663 regularem
2029 2589 2076 2649 in-

1330 2681 1452 2737 staures
1475 2677 1685 2755 disciplinam,
1709 2685 1804 2755 atque
1826 2680 1953 2752 abusus,
1973 2681 1999 2740 11
2021 2683 2075 2758 qui

1330 2768 1363 2828 11
1385 2785 1455 2830 eam
1476 2770 1675 2849 irrepserint,
1707 2773 1858 2848 divellas3
1888 2773 1919 2834 id
1941 2789 2019 2835 vero
2040 2782 2076 2835 11

1331 2860 1451 2922 facilius
1463 2865 1639 2940 assequaris
1655 2865 1884 2942 propositoque
1899 2873 2010 2928 nostro
2024 2884 2075 2946 ap-

1331 2954 1434 3031 prime
1463 2957 1665 3034 respondeas,
1697 2962 1886 3034 potestatem
1906 2959 1975 3020 'tibi
2004 2961 2074 3022 faci-

1331 3062 1401 3107 mus
1434 3049 1615 3110 assumendi
1646 3049 1732 3111 viros
1760 3050 1939 3126 religiosos,
1970 3053 2074 3130 probi-

1330 3147 1393 3202 tate
1416 3157 1555 3215 morum,
1587 3143 1740 3214 doctrina,
1770 3144 1937 3221 prudentia
1962 3163 1996 3207 ac
2021 3163 2074 3222 ge-

1330 3235 1504 3295 rendarum
1535 3250 1646 3296 rerum
1675 3235 1788 3312 peritia
1817 3239 2071 3312 commendatos,

1331 3339 1470 3400 quorum
1483 3327 1598 3388 vicaria
1613 3343 1708 3406 opera
1720 3329 1752 3388 in
1765 3329 1812 3388 bis
1828 3331 1879 3390 vel
1895 3331 2073 3392 universim

1330 3417 1382 3478 vel
1406 3419 1442 3480 ad
1466 3419 1611 3496 singulos
1634 3436 1723 3482 casus
1739 3422 1839 3483 utaris
1861 3424 1943 3501 apud
1958 3440 2009 3486 eas
2025 3439 2074 3485 re-

1331 3511 1459 3588 gulares
1474 3513 1654 3589 singulares
1676 3515 1788 3575 domos
1803 3531 1861 3578 seu
1884 3523 2072 3588 conventus,

1330 3605 1367 3665 31
1389 3620 1468 3682 quos
1483 3613 1514 3667 te
1530 3608 1742 3684 personaliter
1763 3609 1923 3674 accedere.
1947 3610 2074 3672 111313-

1330 3713 1440 3759 corum
1465 3699 1622 3770 distantia,
1639 3700 1707 3761 slve
1723 3701 1808 3762 aliud
1824 3703 1959 3779 quodvis
1974 3703 2074 3782 impe-

1329 3791 1509 3852 dimentum
1542 3792 1676 3854 minime
1704 3795 1840 3871 patitur3
1874 3797 2073 3874 proindeque

1330 3883 1385 3945 tibi
1407 3884 1450 3944 fas
1474 3885 1551 3957 erit,
1577 3892 1640 3946 tam
1662 3902 1720 3964 per
1742 3893 1790 3959 te,
1816 3903 1910 3965 quam
1937 3890 2074 3967 131111-

1328 3977 1467 4038 iusmodi
1488 3979 1781 4052 11331131,11111313
1802 3981 1835 4042 in
1855 3981 2073 4060 spiritualibus

1328 4085 1428 4147 aeque
1451 4087 1485 4131 ac
1507 4072 1540 4131 in
1562 4073 1791 4149 temporalibus
1812 4089 1870 4135 seu
1893 4075 2073 4136 oeconomi·

1328 4165 1371 4225 cis
1388 4165 1493 4225 omnia
1508 4172 1540 4226 et
1554 4166 1679 4242 singula
1701 4167 1863 4238 coenobia,
1881 4176 2071 4242 conventus,

1328 4257 1472 4334 hospitia,
1497 4259 1642 4334 collegia,
1667 4263 1919 4332 conservatoria,
1945 4279 2072 4324 eremos

1328 4357 1360 4412 et
1381 4351 1454 4412 alias
1477 4352 1589 4412 dumus
1611 4367 1829 4430 quascumque
1859 4356 2069 4432 regularium,

1327 4460 1383 4505 seu
1396 4445 1433 4505 ad
1446 4444 1715 4522 qualemcumque
1727 4447 1911 4522 regularem
1925 4449 2071 4510 ordinem

1327 4537 1537 4614 pertinentes,
1562 4537 1736 4601 dummodo
1759 4540 1791 4600 in
1818 4541 1954 4618 praefata
1976 4542 2071 4604 llexi-

1327 4646 1401 4691 cana
1423 4630 1543 4692 ditione
1573 4631 1725 4704 existant,
1757 4633 2001 4710 facultatesque,
2032 4637 2071 4698 de

1327 4722 1442 4799 quibus
1464 4739 1572 4802 supra,
1587 4723 1640 4785 vel
1663 4741 1721 4803 per
1743 4727 1881 4804 teipsum
1905 4743 2067 4802 exercere,

1325 4816 1378 4878 vel
1408 4833 1459 4878 eas
1489 4819 1656 4895 praedictis
1683 4819 1809 4880 vicariis
1840 4821 2067 4900 subdelegare,

1326 4910 1444 4971 tamin
1473 4909 1610 4986 singulis
1638 4911 1760 4973 casibus
1785 4912 1818 4972 in
1848 4913 1962 4988 quibus
1991 4931 2070 4993 opus

1325 5003 1434 5074 fuerit,
1449 5019 1544 5080 quam
1565 5004 1745 5066 universim
1762 5020 1819 5083 pro
1841 5006 1933 5068 brevi
1948 5013 2070 5086 tempo-

1325 5095 1368 5155 ris
1391 5095 1492 5174 spatio
1514 5095 1646 5156 arbitrio
1669 5101 1725 5158 tuo
1747 5097 1940 5172 deliniendo,
1964 5100 2005 5160 ita
2027 5107 2070 5161 ta·

1325 5204 1401 5249 men
1423 5195 1459 5249 ut
1481 5189 1520 5250 de
1542 5205 1653 5250 earum
1665 5206 1726 5250 usu
1747 5191 1905 5253 rationem
1928 5193 1984 5254 tibi
1999 5195 2070 5254 red-

1325 5281 1402 5344 dere
1424 5281 1571 5355 debeant,
1596 5283 1693 5360 idque
1715 5284 1923 5361 delegationis
1944 5301 2000 5347 seu
2023 5288 2069 5348 vi-

1324 5375 1479 5437 sitationis
1495 5377 1684 5454 apostolicae
1706 5379 1781 5439 actis
1803 5379 2065 5456 consignandum:

1324 5469 1471 5531 volentes
1493 5477 1525 5530 13
1548 5477 1683 5548 tuosque
1705 5471 1839 5533 vicarios
1867 5471 1934 5533 sive
1955 5472 2069 5534 subde·

1324 5561 1446 5639 legatus
1474 5564 1508 5624 in
1536 5564 1692 5626 eiusmodi
1721 5565 1795 5626 actis
1823 5582 1858 5626 ac
1882 5564 2068 5626 facultatum

1324 5657 1384 5718 usu
1402 5663 1435 5718 31
1449 5657 1604 5719 exercitio
1620 5657 1782 5720 declarare
1798 5658 1984 5720 auctoritate
1996 5675 2068 5737 apc-

1323 5749 1432 5811 stolica
1454 5751 1626 5828 peregisse.

2112 585 2166 644 An.
2181 591 2211 644 O.
2233 592 2305 644 1831

1363 5845 1381 5919 ἓ
1402 5842 1431 5904 6.
1449 5843 1616 5906 Ρ13313133
1631 5845 1764 5907 minime
1780 5845 1972 5919 dubitantes,
1990 5847 2067 5924 quin
2087 5855 2155 5916 ,ie-v
2171 5852 2296 5900 visitatori

1323 5945 1356 6000 et
1377 5937 1410 6000 11
1433 5938 1602 6001 consilium
1631 5927 1779 6001 nostrum
1808 5939 2000 6002 adamussim
2022 5957 2067 6004 as·

2086 5907 2297 6008 liniamenta
