4770 6982
96 575 152 623 An.
167 572 197 623 d.
221 571 288 623 1842

124 716 301 762 cardinalium

84 771 258 872 postulationi
276 771 302 834 li·

102 831 179 870 anler
208 828 303 870 annuit

83 886 110 925 et
144 877 303 934 parochiales

85 933 227 978 lacullates
260 943 302 976 re-

82 986 150 1031 rlori
177 986 233 1040 piae
254 985 303 1029 do-

83 1053 146 1085 mus
162 1039 288 1084 concedit.

926 586 1101 634 baudonius
1123 587 1174 634 PP.
1197 589 1263 635 xvi.

362 709 380 782 ἓ
401 707 429 770 3.
454 709 563 785 ltaque
585 723 697 769 omnes
724 713 756 770 et
776 706 921 784 singulos
951 706 1068 784 quihus

323 803 382 864 hae
402 803 528 864 litterae
550 801 669 874 lavent,
685 801 840 880 peculiari
858 800 1068 862 beneficentia

322 896 474 978 prosequi
495 896 653 968 volentes,
677 903 710 957 et
731 895 927 973 aquihnsvis
943 911 1069 957 excom-

323 991 548 1055 municationis
570 997 602 1052 et
623 989 797 1062 interdicti,
814 989 948 1066 aliisque
970 988 1069 1064 eccle-

321 1086 453 1150 siasticis
467 1085 646 1157 sententiis,
664 1085 806 1147 censuris
821 1100 856 1145 ac
870 1083 980 1161 poenis
993 1097 1070 1160 quo·

323 1183 370 1243 vis
385 1180 482 1243 mlrdo
496 1179 550 1240 vel
572 1179 682 1256 quavis
700 1179 739 1241 dc
754 1193 844 1240 causa
856 1177 936 1248 latis,
951 1177 977 1238 si
992 1192 1069 1253 quas

322 1273 406 1336 lorte
428 1273 613 1344 incurrerit,
637 1273 732 1334 huius
753 1277 878 1334 lantum
900 1271 948 1332 rei
972 1269 1071 1347 gralia

323 1367 525 1431 absolventes
551 1383 584 1428 ao
609 1365 769 1428 absolutos
795 1365 865 1427 lore
890 1371 1069 1434 censentes,

324 1469 413 1526 motu
436 1461 578 1539 proprio,
602 1467 688 1522 certa
708 1460 849 1531 scientia,
873 1465 996 1520 matura
1019 1459 1072 1521 de-

323 1556 525 1627 liberatione,
540 1554 644 1631 deque
663 1553 853 1632 apostolicae
876 1558 1002 1614 nostrae
1018 1569 1072 1630 po-

325 1649 447 1712 testatis
469 1649 681 1728 plenitudine,
699 1648 785 1710 hisce
800 1647 915 1709 litteris
931 1647 1002 1708 Piae
1018 1645 1072 1708 Ca-

325 1745 595 1808 techumenorum
608 1742 729 1804 Domus
741 1741 774 1802 in
786 1749 934 1818 ternpore
945 1739 1073 1802 Rectori

326 1844 521 1918 perpetuum
544 1837 577 1898 in
594 1837 725 1898 modurn
749 1835 967 1897 omnimodam
984 1849 1073 1912 paro-

326 1933 460 1996 chialem
484 1931 740 1992 iurisdictionem
756 1929 929 1991 tribuimus
946 1943 1022 2006 erga
1037 1927 1073 1988 il-

325 2029 373 2089 los
397 2042 508 2088 ornnes
531 2029 655 2087 tanturn
671 2023 896 2092 exercendam,
914 2021 969 2098 qui
991 2021 1074 2082 intra

327 2121 472 2182 eamdem
495 2119 579 2180 Piam
603 2117 741 2178 llornum
764 2122 933 2178 morantur
947 2113 1000 2176 vel
1020 2113 1075 2175 do-

327 2213 482 2275 micilium
515 2211 644 2272 habent.
678 2209 777 2284 Quam
807 2209 847 2270 ob
877 2224 946 2270 rern
974 2207 1074 2286 ipsius

323 2302 398 2368 'Piae
409 2307 529 2368 Domus
541 2321 600 2384 pro
611 2312 758 2382 tempore
770 2302 897 2365 Rectori
910 2301 1075 2364 facultates

328 2407 485 2480 perpetuo
513 2400 656 2468 iacimus,
681 2403 716 2461 ut
737 2395 805 2476 ipse
834 2396 942 2476 pueris
970 2395 1076 2457 cathe-

328 2497 471 2559 cumenis
494 2501 526 2556 et
554 2493 797 2572 Neophytorum
822 2493 896 2554 liliis
924 2491 1075 2570 baptismi

328 2590 568 2652 Sacramentum
592 2587 752 2657 conferre,
776 2601 810 2648 ac
830 2587 915 2648 intra
929 2586 1075 2648 eamdem

327 2685 413 2746 Piam
438 2683 577 2746 ltomurn
607 2679 799 2758 degentibus
832 2677 1075 2742 Sanctissimum

330 2777 546 2840 Eucharistiae
561 2774 804 2838 Sacramentum
820 2773 957 2851 paschali
980 2775 1075 2835 etiam

329 2879 475 2950 tempore
496 2871 529 2932 in
552 2867 756 2932 ecclesiastici
774 2867 936 2945 praecepti
958 2867 1076 2929 salisia-

328 2966 467 3027 ctionem
498 2963 670 3042 impertiri,
699 2962 830 3022 illorum
856 2961 1077 3022 matrimonio-

329 3073 402 3119 rum
418 3057 626 3120 celebrationi
641 3055 743 3117 veluti
758 3055 907 3132 proprius
921 3055 1077 3133 parochus

328 3153 487 3223 assistere,
512 3150 612 3230 ipsius
641 3150 712 3211 Piae
734 3149 854 3210 Domus
881 3148 1077 3210 benedictio-

329 3263 404 3309 nem
426 3246 460 3307 in
482 3243 617 3307 Sabbato
640 3241 754 3305 Sancto
780 3259 887 3320 agere,
911 3248 1006 3318 atque
1028 3257 1077 3304 ae-

330 3339 532 3418 grotantibus
555 3337 797 3400 sanctissimum
820 3336 938 3398 Christi
953 3337 1077 3414 Corpus

329 3435 365 3496 ad
397 3432 621 3495 aeternitatem
652 3430 808 3492 Viaticum
839 3431 924 3502 dare,
956 3443 1077 3506 eosque

329 3543 418 3590 sacro
441 3525 628 3588 exeuntium
647 3524 719 3586 oleo
734 3524 894 3599 inungere
910 3522 1024 3594 libere,
1041 3522 1077 3583 li-

329 3627 391 3684 crte
413 3637 447 3683 ac
468 3620 572 3682 valide
601 3617 702 3697 possit
723 3625 756 3680 et
781 3617 904 3679 debeat.
928 3615 1000 3678 Non
1022 3616 1078 3678 dn-

329 3715 466 3778 bitamus
488 3713 632 3792 prolecto
662 3713 740 3789 quin
770 3710 838 3789 ipse
860 3711 931 3772 Piae
956 3710 1077 3771 Domus

329 3810 531 3887 intempore
559 3807 674 3869 Rector
700 3805 786 3868 hisce
808 3804 952 3866 munitus
982 3803 1078 3866 iacul-

330 3903 447 3965 tatibns
470 3901 575 3962 omnia
598 3917 647 3970 eo,
672 3913 735 3976 quo
757 3913 813 3978 par
836 3903 895 3970 cst,
914 3897 1030 3958 decore
1046 3905 1078 3959 et

330 3995 419 4060 cultu
447 4011 487 4057 ex
515 3993 674 4056 Ecclesiae
700 3991 895 4071 praescripto
921 4007 1077 4069 peragere

330 4089 504 4167 diligenter
518 4087 654 4150 studeat.
677 4085 765 4161 Quod
788 4091 895 4148 autem
911 4085 947 4147 ad
964 4084 1077 4148 lunera

330 4185 481 4264 pertinet,
495 4181 657 4254 volumus
673 4187 710 4242 ut
724 4181 850 4257 quoties
865 4178 979 4256 aliquis
994 4179 1077 4240 intra

331 4279 476 4340 eamdem
491 4277 578 4338 Piam
593 4275 731 4339 Domum
747 4276 867 4352 degens
882 4290 922 4336 ex
941 4273 998 4336 hac
1012 4273 1077 4335 vita

331 4371 531 4450 migraverit,
548 4369 635 4432 illius
654 4370 788 4432 cadaver
809 4368 877 4447 ipse
898 4366 1014 4430 Rector
1030 4368 1077 4428 in-

330 4473 382 4528 tus
402 4466 548 4528 eamdem
563 4463 702 4526 Domum
719 4478 759 4525 ex
774 4477 865 4524 more
880 4462 1002 4533 ellerat,
1019 4477 1076 4524 seu

264 4586 265 4590 ¹
331 4559 464 4622 associet
478 4573 582 4636 usque
597 4558 633 4619 ad
650 4555 826 4628 ecclesiam,
843 4555 896 4616 vel
915 4555 942 4616 si
956 4555 999 4616 ita
1013 4569 1077 4616 ma-

133 5130 267 5172 llet-return
282 5127 314 5171 ir-

98 5182 180 5227 ritans
199 5186 224 5226 et
244 5180 314 5226 clau·

97 5236 176 5281 solae,

333 4653 380 4730 gis
402 4652 559 4732 placuerit
585 4649 746 4729 supremis
771 4649 843 4711 Piae
868 4651 988 4712 Domus
1010 4665 1077 4711 mo-

332 4745 533 4809 deratoribus
543 4760 648 4821 nsque
663 4744 700 4806 ad
715 4743 816 4805 limen
831 4748 991 4804 externae
1006 4757 1077 4820 por-

331 4847 393 4912 tae,
416 4845 511 4918 atque
532 4839 577 4900 lbi
598 4837 679 4900 illud
701 4836 844 4900 vicarius
866 4835 1002 4898 duratus
1025 4851 1078 4898 ex-

332 4933 436 5012 cipiat,
459 4933 493 4994 in
515 4931 730 5010 parochialem
754 4930 920 4993 ecclesiam
943 4929 1075 5002 delerat,

333 5034 365 5089 et
386 5027 537 5104 exequias
560 5042 599 5088 ex
620 5041 712 5087 rnore
734 5031 816 5102 agat.

372 5120 441 5196 §a
464 5119 547 5182 llaec
568 5119 729 5190 volumus,
756 5117 936 5190 statuimus,
961 5117 1078 5196 praeci-

332 5215 438 5295 pimus
459 5221 554 5292 atque
577 5213 765 5275 mandamus
792 5213 1002 5275 decernentes
1024 5212 1079 5274 has

332 5313 518 5388 praesentes
540 5307 658 5380 literas,
682 5307 802 5379 lirmas,
818 5305 938 5368 validas
961 5312 994 5367 et
1015 5305 1079 5367 elii·

332 5419 419 5465 caces
440 5402 580 5464 existere
602 5407 635 5463 et
655 5399 735 5472 iore,
758 5414 897 5476 suosque
920 5399 1080 5478 plenarios

333 5501 366 5558 et
385 5495 529 5572 integros
546 5494 679 5556 effectus
694 5491 803 5554 sortiri
824 5498 856 5554 et
871 5492 1028 5564 obtinere,
1046 5509 1080 5554 ac

332 5589 369 5650 iis
391 5588 428 5650 ad
447 5603 527 5666 quos
543 5593 663 5666 spectat
679 5592 711 5648 et
725 5601 783 5664 pro
798 5591 946 5664 tempore
960 5591 1080 5664 specta-

332 5682 389 5756 bit,
406 5683 467 5745 hoc
481 5681 664 5759 futurisque
679 5679 879 5758 temporibus
894 5679 1080 5759 plenissime

332 5776 510 5855 suffragari,
527 5775 637 5854 sicque
658 5775 692 5836 in
707 5773 890 5854 praemissis
909 5789 967 5852 per
987 5789 1081 5852 quos-

1125 721 1264 784 cumque
1289 709 1409 772 iudices
1436 710 1612 773 ordinarios
1639 717 1671 774 et
1696 711 1871 788 delegatos,

1126 801 1221 862 etiam
1236 818 1403 864 causarum
1421 804 1524 884 palatii
1537 804 1700 882 apostolici
1713 805 1874 866 auditores

1126 911 1160 956 ac
1172 892 1292 958 sitm
1307 895 1500 968 Cardinales,
1515 897 1638 960 sublata
1655 899 1700 960 eis
1717 905 1874 961 eteorum

1126 989 1258 1051 cuilibet
1278 989 1389 1066 quavis
1417 991 1509 1053 aliter
1530 990 1688 1054 iudicandi
1714 991 1873 1065 facultate,

1127 1082 1258 1144 iudicari
1281 1100 1315 1145 ac
1337 1084 1476 1156 deliniri,
1494 1083 1613 1147 debere
1632 1085 1828 1162 irritumque
1844 1091 1876 1146 et

1128 1177 1221 1238 inane
1237 1177 1391 1254 quidquid
1405 1193 1496 1240 secus
1510 1178 1668 1256 superbis
1684 1195 1872 1258 aquoquam

1128 1271 1238 1346 quavis
1254 1271 1441 1333 auctoritate
1455 1271 1595 1334 scienter
1613 1273 1666 1335 vel
1688 1273 1876 1350 ignoranter

1128 1364 1302 1440 contigerit
1322 1365 1483 1427 attentari.

1168 1459 1186 1532 ἓ
1208 1459 1237 1520 5.
1255 1457 1325 1520 Non
1342 1458 1552 1532 obstantibus,
1570 1461 1697 1537 quoties
1714 1477 1793 1540 opus
1808 1463 1876 1524 ine-

1129 1550 1181 1622 rit,
1200 1557 1308 1612 nostra
1331 1556 1363 1612 et
1376 1549 1590 1616 Cancellariae
1606 1554 1805 1634 apostolicae
1827 1572 1877 1618 re-

1131 1643 1204 1719 gula
1226 1645 1265 1706 de
1294 1643 1365 1705 iure
1394 1647 1538 1722 quaesito
1568 1663 1633 1710 non
1662 1649 1815 1722 tollendo,
1843 1667 1877 1710 ao

1130 1753 1194 1799 rec.
1225 1753 1289 1799 me.
1320 1737 1484 1801 Benedicti
1509 1739 1590 1802 xlv.
1622 1743 1877 1820 praedecessoris

1131 1831 1234 1892 nostri
1255 1847 1353 1910 super
1375 1831 1444 1894 Div.
1470 1833 1541 1897 ilat.
1566 1834 1700 1912 aliisque
1729 1838 1878 1914 apostoli-

1131 1924 1174 1985 cis
1197 1941 1231 1986 ac
1245 1925 1278 1986 in
1301 1924 1539 1988 universalibus
1562 1930 1877 2008 provincialibusque

1132 2023 1164 2078 et
1191 2018 1397 2095 synodalibus
1427 2021 1569 2082 conciliis
1597 2022 1690 2084 editis
1721 2024 1878 2100 generali-

1132 2110 1191 2172 bus
1206 2111 1258 2173 vel
1274 2112 1464 2189 specialibus
1481 2115 1764 2178 constitutionibus
1781 2124 1813 2178 et
1828 2133 1878 2178 or-

1132 2205 1358 2277 dinationibus,
1384 2223 1442 2269 nec
1464 2223 1529 2270 non
1552 2209 1696 2272 eiusdem
1719 2211 1790 2274 Piae
1816 2212 1878 2277 Do·

1132 2317 1203 2362 mus
1232 2308 1264 2363 et
1291 2309 1560 2365 commemoratae
1589 2306 1753 2382 paroeciae
1783 2305 1877 2368 etiarn

1131 2395 1329 2466 iuramento,
1360 2396 1604 2458 confirmatione
1633 2399 1803 2476 apostolica
1826 2399 1879 2462 vel

1132 2489 1243 2565 quavis
1266 2489 1419 2552 firmitate
1440 2491 1498 2564 alia
1520 2492 1678 2554 roboratis
1699 2494 1826 2555 statutis
1848 2499 1880 2556 et

1133 2583 1432 2657 consuetudinibus,
1460 2585 1639 2664 privilegiis
1662 2601 1802 2664 quoque,
1832 2587 1879 2648 in-

1133 2677 1231 2738 dultis
1254 2684 1286 2738 et
1307 2677 1409 2738 literis
1432 2679 1611 2758 apostolicis
1627 2680 1659 2742 in
1682 2682 1879 2742 contrarium

1133 2770 1378 2848 quomodolibet
1410 2773 1586 2846 concessis
1619 2774 1815 2836 confirmatis
1848 2781 1881 2836 et

1133 2865 1306 2926 innovatis:
1340 2867 1456 2942 quibus
1489 2868 1639 2930 omnibus
1672 2873 1704 2929 et
1731 2869 1878 2946 singulis,

1133 2957 1265 3018 illorum
1294 2963 1426 3022 tenores
1455 2960 1677 3038 praesentibus
1700 2977 1757 3039 pro
1786 2961 1881 3040 plene

1134 3067 1168 3111 ac
1190 3051 1388 3113 sufficienter
1414 3055 1576 3131 expressis
1599 3055 1703 3132 deque
1720 3057 1821 3117 verbo
1843 3057 1881 3118 ad

1134 3146 1272 3207 verbum
1301 3145 1432 3209 insertis
1461 3148 1634 3221 habentes,
1659 3150 1722 3211 illis
1752 3149 1827 3212 alias
1849 3151 1881 3212 in

1134 3253 1192 3300 suo
1222 3239 1340 3302 robore
1369 3243 1599 3318 permansuris,
1627 3243 1663 3305 ad
1693 3243 1882 3321 praemisso-

1134 3348 1206 3394 rum
1230 3333 1380 3396 eilecturn
1410 3334 1466 3396 hac
1488 3335 1558 3398 vice
1580 3337 1745 3399 dunstaxat
1765 3338 1882 3414 specia-

1134 3426 1209 3488 liter
1225 3434 1257 3488 et
1277 3443 1430 3506 expresse
1454 3429 1658 3506 derogamus,
1683 3431 1882 3508 caeterisque

1135 3520 1283 3583 omnibus
1306 3521 1401 3583 etiarn
1417 3522 1544 3600 speciali
1561 3528 1593 3584 et
1614 3523 1778 3586 individua
1793 3539 1882 3586 men-

1134 3613 1222 3676 tione
1238 3631 1271 3676 ac
1291 3615 1499 3692 derogatione
1515 3615 1620 3694 dignis
1636 3617 1668 3678 in
1684 3617 1880 3680 contrarium

1134 3707 1322 3770 iacientibus
1343 3709 1613 3787 quibuscumque.

1173 3800 1286 3864 ilatum
1309 3801 1428 3864 Rornae
1450 3804 1531 3881 apud
1548 3802 1580 3866 S.
1598 3805 1729 3867 Petrum
1748 3806 1808 3868 sub
1830 3824 1883 3869 an·

1134 3896 1213 3958 nulo
1231 3896 1342 3958 Piscat.
1371 3896 1422 3958 die
1439 3913 1507 3958 xrx.
1532 3913 1662 3960 novem.
1680 3916 1880 3975 cccccxcn„

1134 3991 1335 4071 pontificatus
1356 3989 1458 4052 nostri
1479 4007 1563 4053 anno
1585 4009 1642 4054 xn.

1433 4154 1475 4158 -..-
1487 4151 1628 4160 --.-.....-.

1428 4270 1586 4336 ccxxiii.

1134 4457 1249 4523 Abbati
1270 4460 1413 4540 peperoli
1432 4459 1496 4522 FF.
1514 4460 1728 4524 Arnenornnr
1753 4459 1884 4527 Ordinis

1174 4551 1205 4615 S.
1234 4553 1369 4614 Antonii
1397 4553 1587 4633 proiciatur
1615 4554 1651 4616 de
1675 4557 1744 4618 cine
1771 4557 1884 4640 confir-

1174 4647 1314 4710 matione
1328 4647 1363 4710 in
1379 4645 1509 4711 abbatia
1525 4666 1545 4712 o
1563 4647 1637 4730 Gap.
1658 4648 1734 4711 Gen.
1755 4649 1885 4714 Ordinis

1173 4744 1309 4803 stotntn.

1309 4883 1530 4952 carentinis
1554 4885 1614 4952 ΡΡ.
1640 4887 1711 4954 llll.

1414 5023 1531 5089 Dileote
1554 5023 1607 5102 lili,

1171 5115 1299 5184 salutem
1323 5121 1354 5182 el
1376 5117 1574 5200 apostolicam
1598 5119 1849 5186 benedictionem.

1177 5305 1224 5368 Ex
1246 5305 1362 5368 litteris
1390 5308 1453 5369 tuis
1475 5307 1535 5369 sub
1564 5307 1616 5370 die
1639 5325 1726 5371 xxxv.
1756 5311 1885 5388 augusti

1137 5400 1174 5462 ad
1196 5415 1254 5462 nos
1277 5399 1356 5462 datis
1385 5401 1597 5478 cognovimus
1626 5418 1764 5480 eaquae
1793 5403 1885 5466 nobis

1138 5499 1226 5571 grata
1248 5493 1420 5555 admodum
1443 5495 1637 5570 acciderunt,
1661 5503 1692 5558 te
1715 5497 1838 5560 scilicet
1851 5499 1885 5560 in

1136 5594 1301 5666 postremo
1324 5588 1462 5666 capitulo
1482 5589 1667 5666 generalem
1689 5590 1737 5653 tui
1760 5589 1886 5654 Ordinis

1137 5679 1293 5742 abbatem
1316 5681 1415 5742 luisse
1443 5683 1669 5746 confirmatum
1692 5701 1726 5746 ae
1753 5684 1886 5749 dilectos

1137 5773 1221 5836 illios
1242 5773 1408 5836 Nicolaum
1424 5774 1601 5853 Gagoriean
1616 5794 1650 5840 ac
1668 5777 1783 5841 Narses
1798 5777 1887 5858 'loia-

886 5915 940 5920 -.—
957 5915 989 5920 .--
1002 5915 1011 5919 -
1024 5913 1030 5919 a
1047 5913 1372 5921 -ωψ-ᾐῌ-«..-...-...-.

378 5992 407 6046 (1)
421 5993 458 6036 lix
473 5993 536 6048 Reg.
550 5989 673 6036 Brevlum
689 5991 737 6036 vol.
754 5991 791 6046 v,
806 5999 864 6048 pag.
881 5992 926 6035 lli.

1794 577 1853 642 303
1904 513 2002 627 nnc.
2026 578 2093 630 reia
