4788 6980
331 492 383 544 An.
399 494 428 544 C.
453 492 520 544 1840
568 489 628 552 252

550 624 674 702 Religio
695 623 869 686 Catholica:
892 621 983 684 nobis
998 619 1180 684 laetandum
1196 623 1243 680 est
1258 633 1297 678 en

550 718 619 790 alia,
649 719 688 780 de
719 716 839 779 crebris
872 714 1054 794 triumphis,
1088 727 1168 792 quos
1201 711 1297 774 etiam

548 810 638 883 inibi,
656 809 695 871 ob
710 809 861 871 invictam
876 809 1107 871 catholicorum
1120 810 1297 884 pastorum·

549 920 612 982 que
631 903 850 976 constantiam,
868 904 984 982 passim
999 907 1180 982 reportasse
1196 899 1297 961 nosci-

549 1004 602 1059 tur
624 1003 656 1060 et
677 1003 859 1075 reportare:
886 996 1158 1074 quemadmodum
1181 1001 1213 1056 et
1234 1009 1298 1054 ma-

549 1106 613 1168 gno
642 1091 756 1167 gaudio
784 1089 983 1168 perfruimur
1013 1089 1052 1151 ob
1074 1088 1184 1150 felices
1210 1087 1297 1150 illius

548 1185 634 1246 inter
651 1190 700 1246 tot
715 1183 875 1246 obstacula
889 1183 1056 1260 mirosque
1072 1181 1245 1262 profectus,
1262 1187 1299 1244 ut

548 1279 570 1339 ii
586 1277 692 1350 etiam,
711 1277 766 1354 qui
784 1293 824 1338 er
839 1277 974 1339 adverso
989 1283 1074 1348 sunt,
1093 1276 1295 1355 perspiciant,

549 1371 770 1450 oppressiones
793 1377 825 1432 et
844 1370 1043 1442 venationes,
1060 1369 1176 1448 quibus
1193 1369 1298 1446 exagi-

550 1471 633 1527 tatur
655 1465 805 1538 Ecclesia,
837 1481 901 1527 non
927 1481 1000 1526 raro
1030 1465 1098 1526 eius
1122 1463 1242 1541 gloriae
1265 1481 1298 1525 ac

549 1559 696 1621 fidelibus
714 1560 746 1620 in
761 1557 921 1621 Catholica
935 1557 1103 1635 Religione
1119 1557 1219 1634 magis
1236 1572 1298 1618 ma-

549 1653 663 1730 gisque
683 1652 909 1715 confirmandis
930 1652 1100 1714 inservire.

588 1750 607 1823 ς
629 1745 658 1808 6.
683 1747 816 1820 Verum,
840 1752 877 1808 ut
905 1747 944 1808 de
967 1746 1148 1826 apostolicis
1177 1745 1298 1808 missio-

550 1841 644 1902 nibus
672 1841 857 1917 loquamur:
890 1853 986 1918 quam
1012 1839 1150 1902 laetandi
1171 1855 1296 1900 causam

551 1933 641 1994 nobis
670 1949 735 1995 non
763 1933 918 2011 praebent
939 1939 971 1995 et
991 1933 1163 1996 universae
1192 1932 1298 1994 Eccle-

550 2029 614 2088 siae
628 2027 745 2089 uberes
758 2028 945 2089 earumdem
962 2027 1149 2089 missionum
1162 2026 1295 2099 tructus,

551 2121 690 2198 fideique
711 2136 903 2199 progressus
918 2120 951 2182 in
967 2118 1123 2192 America,
1139 2120 1173 2181 in
1188 2119 1295 2192 indiis,

550 2221 644 2291 atque
666 2215 699 2275 in
720 2214 787 2276 aliis
813 2213 994 2276 infidelium
1021 2213 1211 2292 praesertim
1234 2218 1297 2274 ter-

550 2308 617 2367 rist
636 2307 725 2368 Haud
740 2307 826 2368 enim
841 2307 1007 2384 ignoratis,
1021 2306 1222 2369 venerabiles
1238 2305 1298 2368 lra-

552 2407 625 2472 tres,
650 2399 764 2462 nostris
787 2415 916 2478 quoque
937 2400 1138 2479 temporibus
1156 2400 1218 2462 late
1234 2400 1298 2462 illis

549 2493 745 2572 inpartibus
775 2493 909 2556 diffundi
936 2494 1084 2557 virorum
1112 2495 1298 2574 apostolico-

550 2603 623 2649 rum
635 2601 821 2660 numerum,
835 2587 1100 2665 indefessumque
1113 2588 1231 2661 zelum,
1243 2591 1298 2666 qui

551 2697 615 2742 non
636 2680 845 2760 pecuniarum
868 2681 966 2760 copia,
984 2698 1049 2743 non
1067 2697 1232 2743 armorum
1248 2699 1299 2761 ap-

551 2780 660 2853 paratu
687 2774 821 2846 suffulti,
845 2775 902 2836 sed
931 2775 1004 2836 ddei
1033 2781 1157 2837 tantum
1186 2776 1298 2855 clypeo

552 2868 678 2940 muniti,
703 2869 822 2932 nedum
845 2884 924 2930 voce
947 2874 979 2930 et
995 2869 1131 2947 scriptis,
1150 2869 1298 2948 privatim

552 2969 584 3025 et
604 2963 741 3041 publice,
763 2963 890 3044 praelia
911 2961 1039 3024 Domini
1060 2969 1170 3026 contra
1188 2963 1299 3026 baere-

550 3073 601 3118 ses
616 3063 649 3118 et
662 3056 931 3130 incredulitatem,
949 3061 981 3117 et
996 3057 1128 3133 quidem
1144 3073 1299 3137 prospero

549 3166 708 3224 successu,
729 3149 889 3232 proeliari
910 3165 975 3211 nen
996 3149 1225 3228 reformidaut3
1244 3167 1299 3213 ve-

551 3260 625 3306 rum
648 3245 743 3306 etiam
761 3242 897 3306 caritatis
918 3243 1032 3304 ardore
1048 3243 1180 3317 incensi,
1197 3244 1299 3306 nulla-

551 3353 614 3415 que
636 3338 782 3400 deterriti
803 3336 958 3399 itinerum
973 3336 1143 3415 asperitate
1161 3343 1215 3400 aut
1230 3353 1299 3415 gra-

550 3433 649 3494 vitate
667 3433 825 3504 laborum,
842 3437 928 3493 terra
943 3431 1089 3507 marique
1104 3432 1299 3509 conquirunt

549 3527 699 3588 sedentes
720 3525 754 3587 in
775 3524 917 3587 tenebris
940 3529 972 3586 et
992 3524 1107 3586 umbra
1122 3525 1246 3598 mortis,
1263 3533 1300 3588 ut

551 3637 606 3682 eos
629 3621 666 3681 ad
681 3620 792 3682 lumen
809 3624 840 3680 et
854 3619 952 3682 vitam
969 3623 1105 3680 evocent
1118 3617 1298 3684 Catholicae

551 3711 827 3790 Religionisflino
838 3712 1106 3789 adquaecumque
1118 3713 1299 3777 discrimina

550 3805 702 3884 intrepidi
723 3821 781 3883 per
800 3803 1009 3866 barbarorum
1024 3805 1119 3866 silvas
1134 3821 1298 3868 cavernas-

552 3916 614 3978 que
629 3915 746 3976 magno
758 3899 864 3960 animo
876 3903 1054 3977 permeant,
1068 3899 1204 3978 illosque
1216 3901 1299 3962 chri-

551 3994 650 4055 stiana
672 3992 823 4071 paulatim
845 3993 1000 4055 suavitate
1022 3991 1170 4055 delinitos
1192 3994 1229 4056 ad
1244 4009 1299 4056 ve·

552 4103 619 4149 ram
635 4087 732 4149 tidem
751 4101 925 4164 veramque
943 4087 1099 4150 virtutem
1111 4086 1296 4162 informant,

551 4200 585 4244 ac
608 4182 735 4244 tandem
758 4197 814 4260 per
837 4181 998 4244 lavacrum
1013 4183 1299 4260 regenerationisa

551 4275 668 4339 diaboli
688 4276 845 4338 servitute
868 4275 1019 4354 eripiunt,
1044 4282 1139 4354 atque
1153 4276 1186 4338 in
1202 4276 1298 4338 liber-

551 4377 648 4432 tatem
670 4369 831 4431 vindicant
853 4367 994 4432 filiorum
1016 4369 1193 4448 adoptionis
1208 4370 1276 4432 Dei.

590 4466 609 4538 g
630 4462 658 4524 7.
683 4462 754 4525 Non
776 4478 945 4541 possumus
974 4473 1081 4546 autem
1107 4463 1177 4525 sino
1198 4463 1297 4543 lacry-

552 4557 623 4630 mis,
647 4563 717 4618 tum
739 4556 869 4630 doloris,
893 4557 1124 4620 immanitatem
1148 4573 1298 4622 execran-

553 4658 600 4713 tes
614 4656 859 4728 persecutorum
875 4655 907 4711 et
925 4650 1120 4724 carnificum,
1141 4656 1210 4712 turn
1225 4668 1298 4714 con-

551 4743 910 4815 solationis-heroicam
939 4745 1148 4822 suspicientes
1176 4746 1298 4808 contes-

550 4853 660 4901 sorum
676 4837 749 4899 ddei
762 4839 982 4912 constantiam,
997 4839 1134 4917 gloriosa
1148 4840 1199 4903 hic
1214 4857 1299 4902 com-

552 4947 734 4994 memorare
755 4931 936 4994 recentium
958 4933 1132 5012 Martyrum
1156 4939 1244 5012 gesta
1265 4935 1298 4997 in

551 5025 775 5088 remotissimis
786 5023 923 5089 Orientis
936 5026 1047 5105 plagis,
1058 5043 1198 5104 quorum
1211 5030 1299 5107 equi-

552 5121 624 5182 dem
647 5119 756 5182 laudes
777 5119 986 5182 consistoriali
1008 5121 1091 5183 haud
1112 5122 1154 5183 ita
1173 5123 1298 5202 pridem

551 5215 743 5277 allocutione
772 5213 1016 5277 celebravimus.
1040 5215 1176 5279 Fumant
1197 5217 1299 5282 adhuc

552 5309 713 5389 Tunquini
737 5314 769 5371 et
789 5308 976 5373 Cocincinae
991 5311 1140 5388 regiones
1155 5313 1298 5391 plurium

551 5419 716 5466 sacrorum
731 5402 920 5464 antistitum
937 5409 968 5464 et
983 5405 1248 5482 presbyterorum
1264 5409 1298 5468 o-

552 5497 739 5575 deliumque
760 5497 939 5560 incolarum
957 5499 1124 5576 sanguine,
1142 5501 1197 5576 qui
1216 5501 1298 5562 chri-

550 5591 728 5654 stianorum
750 5593 937 5670 Martyrum,
962 5593 1075 5669 quibus
1095 5593 1194 5672 prisca
1211 5609 1299 5673 prae-

550 5688 663 5748 sertim
685 5692 769 5749 aetas
790 5686 949 5762 inclaruit,
975 5688 1121 5766 exempla
1142 5704 1298 5750 renovan-

1068 502 1134 548 vult.
1158 499 1249 546 bour.
1274 499 1314 544 bu
1336 499 1366 546 Ρ.
1390 499 1419 546 1⁴³.
1444 501 1528 547 PARS
1549 503 1571 547 l.

1354 621 1410 690 tes,
1428 618 1588 698 impavido
1603 621 1636 682 in
1652 621 1822 683 tormentis
1838 621 1943 684 animo
1961 623 2116 682 mortem

1353 712 1606 775 crudelissimam
1629 730 1687 792 pro
1712 713 1840 776 Christo
1862 716 1895 776 in
1917 715 1996 776 ddei
2021 711 2116 774 testi-

1353 804 1499 868 monium
1522 807 1738 885 oppetierunt.
1762 807 1820 881 Qui
1842 808 1948 884 itaque
1965 804 2117 886 praecla-

1353 898 1419 960 rior
1448 899 1607 962 Ecclesiae
1636 915 1669 961 ac
1691 900 1866 976 Religionis
1898 901 2114 979 triumphus3

1353 1005 1434 1069 quae
1456 993 1557 1054 maior
1575 1009 1645 1055 eam
1661 995 1928 1073 persequentium
1943 993 2113 1064 conlusio,

1353 1099 1448 1162 quam
1480 1085 1561 1148 lacto
1592 1085 1811 1166 comprobatas
1843 1085 1965 1150 videre
1986 1087 2117 1148 nostris

1354 1179 1449 1240 etiam
1471 1179 1558 1242 hisce
1573 1180 1686 1242 diebus
1701 1181 1824 1243 divinas
1841 1187 2021 1260 perpetuae
2039 1196 2118 1258 pro-

1353 1271 1500 1334 tectionis
1523 1279 1555 1334 et
1576 1273 1723 1336 adiutorii
1752 1275 1994 1352 promissiones,
2023 1274 2117 1336 unde

1353 1365 1399 1438 fit,
1423 1367 1508 1444 quod
1531 1367 1620 1429 aelle
1641 1367 1691 1448 (ut
1705 1369 1812 1430 verbis
1829 1374 1958 1430 utamur
1975 1367 2010 1430 S.
2032 1368 2118 1429 Leo-

1354 1458 1416 1540 nis)
1438 1460 1638 1523 crudelitatis
1657 1478 1768 1542 pcnerc
1789 1461 1912 1524 destrui
1931 1463 2038 1542 possit
2055 1460 2117 1524 Sa-

1336 1559 1515 1616 ‘crcmcuto
1551 1553 1664 1617 Crucis
1703 1553 1822 1617 Christi
1856 1556 2003 1636 suadeta
2037 1556 2118 1618 reli-

1353 1647 1430 1726 gio?
1451 1647 1496 1728 (l)

1393 1744 1411 1816 ἓ
1432 1740 1461 1802 8.
1486 1743 1644 1805 Hactenus
1671 1750 1861 1816 memorata,
1892 1745 2118 1807 consolatoria

1354 1836 1483 1912 quidem
1505 1847 1589 1910 sunt,
1613 1839 1815 1901 venerabiles
1837 1839 1963 1912 iratres,
1988 1847 2026 1902 et
2042 1840 2117 1917 glo-

1354 1931 1437 1992 riosa
1458 1930 1638 1994 Catholicae
1653 1932 1829 2009 Religion13
1845 1934 1900 1996 sed
1917 1940 1949 1995 et
1962 1933 2026 1994 alia
2044 1951 2115 1996 non

1354 2023 1481 2097 desunt,
1512 2039 1593 2100 quae
1621 2025 1653 2084 in
1677 2024 1771 2085 tantis
1800 2025 1915 2102 quibus
1943 2027 2115 2105 premitur

1354 2116 1613 2179 tribulationibus
1639 2119 1784 2180 solantur
1813 2119 2005 2181 Ecclesiam:
2039 2121 2120 2199 piae,

1354 2225 1470 2288 nempe
1491 2211 1719 2283 institutiones,
1744 2227 1825 2289 quae
1847 2213 1879 2274 in
1901 2213 2026 2276 bonum
2052 2215 2115 2276 Re-

1354 2302 1481 2380 ligionis
1511 2310 1543 2365 et
1571 2305 1759 2367 christianae
1789 2306 1947 2369 societatis
1978 2325 2115 2370 succre-

1354 2403 1456 2472 scunt,
1479 2413 1615 2476 quarum
1638 2401 1813 2463 nonnullae
1828 2401 2016 2466 adiumento
2032 2408 2115 2463 sunt

1354 2498 1386 2552 et
1407 2492 1547 2554 subsidio
1575 2495 1669 2556 sacris
1697 2495 1772 2572 ipsis
1804 2495 2012 2558 missionibus
2036 2511 2115 2574 apo-

1353 2584 1481 2648 stolicis.
1497 2584 1579 2648 Sane
1591 2588 1662 2664 quis
1678 2603 1757 2650 vere
1772 2589 1945 2652 catholicus
1962 2605 2030 2652 non
2048 2589 2114 2650 lae-

1356 2684 1441 2739 tetur
1455 2677 1691 2758 Omnipotentis
1708 2681 1763 2743 Ilei
1779 2683 2017 2760 providentiam
2035 2697 2114 2744 con-

1353 2771 1508 2847 siderans,
1532 2774 1586 2851 qui
1616 2774 1776 2837 Ecclesiae
1804 2792 1891 2849 suae,
1922 2778 2011 2839 iuxta
2036 2793 2114 2855 pro-

1356 2865 1532 2938 missiones,
1563 2875 1721 2946 perpetuo
1750 2873 1913 2946 protector
1942 2870 2111 2942 assistens,

1355 2973 1452 3019 novas
1474 2975 1532 3037 pro
1554 2962 1793 3039 opportunitate
1809 2969 1995 3041 temporum
2012 2981 2049 3026 ao
2066 2965 2113 3026 lo-

1355 3067 1467 3114 corum
1499 3053 1699 3132 aliarumque
1730 3055 2047 3118 circumstantiarum
2078 3059 2113 3119 in

1356 3160 1391 3206 ea
1412 3145 1542 3208 suscitat
1569 3147 1747 3221 societates,
1773 3163 1854 3224 quae
1876 3150 1935 3212 sub
1958 3151 2112 3213 eiusdem

1355 3237 1514 3301 Ecclesiae
1528 3242 1726 3315 auctoritate,
1740 3257 1799 3303 suo
1815 3257 2027 3322 unaquaeque
2041 3261 2112 3306 mo-

1356 3331 1406 3404 do,
1430 3333 1463 3394 in
1491 3335 1627 3396 caritatis
1658 3335 1768 3408 officia,
1795 3337 1828 3396 in
1856 3335 2110 3400 instructionem

1356 3424 1500 3487 fidelium
1522 3434 1616 3505 atque
1638 3429 1670 3488 in
1686 3429 1902 3490 dilatationem
1919 3430 1993 3492 ddei
2007 3447 2111 3493 suum

1355 3521 1532 3583 coniunctis
1555 3523 1678 3585 viribus
1700 3523 1843 3586 studium
1862 3531 1957 3602 atque
1973 3543 2110 3605 operam

1355 3614 1546 3677 conferuntt

1395 3711 1413 3784 ἓ
1435 3708 1464 3770 9.
1479 3709 1657 3773 iucundum
1669 3712 1755 3774 inter
1766 3713 1840 3775 alias
1853 3715 2008 3778 catholico
2020 3717 2107 3788 orbi,

1355 3801 1431 3880 ipsis
1453 3805 1656 3881 stupentibus
1678 3807 1867 3880 acatholicis,
1885 3810 2109 3886 spectaculum

1356 3897 1496 3958 oderunt
1517 3903 1564 3960 tot
1584 3898 1657 3960 illae
1679 3917 1712 3961 ac
1734 3907 1798 3961 tam
1818 3901 1879 3962 late
1894 3902 2026 3965 diffusae
2045 3905 2110 3982 pia-

1355 4007 1429 4053 rum
1451 3992 1644 4054 feminarum
1666 3993 1858 4066 sodalitates,
1883 4011 1964 4072 quae
1978 3998 2040 4058 suh
2057 4013 2109 4060 re-

1356 4085 1440 4162 gulis
1470 4085 1500 4147 S.
1526 4085 1722 4148 Vincentiia
1751 4087 1858 4162 Paulo,
1882 4090 1934 4151 vel
1963 4091 2108 4168 probatis

1355 4179 1422 4240 aliis
1444 4179 1598 4241 institutis
1620 4181 1826 4254 consociatae,
1844 4183 2108 4248 christianarum-

1355 4288 1418 4350 que
1440 4273 1598 4334 virtutum
1619 4273 1791 4352 splendore
1806 4278 2004 4356 conspicuae,
2023 4285 2106 4342 totas

1355 4384 1389 4429 se
1411 4368 1595 4444 alacresque
1617 4369 1779 4431 devovent
1800 4377 1853 4432 aut
1874 4372 2067 4435 mulieribus
2090 4393 2107 4436 a

1355 4461 1543 4540 perditionis
1565 4461 1615 4524 via
1637 4463 1849 4537 retrahendis,
1866 4471 1920 4527 aut
1934 4468 2050 4544 puellis
2067 4469 2106 4531 ad

1354 4555 1548 4633 religionem
1569 4555 1768 4633 solidamque
1789 4558 1940 4635 pietatem
1955 4566 2051 4636 atque
2067 4563 2104 4624 ad

1354 4649 1479 4711 labores
1508 4649 1698 4712 conditionis
1726 4667 1801 4713 suae
1830 4654 1976 4732 proprios
2004 4654 2105 4717 infor-

1355 4745 1489 4817 mandis,
1513 4751 1568 4806 aut
1588 4745 1811 4824 proximorum
1834 4748 1995 4809 aerumnis
2015 4751 2104 4812 cinni

1356 4855 1416 4917 ope
1437 4839 1659 4914 sublevandis3
1684 4841 1761 4916 quin
1783 4841 1835 4902 vel
1856 4842 1991 4903 naturali
2006 4859 2104 4906 sexus

1355 4934 1553 5006 infirmitate,
1571 4934 1624 4995 vel
1646 4934 1783 4995 cuiusvis
1799 4935 1933 5012 periculi
1949 4943 2037 4999 metu
2054 4954 2104 5000 re-

1355 5029 1534 5090 tardentur.

1395 5124 1413 5198 5
1436 5120 1483 5183 ld.
1507 5119 1572 5182 Neo
1592 5119 1792 5194 minorihus,
1811 5122 2104 5202 bonosqueorunes

1357 5215 1471 5294 gaudio
1500 5213 1699 5292 perfundunt
1724 5216 1775 5278 alii
1798 5217 1844 5278 illi
1866 5218 2011 5280 fidelium
2033 5237 2103 5282 coe-

1356 5319 1417 5382 tus,
1442 5309 1496 5387 qui
1518 5309 1551 5370 in
1573 5309 1683 5372 multis
1710 5312 1899 5388 praesertim
1921 5311 2103 5375 illustriori-

1356 5405 1414 5468 bus
1429 5403 1607 5466 civitatibus
1623 5404 1697 5466 novi
1714 5405 1890 5466 identidem
1905 5407 2100 5483 coalescunt;

1356 5506 1388 5560 et
1409 5514 1548 5577 quorum
1579 5515 1694 5578 scopus
1715 5517 1749 5562 ac
1776 5501 1919 5563 studium
1950 5507 2007 5574 est,
2032 5519 2102 5580 per-

1356 5595 1457 5655 versis
1486 5593 1576 5656 libris
1606 5595 1656 5656 vel
1686 5611 1742 5656 sua
1770 5595 1821 5656 vel
1848 5595 1984 5658 aliorum
2012 5596 2101 5658 utilia

1357 5705 1461 5766 opera,
1494 5705 1643 5751 errorum
1675 5689 1825 5750 monstris
1855 5690 2026 5769 puritatem
2049 5691 2101 5753 do-

591 5903 620 5958 (tl
635 5905 664 5946 ln
679 5903 766 5948 Natali
782 5906 964 5960 apostolorum
979 5905 1050 5950 Petri
1065 5907 1090 5951 et
1106 5907 1181 5952 Pauli
1196 5909 1278 5951 serm.
1294 5909 1320 5951 82
1333 5906 1367 5951 al.
1383 5909 1415 5950 80.

2148 481 2201 533 An.
2214 485 2243 536 C.
2263 489 2316 542 1841}
