4822 6986
547 573 605 636 442
1135 589 1232 634 runnu
1254 587 1465 634 nrinnrcaann

590 705 1277 784 probatetrecitantibusindulgentiascon-
1334 704 1470 788 XXlllll.
1495 703 1678 782 Respondet
1697 705 1965 781 gratulationibus
1982 713 2014 768 et
2030 706 2084 768 oh-

589 801 682 862 cedit.
706 799 754 862 30.
1392 797 1505 874 soquio
1539 797 1737 858 patriarchae
1770 797 1999 860 Maronitarum
2029 818 2084 861 no-

528 892 637 954 lllllll.
661 893 857 956 deformatio
887 893 1158 956 consuetudinum
1187 895 1219 956 in
1246 909 1277 954 e·
1393 891 1480 952 mine
1513 890 1613 952 totius
1648 890 1784 952 nationis
1823 907 1907 952 novo
1940 893 2084 954 Pontifici

586 987 720 1048 xercitio
747 988 914 1064 religionis
944 987 1116 1050 catholicae
1139 1004 1196 1066 pro
1220 986 1276 1048 hr-
1394 983 1564 1062 praestitis,
1594 999 1734 1062 eumque
1764 986 1937 1047 certiorem
1967 989 2082 1060 reddit,

586 1082 688 1142 menis
714 1082 875 1144 catholicis
897 1083 986 1144 urhis
1009 1081 1276 1159 Constantinopo·
1392 1079 1573 1154 Collegium
1605 1078 1832 1140 Maronitarum
1860 1079 1978 1143 llomae
2006 1098 2084 1143 noa-

585 1174 710 1238 litanae.
734 1177 783 1238 31.
1393 1175 1470 1234 ilum
1486 1172 1613 1234 restitui
1631 1189 1732 1250 posse,
1751 1173 1898 1234 alumnos
1917 1182 2032 1248 tamen,
2047 1177 2083 1236 ad

528 1266 650 1330 xxvii.
675 1270 807 1332 Paulum
831 1271 986 1332 Hilarium
1009 1271 1170 1348 Contrezy
1190 1268 1277 1332 ilica·
1393 1283 1473 1344 qum
1503 1267 1677 1328 mittendos
1707 1283 1782 1328 euin
1811 1268 1964 1350 solicitat,
1996 1271 2084 1332 insti-

587 1363 671 1423 rium
707 1363 925 1442 hpostolicum
959 1364 1158 1426 Siamensem
1190 1364 1278 1425 iuxta
1395 1361 1531 1421 tuendos
1554 1360 1622 1420 fore
1645 1359 1677 1420 ia
1700 1359 1844 1438 Collegio
1868 1361 2007 1423 Urbano.
2035 1363 2083 1424 47.

590 1456 723 1518 modum
745 1458 846 1535 eligit.
870 1459 919 1520 34.
1334 1451 1486 1514 llllllllll.
1502 1451 1626 1514 Micario
1640 1451 1748 1530 hpost.
1761 1453 1922 1531 Tunquini
1936 1453 2086 1518 Occiden-

532 1548 672 1610 xxv'llh
682 1550 841 1613 Ecclesiae
853 1552 1067 1630 Babylonensi
1080 1552 1208 1614 Latinae
1220 1553 1279 1612 llo-
1394 1547 1464 1608 talis
1488 1547 1670 1608 facultatem
1700 1548 1846 1609 concedit
1867 1549 2085 1611 coadiutorem

590 1645 745 1705 minicum
775 1631 995 1708 Marcellinum
1023 1647 1056 1708 in
1086 1647 1276 1725 Episcopum
1394 1656 1468 1702 cum
1493 1641 1597 1701 futura
1624 1641 1828 1702 successione
1851 1641 2003 1720 eligendi.
2036 1643 2084 1704 t8.

590 1738 743 1813 praeficit.
768 1739 817 1800 35.
1337 1733 1503 1796 lllllllllll.
1529 1733 1726 1796 Sanctissimi
1747 1735 1874 1796 [lamini
1894 1738 1997 1798 nostri
2012 1738 2088 1800 Gre-

530 1828 640 1890 lllllll.
665 1817 814 1894 hrr'oeuis
836 1833 954 1896 Romae
973 1834 1165 1912 degentibus
1181 1834 1280 1896 ercle·
1400 1829 1481 1906 gorii
1505 1829 1610 1890 clivfna
1641 1830 1765 1906 provid.
1791 1829 1888 1906 Papae
1910 1830 1991 1892 xvi.
2016 1832 2087 1909 Epi-

590 1925 667 1986 siam
691 1925 796 1988 Sancti
818 1926 912 1988 Blasii
941 1927 1090 1990 Basilicas
1113 1928 1279 1991 Vaticanae
1397 1923 1476 1984 stola
1504 1923 1670 2000 Encycliea
1697 1923 1813 1985 Dirioo
1835 1941 1888 1983 nos
1915 1925 1951 1986 ad
1975 1941 2087 1986 oraines

592 2019 720 2081 filialem
741 2037 815 2082 cum
831 2021 961 2082 adnexis
978 2023 1133 2094 concedit,
1152 2038 1210 2100 pro
1225 2022 1280 2082 ho·
1396 2015 1602 2088 Patriarchas,
1627 2017 1792 2090 Primates,
1822 2016 2086 2097 hrchiepiscopos

590 2113 684 2189 spitio
707 2114 863 2190 erigendo
884 2114 943 2176 suh
966 2115 1179 2192 dependentia
1196 2113 1226 2175 S.
1244 2113 1277 2176 C.
1396 2118 1428 2172 et
1448 2111 1632 2188 Episcopos.
1657 2109 1704 2171 49.

590 2207 629 2268 de
652 2207 684 2267 P.
708 2206 755 2276 E..
780 2209 869 2270 carius
893 2208 1074 2271 Praefectus
1094 2225 1208 2270 eorum
1224 2208 1281 2270 Ar·
1338 2203 1478 2266 Xlllllll.
1503 2203 1711 2266 Confirmatio
1732 2206 1978 2284 privilegiorum
1997 2207 2089 2268 etiu-

550 2366 555 2374 ,
592 2316 764 2362 manorum
790 2302 956 2364 Protector
980 2309 1011 2364 et
1034 2301 1191 2364 Secretar.
1216 2301 1281 2362 Pri·
1397 2299 1563 2360 duitorum
1586 2299 1647 2360 iam
1671 2315 1894 2362 concessorum
1914 2317 2090 2378 congrega-

592 2394 743 2456 micerius
766 2401 825 2458 etc.
849 2393 898 2457 36.
1398 2393 1476 2454 tioni
1511 2393 1733 2455 Sanctissimae
1762 2394 1924 2456 Trinitatis
1953 2395 2088 2456 lledern-

533 2485 629 2548 xxx.
653 2487 806 2550 Concedit
827 2489 1044 2571 indulgentias
1070 2490 1282 2566 assequendas
1398 2487 1756 2570 ptionis,Captivorum.
1781 2488 1829 2548 ffb.

592 2581 629 2642 ab
653 2583 709 2654 eis,
728 2583 782 2660 qui
803 2583 1008 2646 visitaverint
1024 2585 1163 2661 aliquam
1179 2599 1218 2644 ex
1235 2600 1282 2644 ec·
1340 2578 1404 2639 xt.
1430 2579 1598 2657 Deputatio
1629 2581 1804 2642 visitatoris
1836 2583 2000 2660 apostolici
2033 2599 2091 2661 pro

591 2676 696 2737 clesiis
732 2676 867 2739 fratrum
903 2677 1029 2740 Ordinis
1066 2677 1286 2738 Eremitarum
1399 2675 1535 2735 curanda
1559 2675 1732 2736 catholicae
1754 2675 2089 2754 religionisprocura-

594 2769 698 2832 Sancti
722 2770 894 2848 Augustini
923 2773 1181 2836 Recollectorum
1203 2787 1284 2832 nun·
1400 2767 1487 2830 tione
1510 2775 1542 2830 et
1563 2771 1809 2832 conservatione
1836 2770 1867 2830 in
1891 2771 2091 2832 dioecesibus

593 2869 783 2942 eupatorum
813 2865 968 2927 dioecesis
996 2863 1027 2927 S.
1052 2865 1140 2927 Fidei
1166 2865 1205 2927 de
1227 2865 1283 2925 Bo·
1402 2863 1597 2924 Peruvianis.
1621 2863 1669 2924 ab.

595 2962 666 3034 geta
689 2958 722 3018 in
744 2958 850 3019 lndiis.
875 2957 924 3019 40.
1342 2953 1418 3014 XLl.
1444 2955 1612 3033 Deputatio
1631 2953 1805 3018 visitatoris
1823 2957 1967 3020 coenobii
1984 2965 2016 3020 et
2030 2959 2092 3020 cel-

536 3049 644 3112 lllllll.
657 3050 824 3128 Deputatio
837 3051 1011 3113 visitatoris
1023 3053 1187 3130 apostolici
1200 3052 1285 3113 dioe·
1402 3049 1478 3125 legii
1500 3049 1637 3110 fratrum
1660 3051 1824 3112 minorum
1848 3049 1951 3113 Sancti
1969 3051 2092 3113 Franci·

598 3144 677 3206 cesis
700 3143 916 3222 Smyrnensis.
941 3145 989 3206 44.
1401 3143 1444 3202 sei
1467 3141 1726 3205 Reformatorem
1749 3145 1781 3205 iu
1805 3143 1918 3208 Sancto
1941 3145 2035 3208 Petro
2059 3147 2091 3208 iu

539 3237 661 3298 lllillll.
693 3239 878 3299 Praemissis
908 3239 1068 3300 Ecclesiae
1102 3239 1226 3315 legibus
1255 3246 1288 3300 et
1402 3235 1559 3297 Montorio
1582 3236 1686 3298 Urbis.
1711 3235 1760 3298 64.
1813 3247 1816 3255 ·

598 3331 687 3409 praxi
709 3333 790 3394 circa
813 3332 1016 3394 matrimonia
1045 3335 1153 3401 mixta,
1179 3333 1287 3410 deplo-
1342 3327 1432 3389 llhll.
1458 3329 1625 3407 Deputatio
1647 3331 1820 3393 visitatoris
1844 3334 2007 3410 apostolici
2031 3335 2094 3395 col-

598 3432 646 3485 rat
667 3441 795 3487 errores
815 3432 847 3486 et
862 3432 993 3486 cenatus
1009 3442 1123 3488 eorum
1140 3427 1194 3502 qui
1211 3427 1286 3487 haec
1403 3421 1479 3498 legii
1508 3441 1523 3484 a
1546 3421 1661 3485 Sancto
1690 3423 1829 3487 Antonio
1857 3427 1888 3486 in
1919 3427 2005 3487 Urbe
2035 3428 2094 3488 fra-

598 3517 801 3580 matrimouia
823 3518 1018 3593 defenduut3
1043 3520 1080 3580 ad
1103 3519 1240 3596 illosque
1257 3536 1287 3580 e·
1405 3523 1490 3576 trum
1521 3515 1681 3578 Minorem
1711 3517 1742 3578 S.
1768 3519 1924 3580 Francisci
1947 3519 2094 3582 Conven-

598 3613 783 3685 vertendos,
804 3613 930 3674 laudato
953 3614 1096 3691 primum
1119 3613 1288 3692 Episcopo·
1405 3610 1549 3672 tualium.
1574 3610 1622 3672 ba.

600 3721 673 3766 rum
701 3705 855 3784 obsequio
885 3723 961 3784 erga
991 3706 1107 3768 Sedem
1131 3707 1288 3784 Apostoli·
1345 3702 1447 3762 llhlll.
1466 3701 1685 3780 Eeintegratio
1699 3705 1854 3766 dioecesis
1868 3706 2095 3768 Modrusiensis

599 3815 682 3869 cam,
707 3799 804 3860 abiis
831 3799 1056 3862 inculcandum
1086 3801 1234 3863 fidelihus
1258 3809 1290 3864 et
1404 3812 1476 3858 cum
1498 3798 1564 3858 suis
1588 3797 1776 3875 privilegiis.
1802 3799 1879 3860 lbid.

600 3891 701 3964 clero,
727 3893 834 3954 docet:
868 3895 895 3954 l.
920 3899 1010 3956 extra
1040 3895 1218 3968 ecclesiam,
1241 3897 1289 3958 uti
1346 3889 1450 3951 XLIV.
1476 3891 1617 3952 liacultas
1639 3891 1787 3954 sumendi
1811 3894 1962 3971 reliquias
1985 3911 2097 3972 eorpo-

600 3993 675 4048 sunt
697 3987 848 4049 haeretici
872 4003 945 4050 curn
961 3988 1078 4066 quibus
1096 3989 1290 4051 contrahun-
1403 3983 1446 4043 ris
1470 3983 1500 4046 S.
1525 3984 1697 4061 Augustini
1720 3987 1859 4048 doctoris
1882 3995 1914 4049 ef
1934 3987 2091 4066 Episcopi,

600 4086 652 4140 tur
682 4097 717 4141 ea
746 4080 912 4157 coniugia,
944 4097 1009 4142 non
1040 4082 1106 4143 dari
1128 4083 1285 4144 salutem:
1406 4077 1474 4139 data
1503 4077 1658 4156 Episcopo
1692 4079 1835 4158 Pupiensi
1864 4097 1937 4142 cum
1967 4081 2095 4158 legibus

600 4173 629 4233 2.
647 4173 850 4234 matrimonia
864 4173 917 4235 illa
934 4190 1004 4236 esse
1021 4175 1153 4236 omnino
1168 4175 1287 4246 illicita,
1405 4172 1570 4233 servandis
1593 4189 1650 4250 pro
1672 4173 1841 4251 aperienda
1867 4191 1936 4236 arca
1959 4192 2097 4236 marmo-

600 4273 653 4326 aut
678 4267 792 4335 saltem
815 4283 880 4329 uon
907 4267 977 4328 siue
1000 4267 1237 4345 dispensatione
1260 4274 1291 4330 et
1405 4281 1469 4337 rea,
1494 4265 1526 4326 in
1549 4281 1616 4343 qua.
1638 4268 1780 4346 corporis
1811 4267 1965 4345 reliquiae
1996 4286 2095 4331 asser-

601 4359 761 4420 cousuetis
794 4359 1032 4441 conditionibus
1065 4361 1140 4422 iniri
1173 4377 1286 4438 posse:
1406 4364 1534 4446 vientur.
1558 4359 1607 4420 et.

600 4451 629 4511 :t
654 4452 889 4530 dispensatione
912 4461 944 4516 et
965 4454 1203 4516 conditionibus
1227 4471 1291 4516 non
1347 4449 1439 4511 xlv.
1464 4451 1620 4530 Episcopo
1650 4454 1854 4516 hntifellensi
1877 4463 1908 4516 et
1929 4455 2089 4520 Bornbaiu.

602 4547 801 4622 praemissis,
833 4548 987 4624 parochos
1016 4547 1048 4608 in
1078 4547 1207 4610 Bavaria
1233 4563 1291 4608 nec
1408 4543 1531 4606 Vicario
1560 4545 1741 4624 hpostolico
1770 4549 1942 4610 committit
1964 4551 2094 4612 interlui

603 4641 815 4716 praesentiam
835 4645 996 4718 praestare
1012 4641 1049 4700 iis
1066 4641 1289 4714 matrimoniis,
1408 4637 1522 4700 Virarii
1535 4640 1643 4718 Apost.
1660 4642 1885 4720 Madraspataui
1902 4661 2030 4705 munus.
2048 4643 2097 4706 69.

603 4751 661 4796 nec
673 4734 938 4812 proclamationes
950 4735 1054 4798 facere
1067 4751 1168 4813 posse:
1185 4737 1213 4796 4.
1228 4742 1292 4798 tan·
1348 4731 1453 4794 XLVI.
1478 4734 1581 4812 Erigit
1602 4737 1711 4796 sedem
1735 4737 1948 4815 episcopalem
1971 4739 2003 4800 iu
2023 4739 2099 4800 civi-

603 4829 676 4888 dem
699 4827 786 4888 nulla
801 4828 913 4889 haberi
928 4828 1058 4900 debere,
1076 4830 1219 4906 adeoque
1234 4829 1292 4890 im·
1409 4834 1470 4888 tate
1486 4828 1610 4890 lJetroit
1624 4828 1789 4891 hmericae
1806 4829 2096 4908 septemtrionalis,

604 4921 769 4998 pedienda,
794 4922 953 4998 coniugia,
981 4939 1054 4984 curn
1076 4939 1139 4984 una
1162 4939 1201 4984 er
1223 4940 1292 5002 par·
1408 4937 1489 4998 quae
1519 4923 1770 5001 comprehendat
1792 4925 1970 5002 provincias
1993 4925 2099 4988 Michi-

604 5015 688 5077 tibus
718 5015 883 5077 viventem
915 5016 1027 5078 habeat
1053 5019 1224 5095 coniugem
1251 5019 1293 5080 al·
1410 5031 1470 5091 gau
1493 5023 1525 5076 ct
1552 5015 1755 5089 Nost-west,
1787 5019 1824 5080 ali
1847 5017 2096 5098 hrchiepiscopo

605 5111 702 5171 terius
728 5110 937 5181 matrimonii,
964 5110 1024 5170 nisi
1050 5112 1292 5173 matrimonium
1409 5109 1632 5171 Ealtimorensi
1648 5111 1718 5172 iure
1732 5113 1968 5190 ruetropolitico
1982 5113 2100 5191 depen-

607 5205 665 5266 hoc
688 5205 815 5266 nullum
834 5204 932 5266 fuisse
948 5205 1161 5267 ecclesiastico
1177 5207 1293 5267 iudicio
1410 5203 1551 5264 dentem.
1576 5202 1624 5264 70.

604 5299 795 5360 constiterit.
819 5299 868 5360 tu.
1350 5295 1469 5358 XLllll.
1494 5296 1671 5360 Confirmat
1698 5299 1951 5360 nominationem
1982 5301 2019 5361 ah
2041 5299 2101 5360 liu-

546 5391 682 5454 Xlllllll.
708 5393 914 5456 Theodorum
929 5395 1011 5457 Giud
1030 5396 1144 5472 coptici
1160 5396 1240 5456 ritus
1257 5395 1294 5456 E·
1410 5397 1558 5472 peratore
1583 5391 1728 5454 hustriae
1754 5394 1864 5454 fartam
1890 5409 1947 5472 pro
1970 5393 2100 5455 ecclesia

605 5487 771 5565 piscopum
794 5489 946 5549 ecclesiae
968 5488 1090 5566 Halyeu
1113 5489 1214 5565 eligit.
1243 5489 1292 5549 45.
1409 5484 1680 5565 hrchiepiscopali
1706 5487 1890 5566 heopolien.
1915 5488 2037 5548 armeni
2061 5487 2101 5546 ri-

548 5579 685 5641 lllleV.
702 5580 894 5657 Episcopum
911 5581 1030 5658 Halyen
1047 5589 1176 5659 coptum
1190 5583 1295 5644 catho-
1412 5585 1472 5640 tus.
1498 5579 1546 5640 7l.

606 5675 683 5735 licae
712 5673 887 5750 Coptorum
919 5675 1055 5736 nationis
1087 5675 1151 5736 Vic.
1183 5674 1292 5753 hpost.
1353 5673 1484 5735 lltvlh.
1510 5676 1676 5753 lleputatio
1700 5677 1797 5752 legati
1819 5677 1983 5754 apostolici
1999 5681 2101 5737 extra-

608 5767 708 5844 eligit.
732 5767 780 5828 46.
1412 5769 1565 5830 ordinarii
1586 5771 1667 5846 apud
1693 5771 1787 5830 fotius
1811 5769 1973 5830 Haifarum
1997 5769 2103 5846 reipu-

549 5859 672 5921 xxxv.
697 5860 801 5937 Erigit
822 5861 1014 5923 llicariatum
1045 5863 1153 5941 hpost.
1179 5865 1295 5925 Madra-
1412 5863 1510 5922 blicae
1533 5864 1724 5940 praesidem,
1749 5871 1783 5924 ut
1805 5879 1879 5924 cum
1902 5881 1939 5924 eo
1957 5863 2099 5924 eccclesia-

608 5961 773 6032 spatarium
786 5955 818 6015 in
830 5955 926 6017 indiis
938 5955 1202 6019 occidentalibus.
1216 5958 1294 6018 lhid.
1410 5956 1484 6016 stica
1508 5958 1635 6033 negotia
1658 5965 1837 6034 componat.
1862 5957 1910 6018 rt.
