4822 6986
587 563 646 628 ³80

608 719 630 762 r.
654 701 694 765 Et
715 705 819 782 primo
849 706 979 783 quidem
1010 722 1120 767 ornnes
1142 723 1176 766 ac
1197 705 1318 785 singuli

569 795 759 859 missionum
776 799 947 877 praesides,
965 799 1080 876 quovis
1095 800 1191 862 titulo
1206 817 1317 864 earum

568 889 715 966 regimen
738 900 860 968 gerant,
880 893 919 954 ita
939 893 987 954 rei
1003 892 1175 954 catbolicae
1191 909 1318 971 promo-

569 983 690 1044 vendae
712 991 744 1046 et
766 987 940 1048 firmandae
962 1003 1093 1064 operam
1116 993 1245 1058 navent,
1269 995 1316 1060 ut,

567 1075 621 1137 ubi
643 1077 746 1140 adbuc
767 1079 992 1142 desiderantur
1014 1079 1172 1157 Episcopi,
1191 1083 1318 1158 praefici

568 1171 756 1244 quantocius
784 1173 924 1250 possint;
953 1171 1008 1232 ubi
1037 1187 1117 1233 vero
1145 1174 1317 1249 regionum

568 1263 744 1342 amplitudo
760 1266 899 1344 postulat
914 1273 967 1328 aut
982 1266 1068 1338 sinit,
1086 1265 1230 1344 ipsorum
1247 1267 1318 1346 Epi-

568 1373 740 1434 scoporum
756 1375 924 1432 numerus
943 1359 1115 1422 territoriis
1132 1360 1251 1432 divisis,
1266 1378 1318 1423 au-

569 1451 656 1526 geri,
681 1451 905 1530 Ecclesiaeque
931 1454 967 1516 ad
995 1454 1168 1533 perlectam
1199 1455 1318 1516 bierar-

569 1543 648 1604 cbici
671 1545 839 1623 regiminis
859 1547 994 1610 formam
1017 1547 1168 1609 constitui
1191 1549 1318 1610 tandem

568 1636 738 1714 aliquando
760 1647 888 1716 queant.

608 1749 642 1792 n.
673 1731 755 1796 lllud
788 1733 921 1812 insuper
951 1751 1054 1812 aeque
1086 1735 1319 1797 studiosissime

569 1833 694 1898 curent,
712 1828 908 1904 quodetiam
926 1829 1086 1907 praecipui
1102 1829 1233 1891 illorum
1250 1847 1319 1890 rnu-

570 1920 656 1980 neris
679 1928 736 1994 est,
760 1929 796 1984 ιιι
817 1939 857 1985 ert
878 1923 1058 1986 eluistianis
1079 1923 1240 1999 indigenis
1261 1941 1318 1986 seu

569 2013 681 2075 incolis
703 2031 814 2078 earum
837 2017 976 2094 partiunt
998 2017 1121 2094 probati
1143 2017 1250 2078 elerici
1272 2017 1319 2078 in-

569 2107 743 2170 stituantur·
772 2127 805 2171 ac
833 2111 1012 2172 sacerdotes
1041 2109 1228 2184 initientur3
1255 2125 1319 2188 quo

568 2199 688 2262 scilicet
700 2209 866 2264 crescente
881 2205 943 2264 title
956 2203 1166 2279 fideliumque
1181 2219 1319 2266 numero

569 2291 753 2371 disciplinae
769 2296 997 2358 ecclesiasticae
1012 2313 1090 2358 usus
1106 2296 1255 2374 paulatim
1273 2297 1320 2358 in-

569 2385 716 2458 valescat,
741 2406 775 2451 ac
803 2389 978 2466 Religionis
999 2389 1179 2452 Catholicae
1202 2391 1319 2452 stabili-

570 2481 624 2542 tati
647 2482 867 2560 prospiciatur.
888 2483 988 2546 Huius
1010 2484 1056 2545 rei
1074 2501 1165 2546 causa
1181 2486 1319 2547 manime

571 2575 724 2652 proderit,
741 2576 841 2638 immo
864 2577 1079 2639 necessarium
1097 2579 1168 2650 erit,
1185 2577 1320 2640 semina-

570 2668 615 2727 ria
637 2669 787 2740 condere,
812 2669 983 2746 inquibus
1011 2670 1240 2744 adolescentes,
1265 2672 1320 2748 qui

570 2777 586 2820 a
605 2759 670 2821 lleo
686 2761 723 2822 ad
739 2763 953 2824 sacerdotium
969 2764 1072 2825 vocati
1088 2763 1219 2836 luerint,
1237 2764 1320 2826 bene

571 2853 691 2932 diuque
714 2856 893 2918 educentur
915 2856 1076 2933 sacrisque
1093 2857 1247 2918 doctrinis
1263 2858 1319 2919 im-

571 2948 721 3010 buarrtur.

611 3058 658 3102 ιιι.
683 3041 730 3104 nd
753 3059 883 3106 ornnem
905 3058 984 3106 vero
1012 3043 1179 3106 scientiam
1201 3063 1235 3107 ae
1257 3045 1322 3124 pie-

572 3140 669 3196 tatem
692 3136 808 3198 levitae
829 3135 1000 3214 indigenae
1018 3137 1214 3200 inlormandi
1236 3145 1268 3200 et
1288 3139 1321 3202 in

571 3245 660 3289 sacro
681 3227 862 3291 ministerio
890 3229 1004 3292 sedulo
1031 3232 1203 3294 exercendi
1225 3239 1319 3308 sunt;

570 3321 611 3382 ita
634 3321 765 3398 quidem
793 3327 839 3395 ut,
864 3323 950 3400 quod
978 3323 1165 3386 iamdudum
1188 3324 1321 3404 Aposto-

571 3415 629 3476 lica
651 3414 750 3478 Sedes
771 3416 804 3478 in
826 3417 910 3478 votis
933 3417 1037 3490 babet,
1055 3419 1092 3478 ad
1112 3419 1321 3481 ecclesiastica

572 3509 702 3587 quaevis
722 3511 831 3574 munia
847 3517 941 3590 atque
957 3511 1113 3590 adipsum
1129 3513 1321 3576 missionum

570 3603 719 3681 regimen
746 3605 855 3667 idonei
881 3607 958 3668 fient
980 3612 1011 3668 et
1033 3607 1203 3686 episcopali
1225 3607 1321 3670 etiam

571 3698 753 3760 clmractere
768 3699 857 3776 digni
873 3700 1020 3762 existant.
1037 3699 1121 3774 Quae
1133 3706 1242 3762 tameo
1257 3718 1321 3763 ma-

571 3791 649 3853 ximi
672 3809 747 3854 sane
770 3794 927 3856 momenti
950 3809 1002 3855 res
1024 3800 1060 3856 ut
1083 3794 1181 3856 tutior
1197 3796 1318 3868 evadat,

572 3893 604 3947 et
625 3903 689 3948 non
707 3888 776 3949 sine
790 3887 957 3964 religionis
974 3888 1195 3950 emolumento
1211 3889 1321 3966 perlici

572 3997 630 4044 suo
654 3987 799 4060 tempore
821 3982 931 4060 possit,
955 3983 1008 4060 qui
1032 3983 1069 4044 ad
1093 3988 1217 4044 tanturn
1241 3999 1321 4045 onus

573 4075 792 4152 designantur,
816 4075 863 4138 illi
881 4076 1016 4138 terendo
1031 4083 1214 4138 assuescant
1229 4092 1321 4156 opor-

574 4173 628 4230 tet.
645 4169 854 4248 Quapropter,
870 4183 950 4246 quos
967 4185 1006 4230 ex
1021 4169 1181 4246 indigenis
1197 4169 1321 4232 clericis

611 4431 741 4476 Nonnulla
755 4433 845 4476 autem
861 4429 923 4484 alia,
938 4441 1014 4486 quae,
1026 4433 1103 4486 capita
1113 4429 1321 4475 Pudiclierianae

571 4498 689 4544 eiusdem
705 4498 800 4554 synodi
815 4499 945 4544 examinis
956 4498 1100 4552 recessione,
1110 4497 1143 4542 ad
1154 4497 1320 4552 reliquarum

571 4567 653 4612 etiam
677 4567 832 4612 missionum
854 4577 999 4624 earumque
1022 4565 1175 4622 praesulum
1197 4575 1319 4610 nortuum

572 4633 756 4690 praecipienda
770 4637 817 4678 aut
828 4645 922 4678 rursus
934 4633 1089 4678 inculcanda
1100 4631 1156 4676 Ειιιι
1169 4635 1260 4676 Patres
1270 4633 1320 4676 exi-

571 4701 725 4754 stimarunt,
741 4712 771 4744 ex
787 4700 923 4756 peculiari,
939 4711 1018 4756 quam
1039 4699 1099 4744 dein
1122 4698 1269 4750 adelomus,
1286 4698 1321 4742 in·

571 4767 731 4822 structione,
753 4767 880 4823 probante
902 4767 981 4812 ssriro
1001 4766 1053 4810 Divo
1071 4770 1178 4817 Nostro,
1198 4764 1321 4821 amplitu-

571 4835 627 4879 dini
643 4837 703 4879 tuae
718 4834 891 4890 apparebunt.
905 4837 1010 4878 interea
1021 4837 1109 4878 taureu
1121 4832 1190 4877 scias
1200 4833 1321 4878 volumus

572 4901 742 4957 praecipuum
758 4899 942 4945 instructionis
963 4901 1072 4944 liuiusce
1086 4905 1165 4954 capiat
1180 4899 1206 4942 in
1222 4911 1252 4943 eo
1267 4911 1322 4942 ver-

571 4968 635 5023 sari,
650 4969 718 5024 quod
735 4968 831 5023 synodi
853 4979 956 5024 quoque
972 4967 1179 5012 I’odiclrerianae
1194 4966 1322 5010 delibera·

573 5036 657 5080 tiones
673 5036 731 5080 iure
747 5035 842 5079 merito
859 5039 984 5090 tanquam
995 5033 1142 5088 Religionis
1153 5032 1323 5078 Cirris-tianae

571 5102 756 5160 propagandae
779 5101 977 5156 ilrnrandaeqna
994 5101 1020 5146 iu
1042 5100 1135 5157 quavis
1157 5100 1265 5155 regione
1281 5111 1321 5144 ne·

571 5171 717 5216 cessarium
740 5170 950 5214 instrumentum
970 5173 1149 5224 agnoverunt,
1171 5169 1198 5212 ln
1221 5168 1322 5225 optima

573 5238 673 5282 scilicet
689 5237 827 5294 indigenae
842 5237 908 5282 cleri
923 5235 1098 5281 institutione.

613 5309 676 5350 Cum
696 5316 758 5349 vero
777 5304 809 5348 ad
829 5303 959 5348 eiusmodi
981 5315 1045 5358 opus
1067 5301 1140 5348 iuxta
1163 5307 1277 5346 utentem
1293 5309 1322 5344 n·

572 5373 714 5430 postolicae
736 5371 809 5416 sedis
828 5371 1017 5428 perficiendum
1038 5369 1187 5426 atnrplitudo
1206 5375 1252 5413 tua
1269 5375 1323 5414 tuo·

572 5451 685 5497 rumque
699 5439 820 5484 laborum
832 5441 967 5482 consortes
979 5435 1140 5481 missiones-ii
1152 5437 1221 5480 vires
1231 5446 1322 5480 ornnes

573 5507 740 5564 impendatis,
757 5505 869 5550 eximiae
892 5509 953 5548 triae
969 5503 995 5547 iu
1011 5504 1105 5558 primis
1127 5503 1220 5546 virtuti
1237 5514 1266 5546 ac
1282 5515 1323 5558 pa-

572 5574 665 5620 storali
681 5573 855 5618 sollicitudini
871 5570 1031 5628 promeritas
1050 5569 1142 5614 laudes
1158 5570 1215 5614 llriri
1232 5573 1321 5614 Patres

573 5646 743 5698 peramanter
757 5639 919 5693 tribuerunt,
933 5643 1087 5694 ceterosque
1098 5637 1266 5694 presbyteros
1277 5637 1323 5692 qui

573 5709 677 5764 synodo
700 5707 879 5752 iuterfuerunt
902 5706 1096 5758 collaudantes,
1121 5705 1323 5760 probatissimos

572 5776 709 5820 adiutores
724 5777 869 5818 lossensem
886 5773 1041 5830 ltpiscopum
1056 5775 1082 5816 et
1097 5775 1149 5816 ltlt.
1166 5774 1213 5816 Di).
1223 5771 1255 5816 de
1265 5775 1324 5815 ltre-

574 5842 650 5886 sillae
664 5841 778 5885 electum
794 5841 950 5896 Episcopum
972 5844 1137 5893 Prusensem,
1152 5851 1199 5883 nec
1213 5851 1264 5883 non
1281 5842 1324 5883 Le-

574 5920 649 5960 roux,
663 5912 751 5964 Roget·
765 5911 792 5951 et
806 5908 920 5960 Galibot,
934 5908 965 5952 ob
976 5908 1105 5963 potiorem
1117 5908 1157 5951 vel
1168 5907 1271 5962 synodo
1283 5907 1323 5950 vel

574 5975 780 6022 seminariorum
795 5975 921 6020 erectioni
936 5985 967 6020 ac
981 5974 1164 6020 reformationi
1173 5974 1322 6020 adhibitam

1088 585 1153 629 lun.
1178 586 1269 632 PONT.
1295 588 1335 633 DE
1357 589 1386 633 P.
1411 589 1440 634 F.
1466 588 1549 634 PARS
1571 588 1593 631 1.

1373 708 1564 770 missionum
1592 706 1753 786 praesides
1783 705 2035 784 praestantiores
2060 717 2137 763 cen-

1372 802 1506 873 suerint,
1525 818 1579 862 eos
1600 799 1755 876 gradatim
1772 801 1808 862 ad
1825 800 1948 878 potiora
1963 795 2139 874 implenda

1374 911 1507 956 munera
1530 893 1707 963 instituant,
1732 911 1766 955 ac
1788 909 1862 954 suos
1885 907 2017 968 quoquc
2044 888 2138 950 Vica-

1373 989 1438 1049 rios
1462 1003 1519 1066 pro
1542 987 1781 1065 opportunitate
1811 987 1965 1064 deputare
1988 1000 2060 1046 non
2084 999 2138 1042 re-

1375 1087 1484 1144 nuent.

1413 1192 1455 1236 rv.
1480 1173 1559 1236 Hinc
1588 1173 1781 1236 reiiciendus
1810 1190 1844 1234 ac
1874 1171 2007 1234 omnino
2040 1170 2139 1232 abro-

1374 1269 1496 1344 gandas
1519 1268 1582 1330 erit
1598 1283 1667 1328 mos
1683 1267 1849 1344 indigenas
1865 1265 2081 1345 presbyteros
2098 1264 2137 1326 ad

1373 1362 1451 1424 cleri
1485 1367 1608 1424 tantum
1641 1359 1804 1422 auxiliaris
1833 1358 2056 1421 conditionem
2088 1357 2137 1418 eis

1375 1457 1490 1518 merito
1507 1455 1675 1518 molestam
1692 1453 1905 1532 deprimendi.
1922 1452 2005 1536 Quin
2022 1452 2138 1530 potius

1374 1550 1524 1629 paulatim
1548 1555 1581 1612 et
1602 1565 1674 1610 cum
1702 1547 1772 1609 lieri
1802 1547 1980 1624 prudenter
2009 1545 2139 1624 poterit

1373 1661 1408 1705 ea
1430 1643 1544 1720 regula
1563 1642 1753 1713 inducenda,
1771 1647 1807 1702 ut
1821 1640 1907 1702 inter
1922 1639 2137 1716 evangelicos

1374 1737 1548 1816 operarios,
1573 1737 1641 1798 sive
1664 1736 1835 1812 indigenae
1857 1733 1878 1794 ii
1898 1734 1972 1805 sint,
1988 1733 2061 1793 sive
2079 1749 2138 1794 eu·

1373 1831 1492 1908 ropaei,
1517 1829 1631 1892 ceteris
1660 1829 1797 1907 paribus,
1821 1826 2026 1906 praelationis
2052 1825 2137 1886 ordo

1375 1941 1414 1986 es
1436 1923 1610 2001 antiquiori
1632 1923 1790 1984 missionis
1806 1921 1961 1983 exercitio
1976 1926 2137 1982 servetur

1374 2025 1468 2094 atque
1490 2019 1569 2079 adeo
1592 2017 1743 2088 bonores,
1769 2015 1868 2078 officia
1885 2021 1917 2076 et
1933 2015 2053 2092 gradus
2070 2013 2136 2074 illis

1375 2111 1568 2180 tribuantur,
1587 2109 1640 2185 qui
1663 2107 1782 2168 diutius
1798 2122 1887 2167 sacro
1904 2119 2043 2166 munere
2062 2119 2137 2182 per-

1375 2205 1475 2266 luncti
1498 2204 1573 2266 sint.

1415 2316 1443 2358 v.
1468 2297 1515 2358 Ad
1539 2297 1615 2358 llaec
1631 2294 1851 2373 compluribus
1867 2295 1900 2355 in
1916 2293 1992 2356 locis
2009 2293 2134 2354 iactum

1375 2399 1433 2465 est,
1458 2397 1504 2464 ut,
1530 2391 1677 2470 neglecta
1699 2395 1731 2451 et
1753 2388 1932 2468 posthabita
1956 2387 2135 2464 indigenae

1375 2485 1452 2548 cleri
1474 2485 1688 2556 institutione,
1707 2483 1884 2559 evangelici
1905 2483 2002 2545 iidem
2018 2496 2134 2559 opera-

1376 2579 1414 2640 rii
1437 2579 1531 2641 laicos
1554 2578 1739 2640 catechistas
1762 2578 1923 2638 adiutores
1945 2575 2005 2638 sibi
2021 2576 2057 2636 in
2075 2575 2134 2636 mi-

1376 2672 1509 2734 nisterio
1532 2673 1706 2734 adsciscere
1735 2671 1986 2744 consueverint3
2012 2676 2047 2730 et
2069 2669 2134 2730 ior-

1376 2783 1431 2828 san
1454 2781 1568 2828 eorum
1593 2781 1723 2843 oporam
1747 2765 1940 2843 plerumque
1962 2763 2038 2825 fidei
2056 2762 2134 2824 dila-

1377 2859 1486 2921 tationi
1517 2859 1690 2938 perutilem
1721 2858 1847 2936 experti
1879 2858 1953 2920 sint.
1984 2855 2027 2920 Αι
2057 2873 2133 2918 οιιιιι

1377 2969 1441 3013 ιιοιι
1471 2951 1543 3014 satis
1572 2957 1787 3012 consentanee
1816 2949 2014 3028 Apostolicae
2039 2949 2134 3012 Sedis

1377 3045 1478 3107 menti
1492 3051 1587 3122 atque
1604 3043 1805 3106 ecelesiastici
1825 3043 1995 3104 ministerii
2013 3044 2132 3105 rationi

1376 3139 1408 3200 id
1432 3138 1569 3216 egerint,
1595 3143 1762 3214 etgraves
1785 3137 1882 3198 etiam
1905 3136 1962 3199 hac
1977 3138 2010 3198 in
2027 3153 2064 3198 re
2079 3137 2133 3198 ab·

1376 3249 1454 3293 usus
1477 3247 1516 3293 en
1539 3231 1775 3310 praedictorum
1804 3231 2048 3293 cateclristarum
2073 3247 2133 3292 seu

1377 3324 1537 3403 imperitia
1565 3341 1622 3386 seu
1645 3323 1771 3386 licentia
1800 3325 2014 3402 praevaluisse
2038 3325 2132 3386 inno-

1379 3419 1492 3490 tuerit,
1523 3417 1615 3480 Sacra
1645 3418 1722 3479 baec
1749 3416 1965 3494 congregatio
1989 3418 2131 3495 singulis

1379 3513 1569 3574 missionum
1582 3509 1779 3590 praesidibus
1793 3511 1943 3573 mandare
1959 3529 2024 3574 non
2041 3528 2132 3590 prae-

1379 3607 1537 3678 termittit,
1555 3613 1591 3668 ut
1612 3607 1714 3668 donec
1729 3605 1888 3666 eiusmodi
1904 3605 2060 3668 laicorum
2077 3623 2131 3668 au·

1378 3701 1491 3762 silium
1515 3702 1555 3763 ob
1582 3701 1659 3762 cleri
1689 3699 1860 3776 indigenae
1888 3699 2050 3762 delectum
2077 3701 2131 3762 vel

1378 3793 1568 3872 paucitatem
1592 3793 1808 3856 necessarium
1831 3793 1940 3866 luerit,
1958 3793 2046 3856 viros
2063 3811 2131 3855 mo-

1377 3904 1450 3950 rum
1466 3889 1650 3965 integritate
1667 3895 1698 3949 et
1714 3888 1775 3949 lide
1793 3887 1924 3949 omnino
1940 3889 2130 3966 conspicuos

1377 3983 1413 4044 ad
1436 3982 1468 4044 id
1490 3981 1635 4044 muneris
1658 3981 1733 4059 eligi
1756 3997 1789 4042 ac
1811 3982 1932 4044 erudiri
1948 3982 2131 4043 rectissime

1377 4082 1530 4154 satagant.
1565 4075 1718 4138 Ceterum
1752 4076 1809 4137 bac
1841 4076 1937 4138 etiam
1970 4075 2009 4136 de
2038 4091 2131 4136 causa

1378 4185 1507 4232 ornnem
1531 4186 1588 4248 per
1610 4185 1664 4231 eos
1694 4185 1824 4247 operam
1847 4169 1879 4229 in
1902 4167 1980 4230 cleri
2006 4167 2131 4244 indige-

1376 4431 1408 4476 ab
1424 4429 1455 4474 iis
1470 4441 1586 4486 operam,
1602 4429 1709 4486 speciali
1725 4427 1955 4472 commendatione
1969 4425 2064 4480 dignos
2074 4439 2131 4471 cen-

1376 4503 1496 4542 suerunt.
1513 4499 1608 4540 onmes
1622 4501 1712 4540 autem
1733 4501 1756 4538 s.
1773 4501 1797 4540 ι’.
1814 4495 1889 4539 enine
1905 4495 1931 4539 iu
1948 4495 2057 4540 boariae
2073 4496 2130 4540 bor·

1376 4569 1458 4618 tatur,
1475 4570 1505 4609 ut
1519 4564 1545 4608 ιιι
1561 4563 1629 4607 idem
1641 4563 1741 4618 iugiter
1753 4563 1898 4607 studiosius
1910 4563 2074 4607 incurrebant.
2086 4565 2129 4605 Ne-

1376 4643 1425 4687 que
1441 4630 1646 4688 praetereundos
1657 4630 1731 4674 duait
1744 4632 1795 4673 itit.
1809 4632 1853 4672 bl).
1868 4633 1969 4686 briquet
1979 4641 2009 4674 ac
2021 4628 2128 4686 Dupuis,

1376 4709 1489 4755 quorum
1504 4699 1574 4743 alter
1591 4697 1732 4742 incredita
1748 4697 1798 4740 sibi
1814 4695 1947 4740 missionis
1961 4697 2128 4752 negotiorum

1376 4767 1495 4822 gestione
1511 4765 1646 4821 praeclare
1662 4765 1794 4820 sogessit,
1810 4763 1880 4808 alter
1901 4773 1961 4807 vero
1978 4763 2003 4806 ιιι
2020 4763 2130 4808 utilissi-

1377 4832 1426 4876 rnis
1441 4832 1473 4876 de
1488 4830 1615 4887 religione
1631 4830 1707 4875 libris
1726 4831 1867 4876 exarandis
1883 4829 2077 4884 vulgandisque
2093 4829 2127 4872 in·

1376 4900 1433 4944 dico
1447 4899 1573 4944 idiomate
1590 4899 1689 4942 iamdiu
1705 4897 1851 4942 adlaborat.

1416 4969 1552 5011 Postremo
1573 4965 1765 5012 evitantisairuis
1788 4976 1869 5020 aeque
1887 4963 2011 5008 laudibus
2027 4975 2129 5019 perspe·

1376 5037 1445 5078 etam
1461 5033 1646 5090 atriplitudinls
1662 5037 1723 5076 tuate
1740 5039 1899 5088 tironumque
1911 5031 2126 5088 presbyterorum

1376 5102 1543 5146 devotionem
1559 5111 1622 5156 erga
1637 5103 1661 5144 s.
1678 5100 1769 5144 sedern
1786 5099 1961 5154 apostolicam
1973 5103 1999 5143 et
2010 5103 2128 5144 constan·

1378 5171 1431 5212 tem
1447 5177 1511 5220 erga
1526 5171 1633 5210 sitorum
1651 5167 1718 5210 lianc
1733 5165 1970 5220 Corrgregatiouern
1988 5165 2128 5221 obsequen·

1378 5239 1430 5278 teni
1450 5235 1613 5278 voluntatem
1637 5231 1693 5276 llriri
1716 5235 1808 5276 Patres
1830 5232 1953 5287 prosequi
1976 5233 2126 5280 iusserunt:

1378 5302 1453 5358 queis
1468 5301 1634 5344 omnimodae
1650 5300 1832 5356 propensionis
1843 5304 1950 5344 nostrae
1960 5299 2127 5354 significatio·

1378 5381 1423 5412 nes
1444 5367 1575 5420 addimus,
1594 5369 1674 5410 bearn
1696 5366 1905 5422 oinrrlpotentem
1929 5366 2074 5422 maximum
2089 5378 2127 5410 ex·

1377 5441 1484 5480 orantes
1500 5437 1528 5479 ut
1544 5435 1630 5478 larrsta
1640 5445 1670 5478 ao
1681 5443 1806 5489 prospera
1816 5433 1938 5476 omuibus
1949 5433 2092 5486 largiatur,
2102 5437 2126 5475 et

1376 5503 1582 5558 arnplitudlnem
1598 5507 1672 5546 tuam
1687 5501 1787 5545 ererlito
1802 5499 1878 5554 gregi
1888 5511 1966 5555 quarn
1977 5501 2127 5545 diutissime

1378 5575 1465 5615 servet
1480 5581 1510 5614 ac
1525 5569 1641 5626 sospitet.

1418 5640 1525 5690 Romae,
1533 5649 1563 5680 ex
1575 5636 1684 5681 aedibus
1695 5640 1789 5680 sacrae
1801 5634 2019 5690 congregationis
2030 5635 2060 5679 de
2072 5639 2126 5679 Pro·

1379 5705 1498 5760 pagauda
1512 5703 1582 5758 uide,
1598 5703 1640 5747 die
1656 5713 1727 5746 xxvi.
1745 5701 1805 5746 iulii
1820 5713 1968 5748 nriccrxtv.

1593 5813 1611 5866 l·
1628 5815 1648 5856 1.
1665 5813 1710 5854 Pb.
1729 5813 1807 5854 cord.
1823 5812 1967 5858 Fremebat,
1986 5811 2067 5856 Praei.

1437 5922 1456 5976 †
1473 5923 1588 5966 Ioannes
1604 5921 1678 5963 Aeoli.
1699 5921 1944 5966 Thessalonicenses,
1962 5929 1977 5962 a
1993 5917 2110 5962 secretis.
