4822 6986
580 571 639 634 ato

559 701 646 764 CLII.
671 701 835 772 Eamdem,
866 715 961 778 quam
990 699 1150 778 superius,
1175 705 1311 776 potesta-

622 801 686 856 tem
709 795 837 870 delegat
858 793 1112 856 Moderatoribus
1140 789 1311 854 Seminarii

622 887 807 949 ParisIensis
837 887 1022 949 llissionum
1051 887 1088 948 ad
1111 893 1251 958 exteros,
1275 891 1312 946 ut

623 982 769 1043 eiusdem
792 979 961 1042 Seminarii
984 980 1151 1042 alumnum
1174 980 1206 1042 in
1222 981 1310 1042 coad-

621 1077 760 1138 iutorem
794 1074 910 1138 Vicarii
941 1074 1116 1153 Apostolici
1149 1073 1311 1152 Tunquini

620 1168 828 1232 Occidentalis
851 1171 1016 1248 deputent.
1040 1169 1109 1230 217.

563 1264 662 1326 CLIII.
681 1264 842 1327 Fidelibus
858 1264 1017 1326 'Iunchini
1033 1270 1065 1326 et
1076 1263 1311 1325 Cochinchinae

562 1411 567 1432 ,
621 1359 731 1420 scribit
753 1360 792 1420 do
810 1359 973 1420 saeviente
988 1357 1225 1436 persecutione,
1244 1373 1312 1418 eos-

623 1469 686 1530 que
708 1453 856 1514 hortatur
878 1459 914 1514 ιιι
935 1452 1100 1514 Christum
1128 1466 1234 1512 coram
1257 1452 1312 1512 ho-

623 1547 763 1608 minibus
785 1549 1009 1608 conliteantur.
1034 1545 1102 1607 alb.

562 1640 664 1704 CLIV.
689 1641 732 1702 oe
755 1657 829 1720 pace
852 1649 884 1702 et
905 1639 1074 1702 concordia
1101 1640 1257 1701 servanda
1280 1639 1312 1700 in

623 1735 746 1798 clerum
769 1735 965 1796 saecularem
983 1741 1014 1796 et
1028 1734 1084 1795 ΡΡ.
1099 1733 1312 1795 Franciscales

622 1830 654 1890 in
675 1817 834 1906 aliquibus
857 1829 1027 1890 Hiberniae
1049 1827 1137 1890 locis.
1161 1827 1230 1890 aab.

564 1922 653 1984 CLV.
678 1923 876 1984 Provinciam
898 1922 1088 1998 Chao-long
1110 1923 1142 1982 in
1159 1921 1242 1984 Siuis
1265 1937 1313 1982 se·

550 2090 558 2103 ,
623 2023 710 2093 parat
725 2015 762 2076 ab
778 2016 961 2093 episcopatu
977 2015 1158 2086 Pehineosi,
1177 2030 1312 2092 eamque

625 2109 656 2170 in
680 2107 872 2170 Vicariatum
896 2107 1039 2188 hpostol.
1064 2127 1079 2168 a
1102 2107 1136 2169 ll.
1161 2109 1313 2170 Pontifico

624 2202 808 2264 immediate
831 2204 1068 2280 dependentem
1092 2202 1197 2278 erigit.
1221 2202 1291 2263 (ιιι.

564 2294 666 2356 CLVI.
685 2296 878 2358 Vicariatum
891 2296 1110 2375 hpostolicum
1123 2297 1313 2358 missionum

623 2391 811 2452 Carmaniae
843 2389 1160 2468 Septemtrionalium
1196 2399 1228 2452 et
1260 2391 1314 2450 Ila-

625 2484 711 2556 niae,
742 2485 897 2562 Episcopo
927 2483 1129 2546 Paderbonae
1151 2483 1314 2546 concredi-

625 2585 704 2650 tum,
729 2579 910 2654 regendum
933 2579 964 2640 in
989 2585 1153 2656 postorum
1171 2579 1315 2640 decernit

626 2689 681 2750 per
705 2671 865 2733 Vlcarium
882 2671 1099 2750 Apostolicunr
1122 2672 1176 2748 qui
1194 2671 1314 2734 nullius

624 2767 779 2828 dioecesis
799 2767 1026 2843 gubernandae
1048 2783 1146 2828 onero
1167 2766 1315 2826 distinea-

626 2867 688 2932 tur,
711 2861 801 2937 isque
824 2861 989 2922 constituit
1011 2867 1046 2922 ιιι
1068 2861 1243 2936 IIamburgi
1267 2877 1315 2920 re-

624 2955 736 3016 sideat.
760 2957 829 3017 222.

567 3047 684 3110 CLVII.
716 3049 889 3110 Ecclesiam
918 3049 1069 3126 lleiparae
1100 3049 1258 3125 Virginis,
1283 3048 1314 3108 iu

629 3143 733 3204 llcute
759 3142 907 3204 Carmeia
936 3149 1133 3210 extructam,
1162 3143 1259 3218 erigit
1284 3141 1315 3202 iu

627 3237 790 3298 Basilicam
804 3237 963 3298 minorem
981 3253 1051 3298 ιιιιιιι
1067 3237 1191 3298 iuribus
1207 3243 1239 3298 ct
1255 3237 1316 3314 pri-

626 3319 753 3408 vilegiIs
777 3332 850 3392 huic
872 3332 964 3392 titulo
987 3331 1129 3392 adnexis.
1156 3331 1234 3392 Ibid.

566 3423 695 3486 CLVIII.
719 3425 998 3495 Commemoratis,
1017 3439 1097 3500 quac
1120 3443 1134 3484 a
1157 3423 1316 3497 religiono

625 3517 795 3578 christiana
824 3524 856 3579 et
884 3517 1143 3578 ac'lecessuribus
1174 3519 1316 3580 ordinata

625 3616 700 3670 siaul
728 3611 763 3670 ad
786 3611 976 3670 servitutem
1006 3609 1261 3670 imminuendam
1284 3611 1316 3671 in

628 3703 721 3766 Indiis
744 3711 838 3779 atquo
854 3702 1010 3778 Nigritiis‚
1029 3721 1142 3764 eorum
1160 3721 1317 3766 coruruer-

626 3799 709 3858 cium
728 3797 895 3875 reprobam
913 3797 1064 3874 prohibet
1080 3798 1174 3858 ctiam
1192 3815 1232 3860 uc
1247 3797 1317 3876 quis

625 3892 855 3953 attinuere-inm
891 3891 970 3952 illud
1004 3891 1050 3951 uti
1079 3891 1201 3953 licitum
1233 3899 1317 3954 tuea-

629 3992 691 4046 tur.
715 3985 784 4046 EEI.
862 4003 866 4010 ·

461 4142 463 4148 ,
566 4079 668 4141 CLIII.
701 4079 860 4140 horrente
889 4079 1141 4156 persequutione
1171 4079 1201 4138 in
1234 4079 1317 4140 ¹Vun-

626 4171 724 4248 iyuino
753 4169 946 4234 Occidentali
980 4171 1162 4232 facultatem
1192 4171 1318 4233 confert

628 4263 751 4326 Vlcario
773 4265 955 4343 Apostolico
979 4265 1113 4342 eiusque
1129 4267 1316 4338 coadiutori,

627 4366 672 4430 nt,
697 4360 722 4419 si
745 4360 826 4420 alter
849 4375 961 4420 eorum
986 4376 1002 4419 e
1025 4360 1087 4420 vita
1108 4360 1250 4432 decedat,
1268 4377 1319 4425 su-

628 4460 751 4530 perstas
775 4469 814 4513 ear
837 4452 1044 4512 missionariis
1066 4451 1239 4514 Vicariatus
1260 4453 1319 4514 sibi

628 4545 846 4607 coadiutorem
870 4545 968 4621 eligat
993 4543 1187 4624 Episcopum
1210 4565 1319 4609 couse-

628 4640 781 4700 crandum
803 4639 890 4700 illius
913 4639 1064 4700 ecclesiae
1080 4641 1112 4701 in
1130 4648 1210 4717 part.
1228 4641 1316 4702 indd.

628 4749 710 4810 quae
732 4749 771 4794 er
793 4739 898 4795 morte
928 4733 1060 4794 alterius
1090 4734 1246 4812 praesulis
1268 4749 1320 4795 va-

630 4828 760 4890 caverit.
784 4827 853 4890 aab.

569 4921 658 4983 CLII.
683 4921 730 4982 hd
752 4921 924 4982 avertenda
941 4919 1108 4996 religionis
1125 4921 1266 4998 pericula
1282 4921 1319 4982 ab

629 5015 734 5078 Insula
757 5015 910 5084 llauritia,
930 5015 966 5076 ad
990 5031 1059 5076 eam
1083 5015 1182 5076 mittit
1204 5014 1319 5076 Vicarii

630 5109 802 5188 ,hpestolici
819 5125 955 5170 munere
971 5115 1003 5169 et
1018 5107 1219 5170 facultatibus
1232 5125 1320 5186 prae-

630 5205 732 5266 ditum
747 5204 947 5264 Bernardum
959 5202 1079 5264 Collier
1091 5203 1320 5280 Congregatio-

628 5300 676 5360 nis
698 5297 1059 5375 hogio-Benedictinae.
1087 5298 1156 5359 227.

570 5391 672 5454 CLXI.
704 5391 886 5453 Gratulatur
914 5391 1052 5452 Praesidi
1082 5393 1157 5452 novi
1180 5392 1321 5454 instituti

629 5486 783 5550 Catholici
804 5487 837 5546 in
858 5485 970 5562 Anglii
986 5503 1024 5547 eo
1040 5485 1172 5548 consiIio
1188 5486 1317 5560 invecti,

629 5590 664 5643 ut
686 5580 831 5642 cathoIIci
854 5579 886 5640 ln
910 5580 971 5640 fide
992 5587 1178 5654 serventur,
1196 5588 1228 5643 et
1246 5581 1320 5644 libri

629 5677 765 5737 edantur
787 5675 825 5736 ad
847 5673 1069 5736 vindicandam
1093 5674 1266 5736 EcclcsIam
1283 5676 1319 5737 ab

630 5769 868 5831 haereticorum
890 5767 1068 5830 calumniis.
1093 5769 1170 5831 Ibid.

570 5861 685 5924 CLXII.
703 5863 824 5925 Intuitu
841 5861 997 5941 Syrorum
1013 5862 1247 5924 Chaldaeorum
1261 5863 1321 5924 lla-

558 5955 560 5960 ’
631 5957 744 6019 labaris
766 5956 891 6018 Vicario
910 5956 1092 6034 Apostolico
1108 5955 1273 6034 VerapolIs
1288 5955 1320 6016 in

1169 581 1268 628 INDEX
1291 581 1500 626 nbohlcanbll

1425 699 1603 776 praesentia
1625 698 1787 772 subiectis,
1807 700 1861 778 qui
1881 707 1972 762 antea
1989 702 2120 764 Archia-

1427 791 1556 869 piscopo
1578 791 1836 868 Cranganorensi
1856 794 2118 866 subiciebantur,

1426 885 1530 962 ilsque
1551 885 1746 962 optantibus,
1764 887 1943 964 praelatum
1963 887 2120 950 Vicarium

1426 979 1463 1040 ad
1496 979 1627 1040 titulum
1660 981 1812 1048 ecclesiae
1845 981 2120 1062 archiepIscopalis

1427 1072 1546 1134 evehit.
1570 1073 1639 1135 228.

1366 1162 1496 1226 CLXIII.
1520 1165 1554 1226 In
1576 1167 1775 1244 amplissimo
1798 1185 1951 1232 consessu
1971 1173 2120 1234 consisto-

1427 1259 1507 1320 riali·
1520 1261 1678 1336 praedicat
1705 1261 1838 1324 illorum
1860 1265 2028 1338 virtutem,
2053 1269 2117 1344 qui,

1427 1353 1459 1413 in
1482 1353 1701 1430 lonquinensi
1725 1359 1962 1434 persecutione,
1982 1376 2039 1438 pro
2059 1361 2121 1422 fide

1427 1446 1547 1508 Christi
1568 1463 1624 1508 sua
1646 1465 1780 1528 corpora
1808 1453 2019 1516 tradiderunt.
2048 1455 2118 1516 229.

1367 1537 1498 1602 CLXIV.
1517 1541 1645 1604 Nicolao
1661 1543 1757 1606 Isaiae
1773 1545 1874 1607 Iacobi
1892 1545 2122 1624 babylonensis

1429 1633 1565 1696 nationis
1592 1633 1827 1699 Chaldaeorum
1857 1639 2056 1702 Patriarchae
2076 1659 2121 1702 sa·

1428 1743 1518 1788 crum
1542 1729 1675 1806 pallium
1697 1731 1854 1794 concedit.
1879 1732 1948 1795 231.

1368 1817 1486 1882 CLXV.
1511 1819 1598 1884 Nova
1621 1825 1743 1886 erectio
1759 1823 1966 1890 CaliIornien.
1981 1828 2012 1889 in
2030 1829 2123 1890 dme-

1429 1915 1503 1976 rica.
1527 1916 1597 1977 233.

1368 2007 1499 2070 CLXVI.
1524 2009 1611 2072 Nova
1634 2013 1755 2074 erectio
1777 2015 2054 2093 archiepiscopalis
2074 2035 2123 2078 ec·

1428 2101 1542 2164 clesiae
1565 2102 1670 2166 Sancti
1693 2106 1794 2170 iacobi
1817 2109 1850 2169 in
1867 2109 2011 2170 dnicarIca
2028 2112 2123 2172 meri-

1428 2195 1546 2258 dionali
1569 2198 1646 2260 olim
1670 2201 1866 2280 episcopalis,
1891 2203 1960 2263 atrei.

1368 2286 1513 2350 CLXVII.
1538 2291 1665 2354 Erectio
1681 2293 1868 2373 episcopalis
1881 2297 2034 2358 ecclcsiae
2047 2297 2121 2358 Sam-

1428 2383 1468 2444 cti
1484 2383 1588 2446 Caroli
1606 2387 1637 2446 in
1654 2386 1800 2450 America
1817 2390 2031 2452 meridionali.
2050 2391 2119 2452 cru.

1369 2474 1527 2538 CLXVIII.
1562 2477 1732 2542 Occasione
1766 2483 1932 2546 divisionis
1967 2486 2121 2546 territorii

1430 2570 1515 2631 inter
1530 2571 1634 2648 lleges
1651 2573 1822 2652 belgarum
1840 2584 1871 2638 et
1891 2577 1993 2655 Belgii
2009 2580 2123 2658 (vulgo

1431 2662 1573 2726 dc'I’ocai
1590 2663 1707 2743 Boeo),
1725 2671 1876 2745 separatis
1892 2689 1907 2730 a
1924 2671 2124 2734 dioecesibus

1430 2756 1599 2820 Leodicnsi
1622 2768 1654 2822 et
1676 2760 1885 2825 Namurccnsi
1913 2765 2059 2842 pluribus
2082 2767 2123 2827 ei-

1430 2853 1599 2924 vitatibos,
1631 2857 1771 2934 oppidis,
1807 2859 1961 2936 paroeciis
1984 2867 2057 2931 etc,
2083 2877 2123 2920 er

1431 2965 1544 3008 eorum
1568 2951 1732 3012 nonnullis
1753 2953 1920 3014 constituit
1935 2954 2121 3015 vicariatum

1431 3043 1640 3120 apostolicum
1658 3043 1947 3122 Limburgensem3
1966 3047 2025 3108 alia
2039 3049 2125 3110 addit

1432 3151 1504 3196 crum
1534 3137 1731 3199 districtibus
1760 3140 1930 3203 Ravostein
1957 3149 1989 3204 et
2011 3143 2121 3220 llegen

1431 3230 1594 3294 vicariatui
1624 3233 1798 3310 apostolico
1823 3235 2074 3307 Buscuducensi,
2106 3255 2121 3298 a

1432 3339 1496 3400 quo
1520 3329 1625 3386 taruco
1649 3327 1800 3389 vicariatu
1823 3337 1948 3406 separat
1971 3331 2122 3409 oppidum

1432 3418 1470 3478 de
1494 3418 1657 3492 lemmel,
1683 3422 1767 3498 «placid
1792 3421 1961 3484 Leodiensi
1985 3425 2123 3486 dioecesi

1433 3511 1519 3584 ιιιιίι;
1543 3513 1602 3574 alio
1625 3515 1751 3574 tamtum
1782 3523 1937 3592 aggregat
1958 3518 2124 3580 vicariatui

1434 3605 1724 3680 lamenilnngcnsi.
1749 3609 1818 3670 EII.

1373 3697 1504 3758 CLXIX.
1537 3699 1664 3761 Erectio
1694 3703 1880 3780 episcopalis
1911 3706 2063 3768 ecclesiae
2087 3709 2126 3770 de

1433 3791 1552 3852 Serena
1574 3794 1606 3854 io
1629 3794 1775 3857 limovica
1798 3797 2008 3862 lleridionali.
2032 3803 2104 3864 Elati.

1373 3883 1490 3946 CLXX.
1516 3885 1632 3950 Statuit
1654 3888 1809 3951 hbbatom
1826 3889 1856 3952 S.
1878 3892 2013 3955 IlauritIi
2031 3895 2064 3956 in
2081 3897 2127 3957 in-

1433 3979 1543 4042 leriori
1569 3980 1690 4044 Valesiai
1714 4000 1770 4061 pro
1792 3991 1938 4064 tempore
1955 3988 2126 4068 episcopali

1434 4073 1616 4136 charactere
1652 4077 1869 4139 decorandum
1903 4097 1991 4152 esse,
2032 4083 2128 4160 eique

1433 4169 1666 4231 conferendum
1703 4173 1920 4251 episcopatum
1958 4175 2126 4239 Bethleem

1434 4262 1543 4340 Syriae
1567 4265 1598 4326 in
1622 4267 1764 4342 partibus
1787 4267 1979 4330 infidelium.
2003 4270 2074 4332 ahl.

1374 4355 1505 4418 CLXXI.
1530 4357 1576 4418 Er
1599 4367 1735 4436 quatrior
1758 4361 1961 4424 vicariatibus
1977 4365 2121 4442 apostoli-

1434 4451 1476 4510 cis
1502 4451 1636 4526 hngliae
1666 4469 1805 4530 regnum
1835 4456 2119 4533 complectentibus

1434 4550 1504 4604 octo
1527 4546 1709 4618 constituit,
1740 4547 1915 4626 unIcuique
1938 4551 2071 4611 nomino
2086 4557 2125 4611 el

1434 4637 1590 4699 limitibus
1611 4640 1787 4717 assignans.
1811 4641 1881 4702 aad.

1374 4731 1518 4792 CLXXII.
1550 4732 1627 4808 Regi
1651 4734 1898 4798 BIrmannorum
1924 4739 2040 4814 gratias
2063 4739 2129 4814 agit

1435 4826 1475 4888 ob
1497 4828 1565 4889 cius
1590 4827 1849 4891 benevolentiam
1866 4831 1898 4892 in
1914 4831 2126 4904 Christianos,

1435 4921 1540 4998 eique,
1558 4921 1671 4982 additis
1687 4924 1854 4985 nonnullis
1871 4925 2072 4998 muneribus,
2091 4927 2128 4988 il·

1435 5013 1482 5074 los
1511 5031 1584 5076 cum
1615 5015 1740 5077 Vicario
1770 5017 1953 5095 Apostolico
1984 5020 2069 5081 Arae
2097 5027 2130 5081 et

1435 5107 1521 5184 Pegh
1545 5125 1578 5170 ac
1594 5110 1802 5172 missionariis
1817 5113 2031 5174 commendat.
2055 5113 2125 5175 alti.

1375 5200 1532 5262 CLXXIII.
1558 5203 1746 5281 delegatum
1770 5212 1801 5266 ot
1824 5205 2029 5268 Visitatorem
2044 5207 2128 5285 Apu-

1339 5301 1341 5309 '
1436 5297 1585 5358 stolicum
1608 5299 1725 5360 intuitu
1749 5299 1821 5360 lldai
1845 5301 2066 5378 propagandae
2088 5301 2127 5362 ad

1436 5390 1608 5469 Abyssinos
1622 5392 1719 5453 mittit
1731 5393 1939 5455 Theodorum
1950 5393 2126 5455 Abuharim

1435 5485 1628 5564 Episcopum
1657 5485 1849 5560 hallensem,
1881 5487 1932 5548 cui
1957 5487 2019 5548 iam
2042 5503 2127 5549 com-

1436 5579 1527 5640 missa
1549 5579 1654 5642 luerat
1676 5596 1750 5641 cura
1765 5580 1997 5642 cathoIIcorum
2013 5581 2128 5658 Copto-

1436 5689 1508 5734 rum
1532 5673 1680 5751 Aegypti.
1704 5672 1773 5735 250.

1376 5765 1535 5828 CLXXIV.
1561 5766 1710 5844 Deplorat
1732 5767 1905 5844 impiorum
1936 5774 2068 5829 conatus
2090 5767 2127 5828 ad

1435 5860 1628 5937 religionem
1658 5860 1880 5936 evellendam3
1911 5861 2054 5924 animum
2077 5877 2128 5922 re-

1436 5961 1522 6017 creat
1538 5971 1632 6016 suurn
1653 5955 1826 6016 recolendo
1841 5955 2000 6016 Ecclesiae
2016 5955 2128 6016 trium-
