4788 6980
884 581 1060 629 onnoonltts
1081 582 1132 628 PP.
1156 583 1221 630 XVI.

273 703 395 781 ligione
416 703 665 782 conditioneque
687 719 743 767 sua
764 701 885 766 iteratis
906 701 1022 764 clamo-

273 798 362 859 ribus
383 798 583 870 annunciata,
601 814 642 858 ex
657 796 820 876 peculiari,
840 803 877 857 ut
891 795 1022 857 arbitra-

273 907 365 963 mur,
399 891 526 952 divinae
558 892 678 968 gratiae
710 890 852 968 impulsu
880 889 1022 966 seipsum

273 985 429 1046 militibus
458 984 609 1063 prodidit.
634 983 682 1046 nb
704 985 752 1046 his
774 984 874 1060 igitur
902 989 1021 1060 captus,

272 1085 369 1160 atque
390 1078 465 1140 hinc
486 1078 658 1140 vexatione
680 1075 851 1156 multiplici
874 1076 911 1137 ad
933 1075 1023 1136 dese-

272 1172 406 1232 rendam
428 1171 525 1234 tidem
547 1170 666 1233 trustra
687 1175 837 1240 tentatus,
856 1168 916 1230 etsi
936 1168 1024 1228 iuxta

272 1263 414 1342 publicas
431 1264 500 1326 eius
515 1264 610 1340 regni
624 1264 714 1340 leges
732 1263 772 1325 ob
786 1268 923 1324 aetatem
940 1266 1025 1322 octo-

273 1357 360 1434 ginta
382 1358 472 1418 annis
494 1358 649 1419 maiorem
672 1356 752 1418 affici
782 1362 930 1418 extremo
951 1369 1025 1432 sup-

273 1450 368 1528 plicio
383 1466 448 1512 non
463 1457 582 1528 posset,
599 1449 811 1512 nihilominus
827 1464 866 1509 ex
882 1449 1024 1524 irrogato

272 1551 383 1606 contra
404 1560 480 1606 eum
502 1544 673 1622 privilegio
696 1543 814 1605 lactum
838 1543 1024 1615 001111111-

272 1638 460 1700 tinniensis
481 1638 610 1714 augusti
632 1639 821 1699 detruncato
843 1636 901 1714 ipsi
923 1635 1024 1714 capite

273 1731 446 1808 gloriosam
469 1747 527 1808 pro
549 1729 677 1792 Christo
706 1737 845 1791 mortem
874 1728 1022 1790 subierit.

271 1823 395 1886 Eodem
410 1824 557 1902 supplicii
573 1839 694 1900 genere
710 1839 773 1884 una
788 1822 885 1884 simul
902 1821 1024 1883 occisus

270 1917 333 1979 iuit
346 1918 427 1978 alius
442 1907 594 1994 indige'na
611 1917 781 1994 presbyter
793 1915 919 1978 Ordinis
932 1915 1025 1976 Prae-

271 2011 451 2072 dicatorum
466 2011 598 2072 nomine
613 2009 798 2072 Dominicus
818 2008 898 2070 Oieu
914 2007 1022 2083 Hanh3

271 2104 327 2179 qui
343 2110 375 2165 et
389 2103 594 2181 praecedenti
609 2109 757 2180 tempore
770 2117 828 2180 pro
843 2101 1024 2164 animarum

270 2197 356 2258 bono
376 2195 578 2258 laboraverat
593 2196 782 2274 plurimum,
801 2201 834 2256 et
849 2195 1024 2257 novissime

271 2283 336 2350 non
370 2305 485 2367 paucos
517 2289 595 2350 alios
627 2289 785 2351 cruciatus
817 2303 876 2366 pro
903 2287 1024 2350 Christi

271 2399 381 2446 amore
403 2381 531 2444 lortiter
552 2382 757 2444 toleraverat.
781 2381 899 2442 Paucos
914 2387 1023 2442 autem

271 2483 344 2555 post
354 2476 422 2538 dies
437 2476 544 2537 simile
560 2477 675 2537 mortis
691 2491 793 2552 genus
805 2475 953 2536 alacriter
964 2490 1023 2553 pro

271 2570 346 2632 tidei
378 2569 580 2632 confessione
609 2569 763 2631 sustinuit
794 2569 874 2630 alius
905 2567 1024 2630 Christi

271 2662 401 2724 Athleta
421 2662 575 2740 Iosephus
598 2661 680 2723 Vidn
698 2662 868 2740 presbyter
883 2662 961 2723 item
977 2661 1024 2722 in-

272 2757 398 2834 digena,
421 2756 477 2833 qui
500 2755 639 2817 anteain
654 2756 734 2819 01011
750 2756 923 2818 ministerii
938 2755 1023 2818 labo-

272 2850 362 2912 ribus
383 2849 547 2911 sexdecim
569 2863 668 2910 11100
691 2855 854 2926 exegerat.

311 2943 374 3006 Hos
395 2944 573 3021 septembri
588 2959 701 3004 mense
715 2949 844 3005 secutus
860 2949 908 3004 est
921 2959 1024 3004 sacer·

272 3039 328 3102 dos
349 3038 430 3099 alius
453 3036 521 3098 eius
541 3037 687 3113 regionis
703 3037 816 3098 Petrus
834 3035 880 3098 Tri
895 3034 1023 3098 Ordinis

272 3131 541 3202 Praedicatorum,
560 3130 616 3206 qui
637 3135 808 3206 antequam
825 3129 961 3192 abscisso
976 3147 1023 3192 ca-

272 3225 338 3302 pite
360 3223 572 3294 occideretur,
596 3223 716 3284 nedum
738 3222 771 3284 11
794 3223 908 3284 mediis
928 3237 1023 3284 vexa-

272 3316 414 3379 tionibus
435 3315 711 3378 constantissimus
733 3317 800 3393 ipse
822 3316 854 3376 in
874 3316 1023 3394 11110001-

272 3414 444 3480 manserat,
461 3409 518 3470 sed
535 3413 567 3469 et
581 3407 771 3470 christianos
786 3407 883 3470 simul
898 3409 1023 3471 vinctos

271 3502 433 3583 impavide
455 3503 488 3564 in
516 3502 727 3580 praesentiam
755 3501 851 3562 etiam
879 3501 1023 3564 iudicum

273 3597 310 3658 ad
326 3595 600 3674 perseverantiam
612 3594 718 3656 luerat
729 3595 929 3656 exhortatus.
944 3594 1023 3658 Huic

273 3690 388 3752 eodern
411 3688 557 3766 martyrii
580 3703 701 3764 genere
729 3703 837 3750 comes
859 3687 920 3749 luit
940 3687 1023 3750 Iose-

274 3785 356 3862 phus
368 3781 467 3854 Oanh,
482 3787 633 3860 provecta
647 3786 749 3842 aetate
764 3781 825 3853 vir,
839 3781 872 3842 in
888 3781 1023 3844 tertium

275 3877 306 3940 S.
329 3875 487 3938 [lominici
508 3873 661 3937 Ordinem
678 3881 854 3952 cooptatus,
871 3876 1023 3954 idemque

274 3972 359 4032 inter
381 3969 492 4032 fideles
513 3969 564 4031 sui
586 3969 658 4047 pagi
679 3969 944 4046 spectatissimus,
968 3971 1024 4047 qui

274 4064 357 4126 bene
378 4063 552 4125 admodum
575 4063 614 4124 de
629 4053 706 4124 'vera
720 4062 881 4138 religione
896 4080 1024 4127 merue-

273 4163 332 4218 rat.
355 4155 500 4233 Denique
523 4155 694 4217 novembri
716 4171 828 4217 mense
853 4156 1024 4235 presbyter

274 4251 386 4312 Petrus
418 4249 593 4311 Dumoulin
624 4249 730 4321 Borie,
764 4256 859 4326 atque
890 4249 1024 4328 insuper

274 4344 341 4406 bini
362 4342 543 4405 sacerdotes
569 4342 739 4418 indigenae
761 4359 824 4403 una
846 4343 943 4405 simul
965 4359 1024 4422 pro

274 4437 392 4499 Ohristi
406 4451 516 4498 amore
528 4433 656 4496 fortiter
672 4435 904 4507 occubuerunt.
919 4435 1024 4514 atquc

274 4533 351 4594 haec
380 4530 530 4608 quidem,
558 4529 602 4591 uti
631 4527 787 4600 diximus,
815 4530 1025 4606 contigerunt

274 4642 356 4688 1110
378 4623 553 4686 millesimo
573 4621 840 4698 octingentesimo
855 4623 1024 4698 trigesimo

276 4725 397 4780 octavo.

312 4809 423 4888 Nuper
457 4815 565 4871 autem
605 4813 798 4869 memoratas
836 4807 1024 4870 Oocincinae

276 4903 504 4982 l'unquinique
525 4902 676 4980 regiones
705 4917 791 4964 novo
812 4903 942 4965 virtutis
963 4903 1024 4964 lul-

276 5015 354 5077 gore
375 4998 580 5060 illustrarunt
608 5003 673 5058 tres
702 4997 820 5058 milites
846 4997 1022 5070 christiani,

275 5106 355 5169 quos
371 5090 531 5169 superiori
546 5105 629 5151 anno
646 5089 685 5151 ob
701 5089 775 5150 111101
787 5089 1024 5152 contessionem

275 5185 307 5246 in
329 5184 501 5261 Tunquino
522 5181 660 5244 vinculis
682 5181 876 5260 mancipatos
896 5183 1024 5261 provin-

276 5278 340 5340 ciae
353 5277 483 5338 Praeses
500 5291 601 5352 quum
616 5273 715 5336 nullis
731 5290 838 5352 neque
850 5274 1022 5349 blanditiis,

276 5387 382 5449 neque
401 5370 511 5442 minis,
535 5385 643 5446 neque
665 5369 836 5431 tormentis
858 5385 875 5430 a
896 5370 1025 5431 caritate

276 5464 394 5526 Ohristi
416 5479 565 5542 separare
596 5461 765 5541 potuisset,
789 5462 919 5524 tandem
939 5462 1025 5540 ipsos

278 5557 433 5637 propinati
466 5573 524 5636 per
556 5555 702 5618 fraudem
735 5555 962 5616 medicamenti
992 5555 1025 5616 vi

278 5651 424 5712 sensibus
448 5650 600 5716 alienatos
629 5663 727 5727 super
750 5647 946 5710 Sanctissimi
967 5646 1025 5710 Re-

279 5743 454 5822 demptoris
486 5743 661 5820 imaginem
693 5742 786 5802 iussit
817 5741 956 5819 imponi:
992 5757 1026 5802 ac

278 5837 482 5914 postmodum
510 5835 633 5898 litteras
662 5835 750 5896 dedit
777 5834 814 5897 ad
843 5850 957 5910 regem
987 5835 1025 5896 de

277 5931 448 6002 christiana
462 5929 622 6007 religione
637 5927 752 5991 abillis
769 5943 826 6007 per
838 5929 940 5990 crucis
952 5943 1026 5990 con-

1079 700 1291 764 culcationem
1313 702 1478 780 abnegata.
1495 701 1617 765 Verum
1637 701 1680 780 pii
1696 701 1827 775 milites,

1079 795 1135 872 qui
1155 795 1287 857 interim
1309 811 1327 857 e
1349 812 1477 859 carcere
1495 813 1568 858 cum
1584 795 1739 874 pecuniae
1754 795 1827 858 sub-

1080 888 1160 950 sidio
1183 889 1306 950 dimissi
1327 889 1466 963 luerent,
1482 905 1519 950 re
1539 889 1675 952 subinde
1690 889 1828 966 cognita,

1080 981 1160 1043 nihil
1193 981 1309 1044 morati
1340 989 1417 1044 sunt
1448 983 1526 1060 quin
1558 982 1596 1044 ad
1628 981 1829 1044 Praetorium

1079 1074 1175 1146 irent,
1199 1075 1255 1136 ubi
1285 1075 1463 1152 pecuniam,
1487 1090 1568 1153 quae
1597 1074 1671 1136 dolo
1693 1075 1738 1135 eis
1760 1075 1829 1137 data

1080 1166 1194 1238 iuerat,
1209 1167 1311 1246 palam
1323 1168 1528 1246 prolicientes
1543 1184 1651 1230 coram
1664 1168 1830 1246 magistra-

1079 1260 1165 1323 tibus
1188 1267 1431 1340 memoratoque
1451 1261 1599 1324 Praeside
1620 1277 1733 1323 rursus
1755 1278 1829 1324 con-

1080 1353 1155 1416 10001
1176 1359 1252 1416 sunt
1272 1355 1369 1416 iidem
1401 1360 1556 1428 nostram,
1578 1370 1679 1432 seque
1700 1355 1738 1416 ab
1760 1355 1829 1417 eius
1852 1432 1854 1438 Α

1079 1449 1243 1510 sanctitate
1265 1462 1466 1526 nequaquam
1488 1449 1661 1511 recessisse
1676 1455 1830 1527 protesta-

1080 1542 1114 1614 ti,
1138 1542 1239 1620 ipsam
1265 1557 1366 1618 aeque
1394 1543 1427 1604 in
1449 1548 1616 1620 posterum
1646 1542 1830 1605 firmissime

1080 1641 1263 1696 retenturos
1286 1633 1422 1712 professi
1442 1642 1528 1697 sunt.
1552 1635 1626 1696 Post
1641 1636 1722 1698 hanc
1736 1636 1829 1698 afficti

1079 1728 1138 1788 sibi
1159 1727 1290 1790 sceleris
1319 1727 1514 1806 praeclaram
1542 1729 1620 1790 adeo
1643 1729 1831 1791 101111110-

1079 1827 1161 1882 01110
1183 1821 1420 1899 depulsionem,
1443 1821 1511 1884 bini
1533 1823 1725 1884 eorumdem
1747 1823 1830 1884 mili-

1081 1919 1161 1986 tum,
1175 1915 1307 1976 nomine
1318 1913 1466 1976 Nicolaus
1479 1922 1512 1978 01
1522 1913 1733 1993 Augustinus,
1747 1916 1831 1978 adie-

1079 2016 1157 2070 runt
1178 2009 1312 2086 insuper
1333 2009 1432 2085 longo
1447 2009 1564 2070 itincre
1579 2009 1617 2070 ad
1632 2009 1756 2086 regiam
1772 2008 1830 2071 Oo-

1080 2101 1221 2164 cincinae
1243 2101 1370 2175 urbem,
1394 2117 1574 2179 regemque
1589 2103 1695 2180 ipsum
1711 2102 1751 2164 de
1767 2103 1828 2178 his,

1080 2210 1161 2273 qnae
1183 2194 1395 2272 contigerant,
1420 2212 1454 2257 10
1476 2195 1515 2256 de
1534 2211 1590 2257 sua
1605 2195 1639 2257 in
1654 2195 1774 2258 Ohristi
1788 2196 1831 2258 ia-

1080 2287 1202 2349 mulatu
1225 2288 1401 2350 constantia
1418 2287 1523 2350 oblato
1539 2289 1618 2350 inid
1635 2287 1746 2350 libello
1762 2305 1830 2351 ccr-

1079 2383 1196 2443 tiorem
1219 2381 1377 2444 lecerunt.
1401 2381 1481 2445 Hinc
1502 2383 1623 2444 iterum
1638 2382 1727 2444 iussu
1744 2383 1830 2461 prin-

1079 2477 1157 2555 cipis
1179 2476 1217 2537 ad
1238 2475 1335 2538 fidem
1362 2476 1575 2538 deserendam
1602 2475 1722 2538 lrustra
1743 2475 1830 2538 solli-

1080 2570 1176 2642 citati,
1200 2569 1332 2631 demum
1354 2584 1467 2630 mense
1489 2568 1578 2630 iunio
1600 2569 1675 2630 anni
1690 2569 1830 2646 proximi

1079 2663 1115 2725 ad
1131 2662 1274 2740 martyrii
1287 2661 1423 2739 palmam
1440 2660 1577 2724 feliciter
1593 2669 1827 2740 pervenerunt,

1079 2760 1259 2833 eorumque
1281 2771 1415 2833 corpora
1437 2755 1626 2817 detruncato
1647 2755 1710 2816 iarn
1729 2757 1844 2834 capite

1078 2851 1112 2912 in
1133 2856 1271 2928 quatuor
1299 2855 1405 2927 partes
1434 2848 1580 2920 dissecta,
1611 2854 1643 2910 et
1671 2849 1704 2910 in
1733 2850 1830 2911 maris

1079 2942 1277 3022 protundum
1299 2943 1446 3004 demersa
1468 2949 1555 3004 sunt.

1118 3036 1246 3098 Habetis
1275 3035 1387 3112 igitur,
1414 3035 1618 3098 venerabiles
1646 3037 1774 3110 fratres,
1797 3037 1831 3100 11

1080 3130 1225 3192 01111010
1256 3129 1314 3191 hac
1342 3135 1452 3190 nostra
1480 3129 1580 3192 breve
1612 3130 1744 3193 illorum
1767 3130 1832 3192 elo-

1080 3225 1181 3302 gium,
1206 3224 1261 3301 qui
1290 3239 1330 3284 ex
1353 3225 1441 3286 omni
1462 3224 1610 3287 catholici
1632 3223 1711 3287 cleri
1732 3241 1832 3304 popu-

1079 3317 1166 3394 lique
1197 3315 1366 3386 011111οἰ1
1395 3317 1585 3394 supradictis
1614 3315 1722 3379 ultimi
1747 3334 1831 3396 pene

1080 3409 1213 3472 orientis
1235 3409 1378 3488 partibus
1400 3424 1511 3471 veram
1527 3409 1647 3473 Christi
1664 3410 1761 3473 iidem
1777 3427 1832 3473 ne·

1079 3505 1156 3566 durn
1172 3503 1261 3565 vario
1277 3519 1507 3566 aerumnarum
1525 3510 1831 3584 tormentorumque

1080 3587 1203 3674 genere
1229 3597 1430 3670 sustinendo,
1461 3598 1518 3660 scd
1546 3597 1617 3660 tuso
1643 3599 1740 3662 etiam
1762 3615 1831 3661 san-

1081 3692 1179 3768 guine
1195 3691 1420 3754 clarificarunt.
1435 3690 1524 3752 Faxit
1538 3691 1633 3765 Deus,
1647 3696 1684 3753 ut
1699 3691 1830 3754 facultas

1080 3785 1230 3863 deinceps
1253 3801 1317 3846 non
1340 3785 1423 3846 desit
1444 3785 1483 3846 de
1505 3791 1571 3846 tota
1589 3785 1647 3847 hac
1662 3801 1754 3848 causa
1768 3787 1831 3849 rite

1079 3879 1277 3956 inquirendi,
1291 3893 1355 3956 quo
1369 3876 1481 3940 Sancta
1495 3878 1573 3940 haec
1586 3877 1685 3940 Sedes
1700 3879 1739 3942 ad
1754 3896 1831 3959 pon-

1081 3971 1250 4034 tificiarum
1271 3971 1473 4034 sanctionum
1496 3986 1643 4033 normam
1669 3972 1771 4050 possit
1791 3973 1832 4035 de

1080 4067 1149 4144 ipso
1181 4071 1229 4128 tot
1256 4081 1417 4128 novorum
1451 4071 1631 4143 martyrum
1663 4065 1831 4145 triumpho

1081 4161 1269 4235 eisdemque
1281 4159 1425 4220 fidelium
1437 4157 1639 4221 venerationi
1651 4174 1831 4238 proponen-

1081 4254 1127 4315 dis
1142 4253 1297 4315 iudicium
1312 4251 1410 4314 lerre.
1424 4251 1530 4314 Firma
1544 4252 1677 4314 interim
1692 4267 1749 4330 spe
1765 4269 1832 4316 sus-

1082 4353 1244 4408 tentamur
1265 4351 1302 4406 nt
1323 4351 1432 4407 auctor
1454 4345 1530 4407 fidei
1545 4351 1577 4406 et
1591 4353 1832 4409 consummator

1081 4439 1228 4501 Christus
1250 4438 1417 4511 Dominus,
1441 4439 1532 4500 cuius
1554 4439 1709 4502 adiutrice
1732 4440 1832 4518 gratia

1082 4532 1200 4594 iactum
1223 4539 1281 4604 est,
1297 4537 1335 4593 ut
1352 4532 1452 4594 fortes
1467 4532 1501 4592 in
1516 4532 1692 4595 certamine
1708 4548 1832 4611 perma-

1081 4631 1215 4698 nerent,
1249 4625 1396 4704 respiciat
1427 4626 1524 4687 modo
1553 4641 1652 4703 super
1680 4641 1831 4704 sponsam

1081 4735 1171 4781 suam
1190 4719 1365 4782 Ecclesiam
1380 4719 1504 4781 recenti
1518 4717 1661 4781 tiliorum
1675 4720 1832 4796 sanguine

1081 4819 1314 4886 coruscantem,
1329 4827 1465 4888 eamque
1480 4811 1749 4885 acalamitatibus,
1764 4812 1832 4888 qui-

1081 4907 1141 4969 bus
1163 4907 1326 4984 affligitur,
1350 4906 1540 4984 propitiatus
1563 4906 1691 4984 eripiat;
1713 4907 1832 4984 specia-

1083 5003 1139 5064 tim
1161 5016 1241 5064 vcro
1263 5001 1296 5061 in
1317 4998 1506 5077 regionibus
1529 4999 1644 5061 eodem
1673 5001 1831 5078 sanguine

1081 5096 1221 5173 irrigatis
1243 5093 1454 5171 multiplicato
1474 5092 1676 5155 credentium
1693 5110 1831 5156 numero

1081 5187 1220 5252 iustitiae
1242 5187 1353 5262 lruges
1375 5185 1560 5264 amplificet.

1321 5655 1326 5666 ¹
1389 5562 1522 5627 CLXIV.

1082 5739 1215 5801 Nicotco
1237 5737 1341 5800 isaiae
1356 5716 1463 5800 iacobi
1478 5733 1707 5814 Babyloniensis
1728 5736 1833 5798 ectio-

1122 5832 1173 5893 010
1208 5829 1419 5893 Chuldeorom
1451 5828 1667 5893 Potriorcboe
1698 5845 1828 5892 socrum

1120 5923 1258 6005 pultium
1280 5921 1434 5985 concedit.

1751 567 1809 632 231
1860 569 1913 622 An.
1929 571 1959 620 O.
1982 571 2050 622 1840
