4864 6994
916 579 1090 624 annullatus
1112 579 1162 624 1²1³.
1186 579 1251 624 XVI.

258 777 262 784 Ι
312 695 468 764 videatur,
493 713 533 758 ne
555 696 585 757 id
607 697 675 758 sine
697 696 777 764 iusta
800 701 831 756 et
854 695 943 771 gravi
965 710 1055 756 causa

313 790 373 860 liat,
392 795 499 851 tamen
522 791 665 852 tollerari
681 789 799 867 poterit
814 803 982 865 quousque
998 804 1056 866 pro

312 881 459 944 hrmenis
471 883 633 944 catholicis
645 883 789 962 publicae
802 883 979 944 adstructae
989 881 1056 942 fue-

312 974 376 1036 rint
397 976 559 1047 ecclesiae,
582 977 615 1037 in
638 977 752 1053 quihus
774 975 903 1053 proprio
926 974 989 1036 ritu
1011 991 1056 1034 sa-

313 1085 362 1130 cra
384 1070 461 1130 frant
482 1087 498 1130 a
522 1070 738 1132 sacerdotibus
763 1069 911 1130 hvmenis
926 1068 1056 1129 catholi-

314 1163 365 1234 cis,
382 1179 441 1224 nec
457 1163 504 1224 his
519 1165 687 1226 adimenda
702 1169 749 1224 est
763 1162 893 1224 libertas
910 1162 1055 1223 divinum

314 1273 389 1334 opus
411 1258 585 1334 peragendi
608 1257 641 1317 in
663 1256 802 1318 ecclesiis
833 1256 936 1316 latinis
958 1271 1056 1315 sacra-

314 1365 384 1410 rum
400 1351 539 1412 vestium
555 1357 703 1428 apparatu
721 1349 887 1428 proprium
904 1348 940 1408 ad
957 1347 1055 1408 ritum

314 1443 549 1506 accommodato
570 1444 643 1522 (nisi
658 1443 741 1504 forte
758 1442 797 1503 ob
812 1449 985 1518 urgentem
1002 1455 1056 1500 ne-

314 1537 489 1599 cessitatem
513 1543 545 1598 el
565 1537 704 1597 vestium
727 1535 847 1614 proprii
869 1535 949 1594 ritus
971 1532 1056 1594 defe-

314 1635 397 1691 ctum
420 1631 458 1692 ad
483 1637 618 1708 tempus,
643 1629 728 1689 etin
752 1627 964 1707 peculiaribus
987 1643 1056 1686 cau-

313 1723 351 1783 sis
363 1723 443 1799 legis
456 1723 550 1784 huius
563 1723 705 1800 rigorem
719 1722 854 1784 relaxari
867 1719 1054 1796 contingat),

314 1834 352 1879 ne
381 1817 436 1893 qui
466 1817 541 1877 foris
569 1824 644 1878 sunt
672 1816 870 1878 arbitrentur
899 1814 1056 1875 Armenes

313 1909 481 1972 catholicos
510 1909 548 1970 ab
574 1926 609 1970 ea
637 1911 710 1971 frdei
740 1909 860 1970 unitate
890 1906 1054 1975 recedere,

313 2019 407 2080 quam
424 2019 528 2081 nuper
545 2011 607 2065 tarn
622 2009 754 2064 strenue
772 2001 904 2080 professi
920 2005 1006 2070 sunt,
1024 1998 1056 2058 in

313 2113 422 2158 rerum
436 2097 581 2158 omnium
601 2104 634 2158 et
650 2097 735 2157 vitae
747 2095 844 2174 ipsius
860 2093 1053 2156 discrimine.

313 2187 378 2249 Una
391 2195 438 2250 est
452 2188 570 2251 Christi
586 2189 733 2260 Ecclesia,
751 2205 812 2248 una
825 2186 1055 2249 catholicorum

313 2283 456 2344 omnium
480 2283 568 2354 frdes,
585 2298 687 2344 unum
710 2281 873 2359 baptisma,
891 2295 993 2340 unum
1010 2285 1057 2339 est

312 2377 457 2437 omnium
472 2381 730 2453 nostrumcaput,
741 2373 989 2442 Gliristuslesus,
1001 2373 1054 2448 qui

312 2469 491 2530 beatissimo
505 2468 600 2530 Petro
615 2468 777 2546 Apostolo,
794 2468 845 2530 cui
861 2483 928 2538 nos,
946 2481 1056 2542 quam-

311 2563 358 2622 vis
379 2563 515 2638 indigni,
538 2562 756 2632 successimus,
781 2561 908 2638 plenam
929 2557 1056 2619 tradidit

311 2661 500 2734 potestatem
522 2655 705 2716 universam
729 2653 899 2715 Ecclesiam
920 2650 1055 2728 regendi

311 2757 343 2810 et
365 2747 576 2825 gubernandi.
602 2749 749 2824 Aequum
772 2747 871 2823 igitur·
888 2752 944 2816 est,
961 2751 997 2805 ut
1011 2761 1055 2804 sa·

310 2841 493 2906 cerdotibus
516 2841 664 2902 Armenis
686 2840 762 2902 haec
786 2840 834 2900 via
856 2845 969 2916 pateat,
995 2853 1056 2915 qua

311 2936 432 2997 facilius
453 2935 684 2998 catholicorum
700 2933 917 2994 Armenorum
934 2931 1056 2992 animos

311 3029 343 3090 in
364 3035 469 3091 sancta
491 3028 649 3104 religione
679 3025 856 3105 profitenda
878 3033 910 3087 et
932 3025 963 3086 in
986 3023 1056 3086 hea-

311 3121 423 3183 tissimi
445 3121 530 3184 Petri
552 3121 723 3182 devotione
745 3119 948 3182 confirment.

114 3215 292 3314 fferqlenigot
353 3217 371 3291 ἓ
393 3213 421 3276 7.
436 3213 518 3277 llaec
533 3229 614 3292 quae
629 3213 780 3291 pietatem
796 3211 917 3284 fovent,
936 3209 1057 3273 nemini

105 3282 129 3367 li
139 3281 294 3398 lilyrrffiae
313 3314 445 3386 possunt
466 3307 662 3370 occasionem
689 3305 844 3384 praebere
871 3303 1057 3366 transeundi

105 3376 328 3474 {Sss'sslhignma
357 3401 582 3482 proprioritu
611 3401 649 3464 ad
678 3400 776 3463 aliurn
805 3413 1055 3476 quemcumque,

312 3495 458 3573 quamvis
486 3493 524 3556 ab
552 3493 731 3572 apostolica
753 3491 835 3555 Sede
865 3491 1055 3571 probatum;

312 3593 433 3652 norunt
447 3588 534 3650 enim
554 3601 666 3648 omnes
681 3587 711 3648 id
727 3586 864 3648 vetitum
881 3583 1058 3663 apostolicis

311 3681 602 3756 constitutionibus,
627 3679 685 3741 nisi
708 3679 791 3742 forte
816 3679 939 3742 cuidam
963 3677 1057 3739 facul-

311 3783 356 3839 tas
377 3777 431 3838 fiat
453 3791 493 3836 ex
514 3773 713 3854 apostolicae
733 3771 822 3834 Sedis
844 3771 980 3833 indulto.
1005 3771 1057 3832 Pa·

311 3875 406 3930 terno
420 3881 531 3932 amore
545 3866 715 3944 complecti
736 3865 883 3928 volentes
899 3865 1057 3942 orphanos

312 3963 378 4040 qui,
395 3967 515 4040 apatre
539 3959 679 4022 Armeno
702 3966 734 4020 et
755 3965 857 4020 matre
880 3958 1057 4034 graeco-la-

312 4057 378 4118 tina
399 4054 475 4126 nati,
500 4053 539 4117 ob
563 4054 730 4115 excitatam
752 4053 785 4114 in
807 4051 964 4113 Armenes
987 4065 1057 4129 per-

311 4149 510 4212 secutionem
545 4147 649 4210 latinis
685 4145 868 4208 bominibus
904 4145 1057 4206 educandi

315 4242 419 4305 traditi
441 4241 544 4312 fuere,
569 4257 623 4302 eos
643 4239 739 4301 simili
763 4239 861 4316 gratia
877 4238 989 4314 dignos
1011 4236 1057 4298 iu·

313 4337 464 4406 dicamus,
487 4348 586 4412 quare
605 4332 676 4394 illos
698 4333 730 4393 in
753 4332 840 4393 latini
866 4331 945 4392 ritus
967 4346 1058 4392 ener-

313 4429 387 4490 citio
408 4443 539 4490 manere
565 4441 655 4504 posse
677 4425 891 4496 decernimus,
923 4425 1058 4486 nullam-

313 4537 376 4599 que
399 4521 578 4584 molestiam
601 4519 645 4581 eis
667 4519 867 4580 inferendam
888 4535 954 4580 esse
971 4533 1058 4597 prae·

313 4616 458 4694 cipimus.
482 4614 661 4685 Praeterea,
680 4628 779 4690 quum
797 4612 959 4690 pastoralis
973 4613 1058 4676 solli·

313 4709 420 4771 citudo
435 4708 468 4768 in
482 4713 568 4768 recta
581 4706 769 4784 praesertim
784 4713 1057 4768 sacramentorum

313 4795 586 4863 administratione
615 4799 813 4876 procuranda
842 4815 898 4860 nos
929 4815 1058 4875 magno-

314 4910 390 4972 pere
412 4899 546 4972 premat,
571 4909 636 4954 non
660 4892 813 4954 mediocri
835 4892 932 4953 animi
958 4893 1058 4954 nostri

314 4987 490 5049 acritudine
512 4986 700 5063 accepimus,
730 4985 822 5048 isthic
840 4985 1058 5047 Poenitentiae

314 5087 346 5144 et
360 5079 576 5142 Eucharistiae
589 5085 784 5140 sacramenta
800 5079 929 5156 privatis
951 5079 983 5140 in
1005 5081 1058 5141 do-

314 5173 418 5234 mibus
433 5172 547 5235 crebro
563 5171 752 5246 ministrari;
777 5171 813 5232 ad
837 5173 988 5234 arcendos
1003 5173 1058 5234 ita-

314 5283 376 5344 que
398 5266 513 5328 abusus
543 5281 664 5335 omnes,
690 5265 743 5341 qui
766 5265 839 5326 inde
864 5265 940 5326 oriri
969 5265 1058 5328 facile

313 5366 455 5438 possunt,
480 5365 572 5420 tuum
595 5358 766 5420 zelumvel
790 5360 928 5419 maxime
945 5360 1058 5420 excita-

315 5469 395 5526 mus,
418 5459 454 5514 ut
475 5451 556 5512 hanc
578 5467 647 5512 rem
671 5457 797 5512 maturo
820 5452 966 5513 examine
988 5468 1058 5531 per·

314 5548 441 5625 pandas,
465 5545 651 5622 collatisque
666 5561 740 5606 cum
762 5545 940 5608 venerabili
960 5545 1059 5609 fratre

315 5639 559 5717 archiepiscopo
572 5637 732 5699 Sardiensi
745 5637 869 5700 vicario
878 5639 1058 5716 Apostolico

316 5731 514 5810 patriarchali
532 5731 670 5793 consiliis
686 5731 853 5809 provideas
873 5732 1059 5808 diligenter-

315 5841 377 5903 que
403 5839 523 5896 caveas,
547 5840 589 5886 ne
610 5825 640 5886 id
667 5825 842 5901 unicuique
869 5825 1058 5888 indiscrimi-

315 5920 413 5982 natim
435 5918 658 5998 permittatur,
681 5919 736 5980 sed
759 5917 922 5981 facultates
951 5920 1058 5982 huius·

419 6063 470 6110 fur.
487 6063 557 6110 root.
573 6062 604 6110 de
618 6063 692 6121 Prop.
708 6061 898 6112 emercetur.
914 6063 966 6110 vol.
984 6066 1009 6110 v.

1801 553 1839 616 33
1889 547 1942 602 An.
1957 547 1986 600 G.
2009 545 2077 599 1832

1114 696 1200 758 modi
1212 695 1248 755 iis
1261 701 1384 755 tantum
1399 691 1615 753 sacerdotibus
1630 689 1856 760 concedantur,

1114 789 1167 865 qui
1184 805 1219 850 ea
1234 788 1368 868 praediti
1389 793 1453 847 srnt
1475 787 1602 863 pietate,
1627 799 1707 861 cquae
1728 799 1857 845 omnem

1114 882 1218 958 abigat
1238 881 1463 960 suspicionem,
1482 885 1513 940 et
1528 879 1560 940 in
1577 879 1719 939 favorem
1744 893 1857 938 eorum

1113 975 1265 1037 laicorum
1284 975 1337 1051 qui
1354 989 1417 1035 non
1433 974 1538 1034 solum
1554 973 1637 1034 bene
1653 971 1767 1032 morati
1782 969 1855 1041 sint,

1112 1069 1167 1130 sed
1191 1069 1285 1130 etiam
1307 1069 1414 1131 locum
1430 1067 1566 1129 habeant
1585 1066 1622 1127 ad
1641 1081 1727 1126 sacra
1742 1071 1859 1142 myste-

1113 1163 1158 1222 ria
1181 1163 1241 1223 rite
1265 1161 1410 1224 obeunda
1432 1167 1540 1238 aptum
1557 1165 1589 1220 et
1609 1177 1625 1219 a
1647 1158 1783 1237 profanis
1799 1159 1858 1219 dis-

1113 1255 1258 1316 iunctum
1281 1255 1399 1326 usibus,
1423 1254 1477 1315 ubi
1499 1267 1625 1314 sacrum
1641 1251 1857 1312 ministerium

1113 1347 1231 1424 absque
1253 1347 1320 1409 ullo
1342 1345 1567 1425 profanationis
1597 1344 1740 1422 periculo
1762 1343 1858 1422 possit

1114 1442 1269 1502 exerceri.

1153 1534 1221 1610 58.
1247 1533 1345 1594 Tuam
1374 1533 1469 1594 etiam
1502 1531 1692 1611 pastoralem
1723 1530 2090 1629 l'issllfss·,1„¹{fi„}¹{¹g¹g¹c¹}{„1

1115 1627 1189 1688 tiurn
1204 1627 1329 1698 adhibe,
1348 1643 1388 1688 ne
1405 1628 1436 1688 in
1452 1625 1645 1704 baptismatis
1661 1623 1857 1686 administra·
1877 1611 2031 1682 hro‘nrurum.

1115 1723 1211 1792 tione,
1236 1729 1290 1781 aut
1311 1721 1343 1782 in
1360 1719 1555 1781 matrimonii
1578 1719 1801 1780 benedictione
1817 1717 1858 1776 ri-

1115 1821 1163 1875 tus
1185 1815 1297 1892 aliquis
1328 1815 1489 1884 indecens,
1521 1819 1575 1874 aut
1603 1811 1781 1874 contrarius
1810 1827 1859 1873 ec·

1113 1907 1291 1968 clesiasticis
1314 1908 1438 1983 legibus
1460 1907 1644 1980 inducatur3
1674 1906 1750 1966 haec
1772 1905 1857 1965 enim

1114 2001 1292 2078 Apostolica
1308 2000 1405 2062 Sedes
1421 2016 1585 2078 nunquam
1603 1999 1746 2078 perferet
1761 2003 1793 2060 et
1809 2015 1859 2076 pa·

1115 2093 1223 2165 tietur,
1248 2101 1283 2155 ut
1305 2111 1343 2155 ex
1366 2094 1465 2156 abusu
1488 2095 1520 2154 in
1542 2093 1746 2155 sacramentis
1762 2092 1859 2152 admi-

1114 2187 1282 2250 nistrandis
1298 2189 1319 2249 ii
1334 2188 1511 2250 habeantur
1534 2203 1650 2260 mores,
1675 2187 1730 2264 qui
1750 2186 1859 2247 haere-

1115 2281 1206 2341 ticam
1230 2282 1418 2360 pravitatem
1434 2289 1487 2343 aut
1502 2281 1743 2359 corruptionem
1768 2279 1859 2340 redo-

1114 2373 1209 2445 leant,
1232 2375 1284 2435 vel
1315 2375 1503 2436 christianae
1534 2374 1707 2436 modestiae
1734 2379 1788 2433 aut
1810 2389 1858 2434 ec-

1112 2467 1301 2529 clesiasticae
1323 2469 1469 2544 dignitati
1491 2475 1685 2546 repugnent.

1151 2559 1219 2636 59.
1245 2561 1395 2622 Dolemus
1417 2578 1546 2638 quoque
1568 2569 1600 2623 et
1615 2561 1764 2638 angimur
1787 2562 1858 2622 hae·
1907 2572 1940 2613 0⁰
1956 2570 2022 2614 taxis
2038 2581 2088 2614 non

1112 2654 1287 2714 reticorum
1311 2656 1460 2732 exemplo
1480 2661 1564 2715 taxas
1580 2655 1675 2716 luisse
1697 2654 1858 2732 impositas
1877 2623 2090 2721 {r'ii'r'rhhr‘issi'r'l‘r'r'h‘ff

1113 2748 1304 2809 acatholicis
1327 2749 1553 2826 persolvendas
1569 2765 1641 2810 curn
1658 2749 1794 2809 infantes
1810 2747 1857 2809 lu·
1878 2735 2092 2828 {ismaeli-amelio·

1112 2840 1260 2901 stralihus
1276 2842 1364 2918 aquis
1378 2849 1454 2903 sunt
1468 2842 1629 2913 abluendi,
1648 2847 1680 2902 et
1696 2842 1857 2903 matrimo-

1114 2935 1164 2995 nia
1178 2942 1253 2995 sunt
1267 2935 1494 3008 benedicenda,
1513 2935 1597 3012 quod
1613 2951 1685 2998 cum
1701 2935 1857 2996 Ecclesiae

1113 3027 1292 3090 Catholicae
1305 3029 1487 3106 disciphnae
1503 3037 1535 3090 et
1550 3029 1638 3106 praxi
1661 3029 1793 3090 omnino
1808 3029 1859 3089 ad-

1113 3129 1272 3194 versetur,
1295 3128 1381 3182 tuam
1405 3122 1436 3183 in
1459 3129 1603 3183 mentem
1625 3137 1813 3183 revocamus
1827 3122 1859 3182 id

1114 3229 1316 3291 nequaquam
1339 3215 1382 3276 fas
1405 3232 1484 3288 esse,
1509 3222 1540 3277 et
1563 3221 1686 3277 tantum
1715 3215 1859 3294 permitti

1114 3308 1270 3370 modicam
1290 3315 1393 3370 tanam
1416 3310 1448 3371 in
1464 3309 1631 3371 funeribus
1652 3307 1739 3370 iuxta
1756 3309 1860 3370 diver-

1113 3415 1160 3460 sas
1182 3401 1351 3463 hominum
1373 3402 1570 3464 conditiones
1597 3401 1857 3480 praefiniendarn,

1113 3509 1241 3574 semper
1275 3501 1380 3556 tamen
1413 3494 1558 3557 charitati
1594 3501 1857 3566 consentaneam,

1114 3603 1195 3666 quae
1211 3589 1358 3665 postulat,
1376 3595 1411 3650 ut
1432 3604 1510 3650 vere
1533 3603 1687 3666 pauperes
1708 3588 1777 3649 sine
1792 3587 1860 3650 ullo

1114 3681 1335 3744 emolumento
1352 3683 1528 3743 humantur
1546 3689 1578 3743 et
1593 3682 1739 3759 precibus
1755 3683 1860 3743 catho-

1114 3775 1174 3838 lico
1196 3775 1310 3836 rituale
1327 3774 1525 3852 praescriptis
1547 3775 1711 3835 iuvantur.
1736 3775 1797 3837 Hac
1813 3791 1860 3836 ra-

1114 3870 1205 3930 rione
1228 3885 1292 3930 non
1306 3869 1411 3929 solum
1427 3868 1532 3928 clerus
1548 3867 1707 3928 hrmerrus
1730 3869 1859 3930 catholi-

1114 3977 1167 4022 cus
1189 3960 1226 4021 ab
1250 3959 1337 4021 omni
1353 3959 1502 4020 avaritiae
1525 3958 1606 4030 labe,
1625 3975 1705 4036 quae
1720 3959 1859 4022 servitus

1114 4059 1161 4116 est
1182 4053 1354 4124 idolorum,
1372 4053 1434 4114 erit
1449 4052 1612 4124 immunis,
1631 4053 1859 4114 verumetiam

1114 4147 1290 4209 lraeceticos
1315 4147 1351 4208 ad
1377 4145 1563 4208 catholicam
1585 4146 1859 4224 complectendam

1114 4242 1306 4318 religionem
1329 4241 1449 4303 facilins
1471 4241 1598 4302 alliciet.

1154 4337 1172 4410 5
1195 4333 1242 4396 ld.
1266 4335 1402 4395 Demum
1416 4349 1515 4410 quum
1533 4342 1574 4405 te,
1592 4334 1784 4395 venerahilis
1800 4335 1859 4396 fra·
1893 4349 2022 4412 ,norisium
2038 4360 2091 4404 spe-

1115 4435 1174 4500 tcr‚
1206 4435 1339 4505 paterno
1368 4443 1443 4488 sane
1475 4443 1584 4488 amore
1613 4443 1856 4504 prosequamur,
1877 4401 1947 4448 ⁰¹³¹⁰·

1113 4521 1328 4582 vehementer
1350 4520 1529 4592 hortamur,
1548 4520 1629 4582 utin
1653 4521 1711 4582 ista
1727 4521 1859 4583 ecclesia

1114 4621 1187 4676 tuae
1220 4613 1293 4676 frrfei
1324 4614 1505 4676 concredita
1535 4614 1708 4676 ordinanda
1740 4615 1860 4678 fidente

1115 4709 1220 4770 animo
1243 4725 1300 4768 nos
1329 4707 1486 4778 consulas,
1517 4708 1661 4784 sciasque
1690 4725 1747 4770 nos
1769 4709 1801 4770 in
1824 4726 1859 4771 re

1115 4802 1192 4864 tanti
1208 4801 1365 4862 momenti
1381 4807 1413 4862 et
1428 4777 1666 4878 quae'nostram
1688 4809 1784 4880 urget
1799 4805 1859 4865 sol-

1114 4895 1325 4966 licitudinem,
1351 4895 1406 4956 tibi
1429 4911 1493 4956 non
1516 4895 1698 4971 defuturos3
1716 4913 1749 4957 ac
1772 4913 1860 4975 prae-

1115 4993 1201 5046 terea
1231 5002 1288 5064 pro
1317 4991 1406 5047 certo
1428 4985 1521 5057 habe,
1553 5003 1610 5048 nos
1640 4989 1860 5065 praedecesso·

1115 5093 1187 5138 rum
1200 5085 1385 5140 nostrorum
1399 5080 1545 5156 vestigiis
1558 5079 1717 5152 insistere,
1733 5083 1788 5158 qui
1801 5083 1860 5142 etsi

1114 5170 1247 5232 cuilibet
1268 5172 1305 5232 ad
1327 5171 1407 5233 hanc
1429 5170 1643 5250 Apostolicam
1661 5172 1776 5234 Sedem
1799 5175 1860 5236 adi-

1116 5271 1183 5324 tum
1196 5270 1305 5341 patere
1318 5265 1492 5332 voluerint.
1508 5265 1774 5342 gravissimasque
1788 5282 1860 5344 poe-

1115 5373 1169 5418 nas
1182 5364 1291 5418 contra
1304 5373 1358 5419 eos
1371 5359 1576 5420 decreverint
1588 5359 1618 5420 id
1634 5359 1857 5436 impedientes,

1113 5467 1241 5530 semper
1268 5459 1374 5513 tamen
1397 5452 1484 5514 omni
1515 5453 1680 5528 diligentia
1702 5453 1750 5513 usi
1772 5461 1857 5526 sunt,

1115 5561 1155 5606 ne
1177 5545 1282 5607 faciles
1305 5545 1518 5607 delationibus
1540 5546 1732 5622 praeberent
1753 5561 1858 5618 auree,

1115 5639 1213 5717 probe
1229 5645 1409 5710 noscentes,
1424 5639 1479 5700 has
1492 5639 1684 5717 plerumque
1701 5640 1860 5715 originem

1114 5732 1232 5792 ducere
1248 5748 1263 5793 a
1279 5731 1397 5792 malitia
1419 5732 1666 5794 criminosorum
1689 5731 1860 5794 hominum

1113 5824 1225 5900 legum
1252 5823 1457 5886 severitatem
1487 5823 1727 5886 fastidientium.
1758 5825 1860 5899 Quare

1115 5918 1253 5999 positum
1275 5923 1325 5980 est
1344 5917 1378 5980 in
1399 5933 1490 5980 more
1515 5917 1734 5981 Romanorum
1756 5920 1861 5982 Ponti-

1744 6067 1756 6108 5
