4770 6982
912 584 1088 634 aasentias
1110 585 1160 634 ΡΡ.
1185 585 1250 634 XVI.

345 704 459 766 Datum
475 705 604 776 Romae,
622 706 703 783 apud
721 702 751 766 S.
769 705 902 767 Petrum
924 707 984 767 sub
1003 723 1055 768 33-

305 797 383 858 3313
399 797 577 870 Ρ133313113,
595 799 646 860 die
666 815 710 860 31.
728 799 834 860 1331111
860 817 1054 872 33333333,

306 891 507 968 pontificatus
529 893 636 954 nostri·
653 909 737 956 anno
759 910 811 956 xv.

564 1083 621 1090 ...φ
632 1083 687 1089 .-..
700 1083 802 1090 --———-·-

605 1271 759 1334 cclviii.

309 1454 460 1518 Graviter
472 1458 618 1534 queritur
630 1475 702 1518 cnm
719 1457 960 1538 Arcbiepiscopo
975 1457 1058 1520 Goae

347 1549 439 1626 qnod,
456 1557 570 1613 contra
584 1552 742 1631 promissa
762 1551 967 1613 Intermcntio
980 1569 1057 1632 pon-

309 1649 311 1656 ·
347 1643 443 1722 tificio
465 1643 556 1722 facta
571 1651 600 1705 et
615 1645 919 1708 commendationem
942 1663 979 1707 ac
995 1663 1057 1706 mo-

347 1735 418 1798 nita
442 1735 530 1798 Sedis
553 1739 768 1817 Apostolicao,
792 1739 892 1818 specie
917 1739 1058 1802 adducta

348 1829 519 1891 Brcllarnm
532 1832 684 1911 propriae
699 1831 915 1893 institutionis
930 1849 1058 1894 consae-

349 1923 382 1984 ta
404 1923 547 2003 foroaldi
568 1927 837 2006 conscriptarum,
855 1926 1058 1989 3133133133-

349 2016 397 2078 dis
426 2018 537 2080 literas
571 2023 600 2080 et
626 2020 752 2082 decreta
783 2020 978 2100 despeacrit,
1009 2022 1058 2083 in-

348 2109 626 2190 risdictioncntqno
643 2114 851 2192 usurpaverit
866 2113 901 2175 in
915 2117 1059 2194 ropiones

351 2202 487 2266 Vicoriis
509 2205 697 2285 Apostolicis
726 2207 937 2276 concreditas,
966 2213 1059 2284 atque

349 2298 546 2359 occasionem
561 2299 728 2362 soltismati
746 2299 951 2380 praebuerit,·
974 2317 1058 2362 otom-

348 2407 406 2467 qae
421 2391 574 2455 bortatur
589 2399 637 2464 nt,
651 2411 770 2455 ntemor
782 2394 1015 2474 promissorum
1030 2399 1060 2454 ct

348 2485 526 2547 iuramenti
558 2487 638 2564 qnod
674 2489 945 2550 consecrationem
980 2487 1059 2548 reci-

347 2578 438 2656 piens
466 2579 587 2648 331311,
618 2580 714 2641 simal
741 2581 837 2642 etiam
866 2578 1060 2642 obedientiae

353 2669 530 2734 Catbedrae
550 2672 640 2734 Petri
662 2672 795 2744 debitae,
812 2675 981 2754 resipiscat
1001 2673 1013 2754 (
1035 2673 1057 2754 1.

311 2856 482 2924 Venerabili
512 2858 600 2925 irairi
632 2859 758 2944 iosepbo
785 2875 803 2926 3
832 2860 921 2943 Spita
944 2859 1059 2930 locres

499 2953 736 3038 brobiepiscopo
759 2954 873 3031 113313,

480 3139 704 3209 antenatus
727 3143 789 3209 ΡΡ.
814 3142 887 3209 xiii.

522 3328 714 3398 Venerabilis
737 3332 845 3410 irater,

345 3423 474 3489 salutem
496 3429 528 3489 et
550 3425 750 3509 apostolicam
774 3426 1026 3494 benedictionem.

352 3613 471 3686 Quanta
501 3614 619 3676 laetitia
648 3615 749 3678 3113311
784 3615 959 3688 fuerintne,
989 3631 1062 3678 cum

312 3708 454 3784 primum
478 3709 517 3769 de
539 3709 602 3780 131,
627 3725 700 3770 ven.
726 3709 834 3781 irater,
850 3711 887 3771 ad
904 3711 1064 3789 episcopa·

313 3801 377 3862 lem
400 3802 589 3878 dignitatern
619 3803 859 3880 designatione,
884 3805 989 3880 deque
1012 3805 1063 3866 131

313 3895 410 3956 simui
433 3911 509 3972 erga
537 3913 595 3956 nos
618 3903 650 3957 et
673 3895 704 3958 S.
730 3897 810 3958 banc
837 3897 922 3959 Petri
947 3895 1063 3959 Sedem

314 3989 515 4050 observantia
531 3990 686 4051 certiores
703 3990 773 4051 iacti
790 4007 914 4064 331333,
932 3991 1065 4053 arbitra-

314 4099 399 4154 mur,
424 4089 455 4145 te
471 4099 528 4162 per
550 4083 687 4161 teipsum
706 4085 737 4145 id
752 4085 847 4162 plene
863 4085 996 4158 sentire,
1015 4087 1065 4147 cui

315 4185 423 4239 nostra
452 4185 527 4239 nota
549 4183 597 4240 331
619 4179 658 4240 de
686 4179 967 4256 amplificandam
996 4180 1065 4241 istis

314 4271 503 4347 regionibus
533 4271 700 4348 religionis
729 4272 933 4335 incremento
956 4273 1066 4335 sedula

314 4371 528 4442 constansque
543 4365 703 4426 voluntas,
727 4365 771 4426 bc
785 4365 902 4428 iustam
917 4383 993 4428 sane
1013 4367 1065 4428 ha·

315 4457 445 4519 1311333
479 4457 700 4536 gratulationis
733 4465 861 4522 nostrae
894 4461 1062 4523 rationem.

356 4705 385 4759 (l)
402 4703 465 4748 Vide
479 4715 547 4760 quae
562 4707 690 4749 notantur
708 4705 741 4750 ad
756 4705 797 4750 lit.
814 4709 898 4751 Mollia
916 4712 1065 4760 praeclare.

356 4771 459 4815 Literas
473 4772 563 4815 eodeni
579 4771 699 4828 exetnplo
715 4773 790 4817 datas
805 4773 1068 4830 1133111333131113·

315 4847 401 4882 13133
413 4839 436 4880 S.
448 4840 524 4891 cong.
537 4837 568 4880 de
579 4839 602 4881 Ρ.
615 4841 642 4881 F.
654 4837 703 4882 snb
712 4839 755 4883 dia
764 4851 820 4886 xxa.
832 4841 895 4885 maii
907 4853 1064 4886 stocccxmv.

314 4917 363 4962 pro
378 4905 493 4950 historia
510 4916 541 4948 ex
557 4905 690 4950 tabulario
705 4908 922 4963 congregationis
941 4910 1067 4954 transcri-

316 4973 412 5016 bimus.

356 5039 500 5090 «Quamvis
516 5040 666 5096 pontificiae
681 5041 782 5092 Brullae,
797 5041 894 5098 quibus
905 5043 931 5087 in
942 5043 1065 5088 consisto

317 5107 357 5151 rio
371 5105 423 5151 diei
437 5117 492 5151 xlx.
510 5107 577 5152 iunii
599 5109 682 5164 elapsi
705 5109 767 5154 3331
786 5113 828 5153 SS.
844 5109 913 5155 Drins
935 5112 1065 5156 deiectum

317 5173 548 5232 Arctiiepisoopum
560 5179 678 5220 (1333313
689 5177 895 5232 33311131313111,
905 5179 994 5223 eodem
1006 5183 1068 5222 Can-

317 5242 443 5288 celiariae
465 5241 544 5297 stylo,
559 5253 611 5298 quo
625 5243 776 5298 antiquitus
796 5245 912 5299 expiabili
929 5256 985 5290 mos
1000 5250 1066 5299 erat,

317 5315 442 5356 exaratae
456 5309 564 5363 inerint,
580 5311 645 5355 satis
660 5314 749 5356 tamen
766 5312 899 5356 sanctitas
910 5315 961 5357 Sua
972 5324 1068 5358 memo-

317 5381 377 5424 rato
391 5375 592 5433 archiepiscopo
614 5389 660 5433 per
680 5381 761 5422 Breve
783 5378 926 5434 epistolare
942 5380 995 5424 diei
1011 5391 1066 5424 vin.

318 5445 379 5488 iulii
401 5449 515 5489 31331333
537 5455 612 5488 snam
627 5445 742 5501 aperuit,
757 5457 787 5490 ac
803 5446 942 5490 verborum
959 5457 1066 5490 sensnm

318 5518 409 5569 aperte
423 5512 569 5557 declaravit
582 5517 639 5556 tum
651 5513 736 5568 quoad
747 5513 820 5556 Sedis
832 5512 1067 5569 archiepiscopalis

318 5581 500 5638 suffraganeos
515 5581 661 5638 praesules,
676 5581 721 5636 qni
737 5591 805 5624 3333
821 5591 872 5624 333
887 5579 1005 5625 suntalii
1016 5581 1067 5625 nisi

318 5647 516 5694 ltacbaouensis
532 5648 657 5699 antistes,
670 5650 726 5691 tum
738 5647 823 5703 quoad
834 5646 900 5702 regii
911 5651 1067 5702 patronatus

319 5715 465 5771 privilegia,
480 5716 576 5772 quibus
591 5725 650 5759 cnm
667 5714 693 5758 in
709 5714 851 5771 praedictis
867 5715 949 5758 [tuliis
964 5715 1067 5770 3331111-

318 5781 365 5826 3113
385 5783 485 5828 dicitnr
499 5794 550 5828 non
569 5783 649 5827 131333
665 5782 692 5825 13
706 5781 797 5837 aliquo
815 5781 980 5836 derogatum,
996 5782 1067 5826 idda

318 5849 393 5906 regia
408 5849 440 5895 ad
455 5851 539 5906 ipsam
556 5853 670 5895 Goanam
686 5849 777 5894 sedem
789 5849 970 5894 nominatione
980 5853 1022 5894 est
1032 5849 1069 5894 in·

319 5917 499 5973 teiltgendnm.
523 5918 611 5968 Quoad
633 5917 755 5972 regiones
770 5928 831 5962 vero
850 5927 941 5962 omnes
956 5917 1068 5962 vicariis

320 5985 475 6042 apostolicis
488 5985 612 6041 creditae,
624 5985 702 6030 firma
716 5995 746 6030 ac
761 5987 821 6030 rata
830 5995 887 6029 esse
898 5984 990 6040 voluit,
1001 5995 1068 6041 quae

425 6107 478 6155 lar.
494 6109 566 6156 Pont.
581 6106 613 6154 de
629 6108 702 6168 Prop.
718 6107 780 6156 ttae
794 6107 877 6156 Partis
890 6108 908 6154 l.
924 6104 978 6152 voi.
995 6108 1021 6152 v.

1110 705 1189 780 Ouid
1213 705 1299 770 33113
1315 707 1352 768 ad
1367 705 1547 768 Catholicae
1563 702 1722 766 Ecclesiae
1737 701 1859 764 bonnm

1111 801 1373 876 consequendum
1409 815 1474 861 non
1510 797 1733 860 (tenuissemus
1766 811 1860 874 expe-

1111 901 1196 956 clare
1211 912 1227 955 a
1243 895 1296 956 tali
1311 895 1393 964 viro,
1408 907 1505 971 quent
1528 892 1717 971 apostolicae
1733 896 1860 952 nostrae

1111 989 1322 1051 solicitudinis
1337 988 1494 1050 iuvandae
1506 987 1777 1048 studiosissimum
1790 1000 1860 1046 esse

1111 1082 1330 1154 audiebamus,
1345 1083 1467 1160 quique
1485 1082 1517 1143 in
1534 1081 1743 1159 suscipiendis
1766 1085 1861 1156 atque

1113 1177 1269 1239 obeundis
1293 1176 1479 1255 episcopalis
1503 1175 1596 1237 3111311
1618 1173 1808 1236 muneribus
1829 1173 1860 1234 id

1111 1287 1145 1332 33
1167 1278 1324 1349 33133133
1347 1279 1514 1347 gesturum
1542 1285 1611 1331 esse
1637 1268 1858 1346 pollicebatur,

1111 1366 1196 1443 quod
1209 1364 1388 1426 sententiae
1399 1364 1549 1442 votisque
1562 1363 1679 1425 nostris
1692 1367 1861 1424 33331333-

1112 1460 1325 1520 scnianeumi

1152 1551 1264 1630 Neque
1286 1551 1412 1613 levibns
1435 1552 1566 1628 quidem
1588 1551 1788 1627 argumentis
1810 1551 1861 1611 ad-

1113 1647 1209 1718 ducti,
1232 1661 1310 1707 vera
1332 1661 1402 1707 3333
1426 1645 1642 1708 iudicabamus
1666 1660 1747 1721 quae
1769 1645 1808 1706 de
1830 1651 1861 1704 te

1113 1745 1145 1802 et.
1166 1742 1205 1802 de
1235 1741 1287 1802 131
1317 1757 1391 1817 erga
1422 1755 1480 1801 nos
1508 1748 1604 1816 atque
1633 1737 1862 1817 Apostolorum

1113 1833 1263 1912 principis
1278 1835 1462 1896 cathedram
1478 1834 1650 1896 devotione
1663 1832 1860 1894 terebantur.

1112 1928 1252 2000 Etenim,
1269 1935 1396 2006 praeter
1412 1934 1481 1988 tuas
1497 1927 1547 1988 die
1563 1943 1634 1988 xttr.
1658 1925 1764 1987 martii
1779 1941 1862 1986 anno

1113 2021 1455 2082 nncncxn111.adnos
1482 2019 1613 2097 33113133
1642 2019 1762 2090 literas,
1794 2033 1863 2094 gra-

1112 2113 1280 2175 vissimum
1314 2113 1509 2176 bibebamus
1543 2113 1641 2174 totins
1670 2112 1718 2174 131
1748 2117 1863 2174 testem

1113 2207 1266 2268 dilectum
1290 2207 1392 2268 bitum
1417 2207 1616 2285 praeclarum
1638 2205 1746 2267 virum
1768 2205 1864 2267 Fran-

1114 2301 1233 2362 ciscnm
1255 2299 1488 2376 Gapaccininm,
1513 2307 1662 2362 nostrum
1684 2299 1766 2377 apud
1789 2299 1864 2361 iide-

1113 2394 1268 2456 lissimam
1298 2394 1477 2456 Lusitaniae
1507 2393 1662 2471 Reginam
1694 2393 1865 2454 internun-

1113 2487 1195 2550 tium
1218 2505 1252 2550 ac
1273 2487 1475 2566 Delegatum.
1499 2487 1527 2549 13
1550 2488 1636 2549 33113
1660 2503 1733 2549 ontn
1746 2486 1866 2569 1113331-

1114 2597 1198 2659 pone
1220 2589 1306 2644 essct
1327 2599 1361 2644 33
1383 2583 1422 2644 de
1445 2589 1476 2644 te
1501 2582 1539 2643 ad
1561 2582 1705 2643 Gonnum
1734 2578 1865 2641 1131113-

1114 2677 1313 2754 31333331313
1342 2676 1564 2754 promovendo
1593 2680 1863 2754 pertractaretur,

1115 2777 1184 2831 tunt
1207 2769 1299 2848 plura
1321 2769 1379 2832 3113
1402 2770 1441 2832 de
1463 2771 1623 2831 11113133
1653 2767 1863 2838 ornamentis,

1115 2864 1231 2941 quibus
1255 2872 1286 2926 te
1309 2871 1470 2943 praestare
1492 2863 1685 2936 affirmabat,
1709 2867 1780 2923 tum
1802 2877 1866 2922 ma-

1116 2958 1202 3019 xime
1223 2959 1366 3020 studinm
1393 2957 1632 3030 commendavit
1657 2957 1866 3032 delirumque

1116 3053 1223 3114 animo
1245 3059 1300 3114 tuo
1322 3051 1541 3130 propositum,
1567 3049 1648 3112 nihil
1672 3063 1816 3126 unquam
1838 3067 1867 3109 a·

1118 3147 1214 3224 gandi
1236 3147 1322 3224 qnod
1345 3163 1360 3207 a
1382 3145 1539 3223 singulari
1567 3144 1620 3207 illa
1644 3161 1720 3222 erga
1749 3143 1866 3206 Sedcm

1117 3241 1332 3319 apostolicam
1361 3240 1571 3302 veneratione
1598 3245 1684 3301 33331
1712 3239 1865 3300 alienum.

1116 3335 1149 3396 id
1171 3341 1285 3409 antem¹
1301 3323 1505 3396 internuntio
1527 3340 1638 3395 nostro
1661 3339 1726 3394 tam
1746 3332 1868 3410 perspi·

1118 3430 1174 3490 cni
1197 3428 1295 3490 animi
1319 3428 1365 3489 tui
1381 3427 1614 3504 significatione
1636 3425 1810 3502 eiiusisque
1826 3426 1868 3487 la-

1117 3523 1236 3602 crymis
1259 3539 1298 3583 eo
1321 3527 1467 3599 tempore
1491 3527 1622 3582 testatus
1644 3536 1689 3592 es,
1707 3526 1744 3580 31
1764 3519 1801 3592 13,
1819 3535 1868 3580 13-

1117 3616 1238 3693 ligione
1260 3615 1313 3676 131
1335 3621 1527 3686 3313133133,
1547 3614 1659 3675 ilatum
1682 3619 1714 3674 et
1734 3613 1802 3691 1333
1818 3629 1867 3675 33-

1118 3709 1230 3771 11111313
1263 3724 1328 3770 non
1357 3707 1509 3786 potuerit.
1539 3706 1742 3785 Quantopere
1777 3706 1868 3768 nobis

1118 3804 1176 3864 ista
1199 3801 1392 3881 placuerint,
1417 3808 1448 3862 te
1471 3800 1560 3863 133113
1589 3800 1790 3864 intellexisse
1812 3815 1868 3878 33-

1120 3905 1234 3969 131333,
1264 3911 1339 3958 133.
1365 3895 1479 3967 irater,
1509 3911 1582 3956 cnm
1604 3895 1714 3956 1113133
1743 3900 1868 3955 3331133

1118 3990 1305 4069 apostolicas
1328 3989 1379 4050 die
1395 3987 1867 4050 3131331133333333311331.
1948 4009 1953 4022 ·

1119 4086 1179 4146 sub
1201 4083 1334 4164 plumbo
1363 4083 1448 4144 datas
1471 4097 1537 4144 333
1559 4081 1663 4144 multo
1692 4087 1763 4160 3331
1785 4099 1870 4145 3333-

1119 4178 1204 4257 pisti,
1235 4177 1352 4255 quibus
1381 4176 1620 4248 continebatur,
1650 4175 1790 4238 libenter
1812 4192 1869 4237 nos

1119 4272 1325 4334 fidelissimae
1344 4271 1476 4348 reginae
1500 4285 1645 4332 33333333
1662 4287 1732 4332 3333
1748 4270 1871 4332 311133-

1120 4383 1178 4428 nae
1201 4366 1353 4428 eeclesiae
1380 4363 1664 4442 archiepiscopum
1689 4369 1719 4426 te
1741 4381 1756 4425 a
1779 4363 1870 4426 nobis

1120 4459 1219 4521 131333
1241 4459 1436 4521 institutum.

1267 4617 1357 4624 -——-..

1120 4719 1165 4763 per
1180 4710 1262 4752 Breve
1276 4705 1328 4752 diei
1344 4717 1417 4750 xxiv.
1433 4703 1527 4762 aprilis
1542 4705 1604 4750 anni
1618 4713 1819 4750 nncccxxxvnt.
1836 4705 1873 4750 in·

1119 4774 1168 4831 cip.
1185 4776 1270 4817 illontia
1289 4777 1438 4826 praeclare,
1456 4772 1563 4828 aliaque
1582 4771 1641 4816 dein
1664 4772 1736 4816 edita
1755 4775 1872 4831 Decreta,

1119 4841 1266 4898 provisoria
1283 4841 1344 4884 licet
1360 4839 1636 4892 13113333333111311,
1652 4839 1748 4896 quibus
1765 4839 1873 4896 deroga·

1119 4913 1176 4952 tum
1193 4909 1266 4952 titillo
1282 4909 1358 4952 modo
1373 4919 1420 4965 per
1434 4908 1582 4952 antedictas
1597 4909 1686 4953 Baiias
1697 4908 1778 4954 inisse
1789 4913 1871 4965 patet.

1120 4979 1183 5020 Cum
1200 4974 1373 5020 nibilominus
1389 4976 1438 5020 hac
1453 4974 1590 5020 occasione
1607 4987 1658 5020 non
1673 4976 1816 5033 defuerint,
1833 4977 1873 5023 311

1120 5045 1235 5088 relatum
1257 5045 1306 5096 est,
1328 5043 1529 5098 perturbatores
1552 5041 1660 5098 quidam
1683 5043 1802 5089 homines
1825 5045 1872 5101 qui

1120 5114 1213 5156 contra
1227 5110 1376 5164 legitimam
1397 5111 1551 5154 eorumdem
1568 5110 1728 5156 vicariorum
1748 5109 1871 5167 apostoli·

1121 5190 1212 5223 331313
1227 5177 1416 5222 3331311131331
1432 5179 1521 5222 331133
1542 5189 1622 5234 qnam
1637 5183 1717 5224 autea
1732 5179 1873 5234 insurgere

1121 5246 1180 5290 ausi
1196 5245 1305 5298 1331131,
1321 5247 1400 5290 Sacra
1420 5245 1603 5301 congregatio,
1618 5257 1650 5290 ne
1665 5247 1737 5290 ullus
1756 5245 1872 5302 cuipiam

1121 5313 1237 5369 supersit
1253 5311 1403 5367 ambigendi
1425 5311 1506 5366 locus,
1526 5313 1558 5357 ad
1580 5313 1700 5370 singulos
1716 5313 1786 5370 ipsos
1802 5313 1872 5358 anti-

1122 5379 1198 5424 stites
1219 5376 1405 5423 33111331133111
1428 5379 1530 5434 Β13113,
1553 5383 1582 5423 31
1605 5392 1699 5436 supra,
1721 5379 1873 5437 epistolaris

1121 5447 1270 5502 exemplar,
1293 5445 1372 5490 SSmo
1394 5445 1447 5490 Diuo
1470 5447 1610 5503 probante,
1633 5448 1873 5494 transmittendum

1122 5526 1179 5558 esse
1189 5513 1300 5567 censerit,
1311 5513 1379 5569 quod
1395 5513 1872 5570 1133333333111131133111311133131

1123 5580 1183 5623 tuae
1198 5577 1346 5622 adiioimus.
1358 5581 1517 5622 Persuasum
1533 5581 1623 5622 antem
1634 5579 1771 5634 habentes,
1782 5579 1808 5624 id
1818 5580 1873 5636 qni-

1122 5647 1180 5691 3313
1201 5651 1258 5690 turn
1278 5645 1312 5690 ad
1330 5645 1474 5701 pleniorem
1494 5645 1578 5690 animi
1599 5645 1637 5690 131
1657 5646 1872 5692 131313131133313

1122 5718 1148 5759 31
1164 5711 1377 5764 instructionem,
1394 5716 1449 5756 tum
1466 5712 1595 5757 etiamad
1611 5713 1701 5758 iideles
1716 5725 1795 5758 curae
1812 5717 1873 5760 tuae

1122 5781 1276 5826 commissos
1291 5779 1317 5824 in
1332 5779 1415 5824 obicio
1430 5779 1602 5824 coritinendos
1624 5779 1820 5838 armandosque
1835 5793 1874 5828 sa-

1122 5849 1157 5893 tis
1168 5848 1298 5902 13131313,
1312 5849 1337 5891 ll.
1350 5849 1375 5892 0.
1388 5849 1418 5890 bi.
1430 5847 1613 5902 adprecamur,
1625 5849 1654 5892 ut
1664 5847 1874 5904 amplitudinem

1123 5921 1197 5964 tuam
1213 5917 1365 5963 diutissime
1380 5921 1468 5962 servet
1483 5927 1513 5962 ac
1528 5915 1639 5972 sospitet
1654 5919 1703 5960 etc.
1714 5931 1732 5960 3.

1741 6107 1768 6152 15

1782 559 1840 630 333
1891 565 1944 618 An.
1959 567 1989 616 c,
2012 556 2080 618 iaia
