4770 6982
91 567 146 615 Au.
162 569 192 616 sl.
216 568 285 617 1845

922 581 1098 628 baudonius
1120 583 1170 628 ΡΡ.
1195 582 1260 627 XVI.

316 706 349 763 et
370 699 501 762 domino
531 707 641 762 nostro
668 701 798 763 domino
827 700 982 776 Gregorio
1012 701 1065 762 Pa-

316 811 373 872 pae
395 793 476 856 xvi.
495 795 629 872 eiusque
654 795 893 856 successoribus
915 793 1065 855 canonice

315 888 519 951 intrantibus.
537 887 607 950 Non
623 904 680 950 ero
696 889 729 949 in
744 888 888 954 consilio,
907 904 1065 950 consensu

315 983 367 1044 vel
384 982 465 1044 iacto
479 989 515 1043 ut
529 983 627 1044 vitam
647 983 781 1062 perdant
797 990 851 1044 aut
866 982 1062 1053 membrum,

315 1093 372 1137 seu
405 1076 568 1154 capiantur
601 1076 682 1136 mala
708 1075 863 1152 captione.
888 1075 1065 1137 Consilium

316 1185 396 1231 vero
418 1170 503 1246 quod
519 1169 598 1230 nini
615 1169 768 1232 credituri
792 1175 868 1231 sunt
890 1185 947 1248 per
963 1185 997 1228 se
1013 1173 1067 1229 aut

316 1265 451 1326 nuncios
473 1281 529 1324 seu
553 1264 685 1336 litteras,
714 1263 751 1324 ad
775 1279 888 1325 eorum
913 1263 1063 1325 damnum

316 1373 369 1420 me
389 1359 511 1421 sciente
533 1359 655 1420 nemini
679 1359 823 1435 pandam.
846 1358 995 1435 Papatum
1007 1356 1067 1418 llo-

317 1469 448 1514 manum
471 1459 503 1516 et
518 1453 637 1530 regalia
653 1451 757 1515 Sancti
780 1452 865 1513 Petri
880 1452 1006 1513 adiutor
1021 1451 1066 1512 eis

317 1564 373 1610 ero
395 1548 432 1610 ad
454 1548 662 1608 retinentium
679 1554 710 1608 et
732 1547 970 1608 defendendum
994 1563 1067 1608 con·

317 1647 364 1702 tra
386 1657 516 1704 ornnem
539 1641 717 1703 bominem.
736 1640 893 1716 Legatum
910 1640 1067 1718 Apostoli-

316 1753 370 1797 cae
387 1734 477 1798 Sedis
492 1737 525 1797 in
541 1737 648 1798 eundo
665 1741 698 1797 et
711 1733 878 1796 redeundo
890 1732 1067 1798 honorifice

318 1829 457 1891 tractabo
470 1835 501 1890 et
515 1829 548 1890 in
561 1829 627 1890 suis
640 1828 883 1890 necessitatibus
898 1827 1065 1890 adiuvabo.

317 1921 453 1984 Vocatus
469 1923 504 1984 ad
522 1923 693 2000 synodum,
709 1922 846 1992 veniam,
861 1921 922 1982 nisi
938 1935 1068 2000 praepe-

318 2017 401 2078 ditus
423 2017 516 2078 luero
538 2017 686 2078 canonica
708 2015 961 2094 praepeditione.
986 2014 1068 2093 Apo-

317 2109 476 2172 stolorum
492 2111 602 2172 limina
617 2109 754 2186 singulis
777 2103 1006 2186 quinonoooiis
1023 2108 1068 2168 vi-

317 2203 419 2266 sitabo
441 2221 498 2282 per
527 2221 579 2265 me
602 2210 655 2265 aut
680 2219 738 2280 per
766 2219 875 2266 meum
899 2204 1065 2274 nuncium,

317 2298 378 2360 nisi
393 2297 563 2376 apostolica
579 2297 725 2358 absolvar
740 2297 878 2358 licentia.
893 2297 1068 2358 Possessio-

318 2407 375 2452 nes
403 2407 483 2452 vero
505 2393 542 2453 ad
574 2407 717 2453 mensam
744 2392 807 2452 mei
839 2391 1068 2470 patriarchatus

317 2485 518 2561 pertinentes
547 2501 612 2546 non
640 2485 778 2546 vendam
809 2498 915 2560 neque
944 2483 1068 2545 donabo

318 2593 424 2655 neque
444 2579 671 2656 impignorabo
688 2594 794 2656 neque
810 2578 849 2638 de
866 2592 950 2638 novo
965 2575 1068 2637 inleu-

318 2671 398 2733 dabo
420 2671 473 2734 vel
490 2672 596 2748 aliquo
613 2673 708 2734 modo
723 2671 868 2734 alienabo
886 2669 1068 2731 inconsulto

317 2765 460 2826 Romano
482 2765 645 2827 Pontifice.
670 2765 713 2828 Ac
736 2765 999 2827 constitutionem
1017 2779 1068 2824 su-

317 2876 376 2938 per
391 2860 609 2939 prohibitione
624 2860 891 2922 investiturarum
907 2859 1068 2920 bonorum

318 2953 619 3015 iurisdictionaiium
642 2954 681 3015 de
707 2970 789 3015 anno
811 2952 939 3014 llomini
966 2952 1069 3013 mille-

318 3047 400 3109 simo
421 3047 657 3109 sexcentesimo
687 3047 846 3124 vigesimo
869 3046 981 3123 quinto
1004 3045 1069 3106 edi-

291 3161 296 3169 ·
319 3146 381 3202 tam
399 3140 546 3202 servabo.
567 3138 617 3202 Sic
633 3157 685 3201 me
701 3141 785 3201 Deus
802 3139 931 3202 adiuvet
947 3139 1070 3200 ethaeo

319 3242 424 3297 sancta
447 3235 503 3297 Dei
526 3234 739 3310 Evangelia».

360 3329 474 3390 Datum
496 3327 615 3390 Romae
631 3329 714 3406 apud
731 3327 762 3389 S.
778 3328 909 3390 Petrum
923 3343 1006 3389 anno
1022 3327 1070 3388 ln-

320 3423 510 3486 carnationis
523 3423 701 3485 dominicae
714 3422 888 3484 millesimo
905 3423 1070 3498 octingen-

320 3517 434 3579 tesimo
454 3517 700 3594 quadragesimo
722 3517 847 3593 quinto,
871 3515 1070 3592 quartodeci-

320 3627 373 3673 mo
400 3610 551 3672 kalendas
568 3609 732 3682 lebruarii,
751 3611 952 3687 pontificatus
968 3608 1069 3669 nostri

319 3721 403 3766 anno
426 3704 551 3766 decimo
573 3704 696 3780 quinto.

579 3865 779 3872 -----,.-.
784 3865 815 3871 --

642 3985 756 4050 CCLV.

323 4177 570 4257 Arclripelopuao
598 4174 636 4239 ob
660 4175 778 4237 Amicis
806 4173 964 4254 disiaaopit
986 4191 1006 4237 o
1027 4175 1072 4236 oi-

361 4272 492 4334 cort‘otu
514 4269 685 4351 apostolico
719 4268 875 4331 Occouiuc
900 4267 1070 4338 Getttralt's,

362 4371 391 4426 et
418 4365 503 4434 acuit,
533 4364 630 4425 donec
659 4363 754 4425 aliter
781 4367 961 4432 statuatur,
988 4362 1072 4426 vico-

361 4459 466 4522 rt'otot'
492 4456 648 4520 Oceuoioc
673 4455 896 4518 Occidentalis.

496 4625 713 4696 eutaouttts
737 4627 797 4694 ΡΡ.
822 4627 894 4694 lllll.

441 4751 478 4818 ad
506 4755 678 4834 perpetuam
702 4751 744 4816 rei
768 4751 948 4816 memoriam.

362 4928 397 4990 ln
409 4929 559 5008 supremi
571 4928 799 5006 Apostolorum
816 4927 968 5006 principis
982 4927 1069 4999 sede,

322 5023 387 5084 Deo
409 5023 454 5084 sic
473 5023 615 5094 volente,
640 5021 795 5094 collocati,
813 5027 908 5098 atque
927 5021 1071 5082 universi

322 5117 474 5179 dominici
497 5116 605 5193 gregis
632 5132 740 5177 curam
765 5122 930 5192 gerentes,
956 5131 996 5176 ex
1019 5115 1071 5176 de-

321 5210 388 5272 bito
416 5209 582 5288 pastoralis
613 5209 706 5271 ollicii
732 5209 764 5270 id
786 5215 947 5287 praestare
977 5208 1072 5270 debe-

322 5321 406 5376 mus,
419 5311 466 5376 ut,
484 5319 548 5381 quo
564 5303 776 5381 opportunius
793 5302 957 5364 christiani
972 5301 1071 5379 ipsius

323 5398 432 5476 gregis
460 5397 617 5476 regimini·
639 5403 734 5474 atque
762 5396 975 5459 incolumitati
999 5412 1072 5457 con·

323 5492 442 5554 sultum
474 5492 531 5565 sit,
562 5491 732 5554 vicariatus
764 5491 953 5569 apostolicos
976 5491 1071 5553 modo

323 5592 532 5658 coarctemus,
557 5585 664 5658 modo,
682 5592 778 5664 prout
800 5601 911 5646 rerum
934 5603 967 5647 ae
989 5585 1072 5646 loco-

322 5695 396 5740 rum
419 5679 499 5740 ratio
523 5679 672 5757 postulat,
696 5679 910 5756 proferamus.

362 5772 431 5846 §A
455 5771 519 5834 lam
541 5787 621 5834 vero
647 5773 876 5850 exponendum
906 5772 997 5834 nobis
1020 5787 1072 5832 cu-

323 5865 406 5926 ravit
426 5879 501 5926 ven.
527 5865 624 5927 irater
651 5865 837 5928 Franciscus
866 5865 1069 5943 Pompullier,

323 5957 497 6038 Episcopus
513 5959 691 6032 Maroneae,
710 5956 853 6020 Vicariu's
869 5958 1071 6038 Apostolicus

1120 697 1273 762 Oceaniae
1285 695 1504 772 Occidentalis,
1516 700 1644 762 attentis
1657 699 1871 778 peculiaribus

1122 799 1319 854 memoratae
1346 793 1507 856 missionis
1529 810 1564 854 ac
1593 793 1781 870 praesertim
1810 793 1871 855 No-

1122 900 1179 946 vae
1202 885 1367 948 Zelaodiae
1397 887 1654 954 circumstantiis,
1684 887 1729 956 iis,
1755 886 1871 964 quibus

1122 995 1207 1040 nunc
1230 979 1339 1040 missio
1361 981 1472 1042 eadem
1497 980 1626 1042 definita
1641 987 1700 1052 est,
1715 981 1871 1044 limitibus

1123 1073 1242 1134 nedum
1265 1089 1458 1150 congruum,
1476 1075 1532 1136 sed
1551 1089 1630 1136 vero
1653 1077 1747 1138 etiam
1764 1093 1872 1139 neees-

1123 1166 1242 1228 sariam
1259 1183 1330 1228 esse
1346 1174 1391 1240 ut,
1407 1169 1583 1246 provisorit
1605 1169 1718 1232 saltem
1734 1171 1869 1244 ratione,

1123 1261 1265 1332 insulae,
1298 1277 1377 1338 quae
1408 1263 1658 1340 Archipelagum
1687 1265 1724 1325 ab
1753 1263 1871 1326 Amicis

1124 1362 1344 1433 nuncupatum
1374 1357 1584 1428 constituunt,
1616 1372 1762 1434 quaeque
1792 1359 1872 1420 vica-

1124 1447 1218 1510 riatui
1240 1449 1373 1512 centrali
1400 1451 1593 1512 adiudicatae
1622 1452 1766 1525 luerunt,
1794 1454 1884 1530 occi<

1125 1543 1253 1613 dentali,
1270 1552 1426 1622 utsupra,
1444 1545 1589 1606 missioni
1605 1547 1872 1610 administrandae

1124 1636 1344 1699 subiiciantur.

1163 1731 1232 1804 52.
1257 1731 1320 1793 Nos
1343 1733 1442 1810 igitur
1465 1735 1504 1794 de
1526 1735 1659 1796 consilio
1688 1751 1786 1798 veno.
1814 1737 1874 1798 lra-

1125 1828 1210 1884 trum
1228 1832 1416 1886 nostrorum
1434 1825 1464 1888 S.
1486 1827 1521 1888 lt.
1543 1827 1574 1887 Ε.
1590 1827 1806 1890 cardinalium
1820 1848 1874 1893 ne-

1125 1917 1223 1992 gociis
1245 1917 1468 1995 Propagandac
1494 1921 1580 1982 Fidei
1604 1925 1872 2002 praepositorum,

1125 2012 1256 2088 praelati
1269 2012 1416 2092 Episcopi
1439 2015 1605 2078 llaroneae
1627 2019 1711 2079 votis
1733 2021 1874 2082 atlnuen-

1125 2111 1183 2176 tea,
1208 2115 1297 2168 motu
1321 2109 1462 2186 proprio,
1487 2111 1572 2171 certo
1598 2112 1728 2173 sciential
1755 2131 1788 2174 ac
1811 2131 1875 2174 ma-

1126 2200 1196 2259 tura
1218 2200 1449 2264 deliberatione
1479 2205 1597 2274 nostre,
1622 2205 1726 2282 deque
1752 2199 1875 2284 aposto·

1126 2292 1203 2354 licae
1219 2301 1346 2356 nostrae
1360 2297 1522 2372 potestatis
1539 2297 1749 2374 plenitudine,
1766 2301 1875 2362 Archi-

1126 2389 1275 2464 pelagum
1292 2389 1328 2450 ab
1345 2389 1463 2450 Amicis
1486 2399 1704 2469 nuncupatum
1726 2392 1875 2456 Occiden-

1125 2482 1179 2542 tali
1201 2481 1353 2544 Oceaniae
1375 2483 1519 2545 missioni
1543 2501 1600 2564 pro
1619 2502 1704 2547 nunc
1726 2504 1759 2549 ac
1775 2487 1875 2550 donec

1126 2576 1218 2638 aliter
1240 2583 1407 2648 statuatur,
1424 2577 1543 2638 iterum
1561 2579 1806 2655 gubernandum
1824 2579 1893 2644 1111-’

1125 2671 1309 2746 iungimus,
1335 2671 1425 2732 firmi
1448 2677 1554 2733 tamen
1584 2683 1773 2737 remanente
1795 2676 1875 2739 Cen-

1126 2764 1214 2825 tralis
1227 2762 1378 2826 Oceaniae
1393 2766 1563 2827 vicariatus
1579 2769 1876 2848 circumscriptione

1127 2873 1184 2934 per
1204 2859 1326 2920 similes
1339 2867 1464 2920 nostras
1480 2861 1666 2938 apostolicas
1682 2863 1790 2925 literas
1803 2881 1876 2927 con-

1126 2951 1236 3012 stitutai
1258 2953 1309 3013 die
1331 2969 1424 3014 xxrn.
1442 2957 1569 3030 angusti
1592 2957 1666 3016 anni
1688 2973 1873 3020 uncccxcn.

1166 3047 1184 3120 ξ
1206 3045 1235 3105 3.
1259 3045 1476 3108 Decernentes
1493 3047 1548 3108 lias
1564 3047 1673 3110 literas
1689 3049 1807 3123 sirmas,
1825 3066 1877 3112 va-

1127 3138 1205 3199 lidas
1222 3144 1254 3199 et
1269 3139 1411 3202 efficaces
1428 3142 1567 3203 existere
1587 3149 1619 3204 et
1634 3142 1714 3214 iore,
1737 3161 1877 3222 suosque.

1127 3232 1289 3310 plenarios
1316 3239 1348 3296 et
1377 3235 1523 3312 integros
1550 3235 1682 3298 euectus
1708 3237 1817 3299 sortiri
1846 3247 1879 3300 et

1128 3325 1287 3400 obtinere,
1304 3327 1408 3404 iisque
1430 3329 1466 3390 ad
1490 3343 1570 3405 quos
1593 3337 1714 3407 spectat
1734 3337 1829 3408 atque
1844 3333 1877 3394 in

1128 3425 1293 3496 posterum
1309 3421 1474 3499 spectabit,
1493 3421 1678 3498 plenissime
1694 3425 1874 3502 suffragari,

1128 3519 1160 3573 et
1188 3514 1225 3575 ab
1255 3515 1404 3576 omnibus
1434 3516 1664 3578 inviolabiliter
1693 3519 1875 3594 observari3

1127 3607 1237 3684 sicque
1259 3609 1292 3670 in
1314 3609 1497 3687 praemissis
1519 3625 1576 3687 per
1592 3625 1814 3688 quoscumque
1830 3613 1877 3674 iu-

1128 3701 1213 3762 dices
1236 3703 1413 3764 ordinarios
1437 3709 1468 3764 et
1490 3703 1663 3779 delegatos,
1688 3705 1784 3766 etiam
1806 3723 1877 3768 cau-

1128 3809 1236 3856 sarum
1259 3795 1364 3872 palatii
1387 3797 1551 3873 apostolici
1574 3799 1735 3860 auditores
1752 3816 1785 3860 ac
1802 3797 1877 3861 San-

1129 3894 1195 3950 ctae
1217 3889 1376 3950 Romanae
1399 3890 1558 3952 Ecclesiae
1585 3891 1778 3964 cardinales,
1797 3893 1877 3955 iudi-

1129 3981 1191 4042 cari
1215 3982 1351 4054 debere,
1379 3983 1575 4060 irritumque
1605 3991 1636 4045 et
1664 3985 1758 4046 inane
1788 3987 1878 4063 quid·

1129 4077 1204 4151 quid
1228 4093 1320 4137 secus
1339 4093 1438 4154 super
1461 4075 1510 4137 lais
1525 4094 1547 4137 -a
1577 4091 1740 4155 quoquam
1766 4080 1877 4155 quavis

1129 4170 1316 4230 auctoritate
1344 4169 1484 4232 scienter
1510 4170 1562 4231 vel
1588 4171 1778 4248 ignoranter
1803 4189 1876 4233 con-

1129 4262 1238 4339 tigerit
1259 4263 1406 4324 attentari
1430 4270 1489 4324 etc.

1168 4356 1283 4419 Datum
1306 4357 1424 4420 Romae
1446 4359 1529 4436 apud
1553 4357 1583 4420 S.
1601 4359 1733 4421 Petrum
1750 4361 1809 4422 sub
1825 4378 1878 4422 an-

1129 4451 1207 4512 nulo
1229 4451 1395 4513 Piscatoris
1421 4452 1472 4514 die
1495 4469 1550 4512 vn.
1575 4452 1657 4514 lebr.
1682 4470 1876 4528 nncccxrv„

1129 4545 1330 4623 pontificatus
1352 4545 1454 4607 nostri
1475 4563 1558 4607 anno
1582 4563 1633 4607 xv.

1438 4827 1566 4892 CCLVI.

1129 5015 1167 5078 la
1194 5016 1366 5080 indoctooo
1396 5035 1514 5079 oocracm
1543 5017 1711 5080 constituit
1740 5019 1879 5082 uicariu-

1169 5117 1237 5172 turo
1254 5113 1472 5192 apostolicum,
1487 5111 1596 5176 Patod
1611 5115 1877 5194 uttncupoudum,

1169 5205 1262 5266 cuius
1283 5205 1360 5285 fiacus
1382 5200 1544 5274 describit,
1568 5211 1597 5266 ci
1619 5206 1712 5267 cotos
1736 5207 1880 5286 reploaea

1170 5316 1190 5361 o
1212 5299 1375 5361 calcariola
1397 5297 1503 5379 apae
1523 5300 1674 5380 seiungit.

1303 5469 1522 5538 autaotttus
1547 5472 1606 5539 ΡΡ.
1630 5471 1701 5538 xvi.

1270 5592 1306 5658 ad
1332 5592 1464 5659 tuturan
1492 5593 1535 5659 rei
1559 5595 1738 5660 memoriam.

1169 5768 1337 5832 Pastoralis
1361 5771 1453 5832 olllcii
1476 5777 1536 5832 etc.
1554 5787 1672 5832 munus
1695 5769 1786 5832 nobis
1802 5769 1880 5832 divi-

1130 5865 1216 5932 nitus
1238 5861 1464 5928 demandatum
1487 5865 1637 5943 exquirit,
1655 5873 1691 5927 ut
1712 5865 1775 5926 illis
1791 5881 1880 5944 prae-

1130 5959 1243 6020 sertim
1276 5958 1404 6034 ovibus‚
1436 5975 1517 6037 quae
1547 5959 1585 6021 ab
1612 5959 1671 6021 hac
1699 5959 1881 6042 Apostolica

1792 565 1849 628 351
1901 565 1954 614 an.
1970 563 1999 613 o.
2023 561 2091 612 reta
