1290 1823
569 179 601 191 iun.
614 180 659 191 Pom·⁴
672 180 691 191 nn
702 180 717 191 Ρ.
729 180 744 191 1³.
756 180 798 192 naus
808 179 819 192 t.

480 208 512 225 XC.

414 259 464 271 novoe
474 255 572 271 cathedralis
582 256 656 271 ecciesiae

413 279 500 298 ptionensis
511 279 528 294 in
540 279 618 295 Amet-ica.

413 324 489 341 {lomi-'S
501 324 610 342 EPiscoi’us

413 368 458 381 srvos
469 369 546 382 servorum
557 365 589 385 Dei,

415 396 473 411 uturum
487 395 508 411 rei
520 395 610 412 memoriam.

413 444 461 457 estem
468 442 555 462 agricolam
561 442 577 458 in
583 442 644 458 cunctis
650 443 682 458 suis

414 465 484 485 peribus.
489 467 567 484 quantum
573 465 618 481 nobis
624 469 644 481 ex
650 466 682 481 alto

427 488 534 507 aemulantes,
550 488 604 504 oculos
618 490 682 504 nostrae

413 511 505 527 iniversum
519 512 582 527 Domini
593 516 650 531 agrum
662 516 682 527 ex

413 535 436 550 nti
450 534 491 550 beati
506 535 549 550 Petri
563 534 604 550 Sede
618 539 682 555 semper

413 562 469 576 temus.
481 562 498 573 ac
508 558 557 573 instar
566 558 619 577 vigilis
627 559 682 578 patris-

414 581 481 601 pieimus
496 581 534 601 quid
548 585 577 601 per
587 582 682 601 apostolicae

413 608 419 620 ε
434 604 504 620 officium
518 604 612 624 impendere
625 605 682 620 debea—

413 628 461 643 taevis
476 627 555 643 Dominici
569 628 603 647 agri
617 632 652 648 pars
663 628 682 644 ab

413 651 478 667 colatur
492 655 509 667 ac
520 651 590 667 fructum
600 651 655 667 aderat
665 652 681 667 in

413 676 493 694 tapropter
501 674 544 690 inter
551 675 628 690 maximas
635 675 682 690 oflicii

413 702 415 712 ι
426 701 460 713 eam
472 698 580 717 agnoscimus,
592 700 610 713 ut
620 698 682 714 dioece-

413 721 432 736 'ia
440 725 458 736 ea
465 721 527 736 ratione
533 721 627 739 dividamus.
635 723 683 740 prout

423 744 460 760 (idei
474 744 561 760 dilatationi
577 746 594 760 et
609 744 682 760 christin-

415 767 426 783 ti
437 767 543 787 conspicimus
553 767 635 787 expedire.

413 795 417 806 i
430 791 458 810 qui
472 790 519 806 civile
534 790 608 810 regimen
623 793 683 810 gerunt

413 814 517 833 ›granatensis
528 814 544 829 in
556 814 628 829 Amerina
636 814 682 830 Meri-

413 837 479 857 ipridem
487 837 582 852 humillimis
589 837 663 856 precihus
674 842 682 853 a

413 860 470 878 larunt.
482 862 501 875 nt
511 864 519 875 a
530 860 598 876 dioecesi
609 862 625 876 et
635 861 682 876 iuris-

413 883 469 899 dinarii
483 883 588 899 Emeritensis
603 884 619 899 in
634 884 682 899 Mara-

413 907 450 922 illas
462 906 542 926 paroecias
554 907 612 926 positas
625 907 641 923 in
652 907 682 923 cir>

413 930 449 946 iciae
455 930 589 950 PampelonensiS,
595 934 635 950 quae
641 932 681 946 tem-

415 954 454 969 ictae
462 953 526 969 ditionis
534 953 639 969 dominationi
645 954 681 970 sub-

413 977 461 996 nigne
475 977 607 995 distraheremus.
622 981 681 997 easque

413 1004 439 1016 nae
450 1000 527 1016 ecelesiae
537 1000 602 1016 Sanctae
609 1000 653 1016 Fidei
661 1001 681 1016 de

413 1024 447 1039 iem
455 1024 559 1039 Americanae
567 1024 638 1043 regionis
646 1025 681 1040 uni>

413 1047 563 1066 iconiungeremus.
570 1047 645 1063 Precibus
652 1048 681 1063 hu-

413 1074 449 1085 rum
459 1072 500 1085 statu
508 1070 595 1090 diligenter
602 1071 679 1090 inspecto,

413 1093 446 1109 ,iam
460 1097 601 1113 quorumcumque
614 1097 680 1109 venera-

415 1121 442 1132 um
454 1118 546 1132 nostrorum
558 1117 574 1132 S.
586 1117 604 1132 li⁴
614 1117 632 1132 E.
643 1117 680 1133 Car-

413 1142 437 1158 mo,
446 1140 516 1156 libenter
524 1140 609 1156 annuimus
616 1144 645 1160 per
653 1145 680 1156 no-

413 1163 449 1179 licas
459 1163 513 1179 literas
523 1163 553 1179 suh
564 1163 630 1183 plumbo
638 1164 680 1179 datas

413 1190 434 1202 im
445 1186 510 1202 Petrum
518 1191 560 1202 anno
567 1186 680 1202 incarnationis

413 1209 493 1225 nillesimo
508 1210 642 1229 octingentesimo
653 1210 680 1226 tri-

413 1234 436 1248 rto
447 1233 498 1252 pridie
509 1237 558 1248 nouas
567 1233 606 1248 maii
617 1234 680 1253 pontill-

420 1260 462 1272 anno
471 1258 534 1276 quarto.
542 1256 560 1272 ln
568 1256 596 1272 hac
604 1260 644 1272 vero
652 1261 680 1272 uo-

413 1279 442 1295 nda
449 1279 550 1299 providentia
557 1280 649 1299 petentibus
657 1280 680 1295 in-

413 1306 434 1318 trn
443 1302 549 1322 Apostolicam
557 1302 615 1318 Sedem
624 1307 679 1319 rursus

413 1330 463 1345 nuper
469 1328 574 1341 memoratam
580 1326 679 1346 provinciam

414 1353 448 1365 sem
459 1349 478 1365 ab
489 1349 602 1365 archidioecesi
613 1349 679 1365 Sanctae

414 1374 451 1392 gota
461 1373 525 1392 penitus
536 1373 649 1391 avelleremus,
661 1373 679 1388 il-

415 1399 472 1411 novam
489 1396 574 1411 dioecesim
591 1396 679 1415 sedemque

413 1431 417 1437 ,
429 1419 464 1434 eius
475 1419 558 1434 territorio
569 1419 587 1434 ad
598 1419 679 1435 naturales

413 1442 447 1458 ines
458 1446 530 1460 emenso,
539 1442 603 1462 erigere
611 1447 628 1458 ac
635 1443 679 1458 insti-

413 1470 473 1481 remur.

416 1493 456 1505 vero
466 1489 506 1505 lieec
516 1489 549 1509 ipsa
559 1489 622 1505 consilii
629 1489 680 1504 forma

417 1516 449 1528 non
463 1512 507 1528 uitro
520 1512 598 1532 facileque
610 1512 679 1532 probari,

711 209 770 229 quippe
775 213 816 229 quae
822 209 932 225 decentiorem
938 208 1024 225 catholicae
1030 208 1084 224 Eccle-

710 233 742 256 we
753 234 769 248 et
783 233 866 252 religionis
880 234 939 248 statum
954 232 1015 248 directe
1025 233 1084 251 specta-

711 257 741 274 ret,
757 256 962 275 praeheretque'iidelibus
975 255 1042 275 quidem
1052 259 1084 270 am*

710 279 779 298 pliorem
785 278 887 295 Orthodoxae
894 279 931 294 fidei
938 278 1037 298 profitendae
1043 278 1084 293 chri-

710 302 803 322 stianaeque
818 302 859 322 legis
877 302 965 318 servandae
983 302 1083 319 facultatem.

710 325 802 341 infidelibus
813 327 866 341 autem
875 325 963 341 faciliorem
971 325 1013 341 viam
1021 325 1040 340 ad
1048 325 1084 340 reii-

711 348 762 368 gionis
773 349 829 368 ipsius,
838 349 904 368 eiusque
912 349 1006 368 dogmatum
1015 352 1033 363 ac
1040 352 1084 367 prae-

710 374 794 391 ceptorum
806 372 904 391 agnitionem
912 371 1033 391 assequendam.
1041 371 1084 390 Quae

710 395 776 414 quidem
783 395 860 411 utilitates
870 397 886 411 et
893 395 976 411 commoda
984 394 1084 410 evidentiora

710 419 758 434 etiam
769 419 845 437 evadunt,
857 419 926 438 inspecta
940 418 1014 434 locorum
1024 417 1084 433 difficili

710 442 802 457 conditione
813 442 833 457 oh
845 441 910 457 nimiam
921 441 988 461 pastoris
995 445 1004 456 a
1011 445 1044 457 nou
1051 441 1084 456 exi-

710 469 741 484 gua
752 465 807 485 populi
818 467 862 484 parte
873 465 969 483 distantiam,
977 465 1040 480 viarum
1049 468 1084 484 par-

711 488 739 504 tim
753 488 829 508 inopiam,
845 488 902 508 partim
917 488 1018 508 asperitatem
1030 488 1050 503 ob
1061 488 1084 503 in-

710 512 805 527 teriacentes
816 513 879 527 montes
890 511 995 530 horridasque
1005 511 1057 530 sylvas
1068 512 1084 526 et

710 535 776 550 flumina
783 535 900 550 interfluentia:
910 534 968 554 quibus
974 534 1049 550 omnihus
1054 534 1084 549 alia

709 560 747 574 sunt
763 558 829 578 insuper
843 558 919 575 addenda,
935 557 1030 577 praesertim
1044 561 1084 573 vero

711 581 804 601 frequentes
816 581 920 601 sylvestrium
935 581 1020 596 hominum
1033 580 1084 596 trihus

1099 175 1126 188 Au.
1133 176 1149 188 c.
1160 174 1207 188 1835

711 604 802 624 evangelica
816 604 852 620 luce
866 604 957 622 destitutae,
969 604 1013 619 clero
1025 607 1084 623 nequa·
1098 614 1102 617 .

710 632 758 647 quam
765 629 861 647 suppetente
866 628 885 643 ad
890 627 981 647 spirituales
987 627 1084 647 populorum

710 651 812 667 necessitates
824 651 905 669 curandas,
918 654 998 670 opemque
1008 650 1084 666 sacrimi-

710 674 771 690 nisterii
779 674 836 690 iisdem
843 674 972 694 impertiendam.
980 673 1006 689 His
1012 673 1084 693 proiectu

710 698 730 713 de
741 698 791 713 causis
803 701 831 713 nos
842 701 871 717 pro
878 697 963 717 apostolica
969 697 1083 715 sollicitudine,

710 725 741 740 qua
756 721 836 737 Ecclesiae
850 721 892 736 hono
903 722 920 736 et
933 721 1023 736 animarum
1037 720 1083 735 saluti

710 745 772 760 assidue
780 745 869 762 studemus,
876 744 893 759 in
899 744 992 759 consistorio
999 743 1052 759 habito
1058 743 1084 759 die

711 768 772 783 decima
783 771 824 783 nona
839 767 928 783 decembris
942 767 1029 786 superioris
1040 766 1082 785 anni,

710 795 747 806 cum
755 791 774 806 ad
781 790 921 810 metropolitanam
929 790 1012 806 ecclesiam
1018 790 1084 805 Sanctae

710 814 754 830 Fidei
763 814 783 829 de
789 814 850 833 Bogota
857 814 966 830 eveheremus
973 813 1083 829 venerabilem

710 837 777 853 tratrem
788 837 911 853 Emmanuelem
922 837 1007 857 losephum
1016 837 1036 852 de
1044 836 1083 852 itius-

710 865 760 881 quera
770 861 868 876 hodiernum
879 861 952 876 eiusdem
965 860 1042 876 ecclesiae
1052 860 1083 875 An<

709 884 782 902 tistitem.
790 884 815 900 ius
826 884 950 903 facultatemque
958 883 1003 899 nobis
1011 887 1083 899 reserva-

709 908 762 923 vimus
773 907 894 923 archidioecesis
905 907 972 923 huiusce
981 906 1082 924 dividendae.

709 936 726 947 ac
737 931 790 947 denuo
801 930 960 948 circumscribendae,
968 930 981 946 si
992 932 1028 950 post
1039 934 1082 946 accu-

709 955 816 973 ratissimum,
835 954 877 974 quod
893 957 942 973 super
957 955 1001 969 tanto
1017 954 1083 973 negotio

709 978 765 994 inituri
777 981 846 995 eramus.
858 981 931 995 examen,
946 977 1082 996 intelligeremus.

709 1001 762 1021 ipsum
774 1001 837 1017 divinae
848 1000 908 1020 gloriae
917 1000 1024 1018 incremento.
1032 1002 1083 1016 aeter-

710 1028 773 1043 naeque
784 1024 856 1040 fidelium
867 1023 922 1039 salutis
933 1023 1019 1039 commodo
1029 1023 1083 1043 protu-

709 1049 770 1063 turum.
782 1047 805 1063 ne
816 1047 853 1063 dein
865 1048 896 1062 tota
909 1046 983 1066 diligenti
994 1047 1083 1062 considera-

709 1071 749 1086 tioni
764 1070 841 1088 subiecta,
858 1070 967 1089 exhibitisque
982 1070 1083 1086 documentis

709 1094 728 1109 ad
739 1094 816 1109 trutinam
827 1093 892 1111 vocatis.
904 1093 1024 1109 evidentissima
1033 1094 1084 1113 patuit

709 1117 775 1136 negotii,
788 1117 808 1132 de
819 1120 851 1136 quo
861 1116 920 1136 agitur.
932 1116 998 1134 utilitas.
1010 1120 1051 1136 quae
1060 1116 1083 1132 in-

709 1142 763 1160 specto
779 1140 852 1156 fidelium
868 1141 910 1155 statu
925 1140 1012 1159 spiritualis
1028 1140 1083 1155 auxilii

709 1164 756 1183 plane
770 1163 905 1182 indigentissimo,
918 1165 961 1178 tanta
975 1163 1041 1182 quidem
1052 1165 1082 1181 est,

709 1189 727 1202 ut
741 1187 759 1202 ad
774 1190 830 1202 veram
845 1186 897 1205 redigi
911 1186 1023 1202 necessitatem
1038 1186 1087 1207 facile*

708 1210 763 1230 possit.

728 1234 737 1252 ἓ
748 1233 762 1248 4.
774 1233 824 1249 Nobis
838 1237 908 1253 namque
922 1233 992 1249 relatum
1006 1233 1037 1249 suit
1047 1237 1083 1253 pro<

708 1256 777 1272 vinciam
783 1256 927 1276 Pampelouensem
935 1256 987 1272 iacere
994 1256 1036 1272 intra
1043 1257 1083 1272 {ines

708 1280 843 1299 septentrionales
850 1280 900 1298 illius,
908 1283 957 1299 quam
964 1279 1018 1295 Novae
1025 1280 1083 1295 Grann-

708 1305 732 1319 tae
745 1302 862 1323 rempublicam
873 1303 958 1323 appellant.
970 1305 1049 1323 caputque
1059 1303 1083 1318 illi

708 1330 743 1342 esse
759 1326 856 1346 cognomine
871 1326 929 1342 urbem
945 1330 953 1341 a
963 1326 1002 1342 sede
1017 1326 1083 1342 Archie-

708 1349 767 1369 piscopi
779 1349 845 1365 Sanctae
853 1349 902 1367 Fidei,
911 1350 957 1365 cuius
967 1351 1047 1369 tamquam
1055 1349 1082 1365 Or-

708 1373 765 1388 dinarii
771 1373 877 1388 iurisdictioui
883 1374 933 1392 paret,
938 1375 1037 1392 centumque
1041 1377 1082 1392 pene

708 1396 760 1411 leucas
772 1396 866 1414 distantem;
876 1396 909 1411 vias
917 1398 971 1411 autem
979 1396 1082 1411 intermedias

708 1419 809 1435 difficillimas
825 1423 861 1435 esse
872 1421 888 1435 et
898 1419 968 1434 maxime
979 1419 1081 1438 periculosas,

708 1444 764 1462 utpote
778 1443 873 1458 intersectas
887 1442 987 1460 fluminibus.
999 1446 1039 1462 quae
1053 1446 1082 1462 per

708 1469 782 1485 magnam
791 1466 828 1481 anni
835 1467 896 1485 partem
903 1465 953 1481 traiici
959 1467 1043 1485 nequeunt
1049 1465 1082 1481 abs-

708 1492 740 1508 que
751 1489 792 1505 vitae
801 1489 900 1507 discrimine,
907 1492 943 1504 cum
952 1489 1027 1508 pontibus
1036 1489 1082 1508 aptis-

709 1516 741 1531 que
752 1512 770 1528 ad
778 1512 895 1528 transeundum
903 1512 978 1528 subsidiis
986 1512 1052 1528 omnino
1059 1516 1082 1528 oa<

1092 1238 1128 1250 idam
1136 1240 1150 1250 ul
1155 1242 1201 1252 supr-iti
