1290 1823
572 182 605 194 nm.
617 181 663 193 Powr.
675 181 695 193 ΠΕ
706 181 721 193 Ρ.
733 182 748 193 1³.
760 181 802 194 ΡΑΒΒ
813 182 824 194 1.

462 211 536 228 Lxxvu.

431 259 487 275 wicum
493 259 603 275 Lauretanum
610 262 646 273 cum
652 257 686 273 rute

431 282 498 298 -utituit
506 283 520 297 et
526 282 561 297 Soc.
568 281 603 297 lem
610 281 686 301 raqimini

433 306 453 326 t).

431 348 508 366 {eonius
520 348 550 365 ΡΡ.
563 348 598 364 ΧνΙ.

431 381 488 396 :etuem
499 379 521 396 rei
533 378 624 395 memoriam.

431 428 443 439 ia
457 423 554 441 sollicitudo.
570 427 600 443 qua
611 422 638 438 fel.
651 426 683 437 reo.

431 447 449 463 11.
461 447 575 467 praedecessor
586 448 641 462 noster
649 449 684 465 per-

431 470 504 490 lllyricae
512 469 590 490 spirituali
598 469 640 485 hono
648 473 684 484 con-

431 496 443 512 t,
455 496 474 509 ut
484 493 571 513 designatis
582 492 649 508 urbibus
660 496 684 508 se-

432 517 472 533 ntuli
483 517 502 533 ad
513 517 589 537 pietatem
600 519 684 535 sacrasque

431 541 545 558 [armarentur.
554 540 609 555 eadem
617 543 647 555 nos
655 539 684 554 im-

431 564 482 584 aegium
493 564 575 583 illyricum
587 563 606 578 ab
617 567 636 578 eo
644 562 684 578 Lau-

432 591 465 605 nm,
477 589 494 603 et
506 587 574 603 infausta
589 586 684 602 novissimo·

431 611 482 626 atione
499 612 590 630 temporum
607 613 683 625 eversum

443 633 563 649 restituendum
577 636 653 648 curemus
664 632 683 648 ad

431 660 520 676 narumque
534 656 592 672 artium
606 656 683 676 praesidia

431 681 449 696 lis
459 685 477 696 ac
491 680 589 695 Lauretanae
602 679 683 695 iuventuti

432 704 465 720 Hoc
475 704 506 719 iam
517 703 555 719 inde
565 703 583 719 ab
591 703 636 718 initio
644 707 684 722 pon-

432 728 436 743 i
444 727 501 743 sedulo
508 728 618 747 repugnantes
626 730 683 742 omnes

431 751 548 771 impendimus.
563 752 582 766 ut
595 754 636 769 quae
650 752 683 765 acta

431 779 439 790 o
446 778 484 790 sane
492 774 545 790 studio
552 773 582 789 sub
590 773 683 793 praedeces-

432 802 455 814 ec.
467 802 499 813 me.
512 797 566 813 Leone
573 797 606 812 ΧΗ.
615 797 683 816 diligen-

431 823 497 839 rentur,
514 822 649 840 properarentur,
667 822 683 836 et

431 844 460 860 leri
472 846 527 864 posset
537 844 555 859 ad
567 845 638 863 optatum
650 843 683 859 exi-

433 869 487 883 entur.

431 891 449 907 rie
455 890 522 907 consilio
528 890 646 906 venerabilium
652 890 682 905 tra-

431 919 452 930 un
459 914 475 930 S.
480 914 498 930 ti.
505 914 523 930 E.
530 914 639 930 Cardinalium
645 918 682 929 con-

431 940 521 955 auretanae,
532 937 621 953 humilibus
632 937 682 957 preci-

431 966 436 977 s
443 961 562 977 venerabilium
570 960 638 976 fratrum
646 961 682 980 Epi-

431 985 450 1001 inl
462 987 478 1001 et
489 984 563 1000 hodierni
576 984 682 1000 commissarii

431 1009 491 1024 Domus
505 1008 597 1024 lauretanae
608 1008 681 1027 Episcopi

431 1036 449 1048 ec
460 1036 492 1048 non
506 1032 548 1047 votis
559 1033 576 1047 et
590 1031 682 1051 postulatio-

431 1055 497 1071 civitatis
513 1055 612 1070 Lauretanae
628 1055 682 1070 Vexil-

431 1082 500 1098 onesque
516 1078 562 1094 nohis
577 1078 680 1096 obtulerunt.

431 1102 460 1118 inti
471 1102 540 1118 utilitate
551 1105 598 1121 quam
609 1101 626 1117 in
634 1101 657 1117 rei
666 1103 682 1117 et

431 1126 449 1141 lis
460 1125 521 1141 honum
533 1129 553 1140 ex
564 1125 607 1140 illius
617 1124 681 1144 collegii

431 1149 511 1165 edundare
522 1148 574 1168 palam
583 1150 613 1166 est.
622 1152 640 1164 ea
648 1152 681 1164 om-

431 1172 486 1188 ilianda
500 1172 598 1190 curavimus,
610 1176 651 1191 quae
662 1172 680 1188 ad

431 1197 483 1211 ,tatem
496 1195 633 1215 splendoremque
644 1199 681 1211 con-

431 1223 449 1235 ne
461 1223 507 1238 posse
518 1218 634 1234 existimamus.

436 1242 496 1258 idcirco
506 1242 580 1258 Societati
590 1242 631 1260 lesu.
640 1246 681 1262 quae

431 1270 458 1286 per
467 1266 482 1281 in
489 1265 617 1281 adolescentibus
623 1266 642 1281 ad
648 1266 681 1285 pie-

431 1293 461 1309 que
471 1289 574 1305 instituendis
582 1289 628 1304 laude
636 1293 681 1308 prae-

431 1317 445 1328 m
452 1316 500 1332 supra
506 1314 614 1328 memoratum
621 1312 640 1328 ab
646 1312 680 1328 eius

441 1336 551 1352 concreditum
563 1337 605 1351 tanta
614 1336 680 1355 quidem

431 1364 441 1375 x
452 1359 480 1375 illo
492 1359 547 1379 plures
558 1359 617 1379 pietate
628 1361 644 1375 et
653 1359 681 1374 do-

431 1383 521 1398 arnorabiles
535 1382 566 1398 viri
581 1382 679 1402 prodierint.

431 1411 439 1422 u
448 1406 519 1426 proprio.
528 1406 607 1426 plenaque
614 1406 680 1422 scientia

434 1429 528 1445 auctoritate
544 1429 647 1447 mandamus.
662 1431 681 1445 ut

443 1457 492 1473 snpra
509 1453 630 1468 instaurandum
647 1454 680 1468 tan<

714 215 762 231 quam
776 212 870 231 postliminii
882 212 918 228 iure
929 216 958 232 per
969 212 1036 228 dilectos
1047 213 1088 229 ulios

714 234 796 251 Societatis
807 235 842 251 lesu
854 236 916 251 sodales
927 238 993 255 regatur
1004 238 1020 252 et
1029 236 1088 256 guber-

714 260 762 274 netur
772 259 816 275 iuxta
827 259 924 279 praescripta
935 264 943 275 a
951 259 1015 275 laudato
1022 260 1088 279 praede*

713 286 777 298 sessore
792 284 847 298 nostro
863 283 942 302 Gregorio
958 283 1004 301 xm..
1020 283 1088 303 eiusque

713 306 805 321 omnimoda
816 310 854 322 cura
864 308 881 322 et
891 306 1008 322 administratio
1022 308 1088 326 geratur

713 328 743 344 sub
754 329 834 348 regimine
845 329 894 349 ipsius
909 330 989 345 societatis
1001 330 1087 350 praepositi

713 352 799 371 generalis.
811 352 832 368 ita
844 355 861 368 ut
872 353 891 368 ad
901 353 955 372 ipsum
966 355 1027 373 spectet
1036 355 1087 369 recto-

713 379 754 394 rem,
759 376 845 395 magistros
851 376 923 396 aliosque
928 376 1032 392 administros
1038 376 1087 396 elige-

713 403 736 417 re,
745 399 762 414 in
772 399 824 415 officio
835 399 919 415 continere
927 401 943 415 et
950 403 1032 418 amovere.
1040 400 1087 415 item-

713 426 744 442 que
752 422 826 438 alumnos
834 423 934 439 convictores
942 425 958 439 et
965 423 1052 443 discipulos
1060 427 1087 439 ex-

712 447 767 461 ternos
778 446 863 462 admittere
875 448 891 462 et
898 446 986 465 dimittere,
995 451 1046 466 eaque
1053 451 1087 462 om-

713 469 738 484 nia
748 471 820 485 statuere
834 472 851 485 et
861 470 923 486 sancire
937 474 978 490 quae
993 470 1086 486 huiusmodi

712 492 828 509 saluberrimae
842 493 939 509 institutioni
952 493 1027 509 conterre
1040 498 1086 513 posse

712 516 800 532 censuerit.
817 516 916 536 Quapropter
932 517 1022 537 praefatum
1038 517 1086 533 colle-

713 539 757 559 gium
768 540 847 555 sodalium
859 540 942 556 Societetis
952 540 988 556 Iesu
996 544 1044 556 curae
1051 540 1086 556 dili-

712 563 809 582 gentiaeque
819 563 924 579 commissum
935 564 1020 582 volumus.
1032 565 1049 579 et
1059 564 1085 579 de-

712 586 790 602 claramus
800 586 874 602 immune
881 589 898 602 et
905 589 999 607 exemptum
1007 589 1086 607 perpetuo

712 610 746 625 lore
758 612 774 625 et
784 614 820 626 esse
827 614 835 625 a
842 610 899 630 quavis
908 610 1024 629 iurisdictione,
1033 611 1086 626 visita-

712 633 755 649 tione
767 635 783 649 et
793 635 873 653 potestate
880 634 928 649 etiam
936 634 1005 650 mediata
1012 634 1085 650 comissa<

712 657 731 672 rii
742 657 824 677 apostolici
835 657 886 673 almae
897 657 963 675 Domus.
972 661 1035 673 necnon
1046 657 1085 673 Lau-

712 681 763 696 retani
778 680 852 700 Episcopi
867 685 896 700 pro
910 683 984 701 tempore
995 681 1084 699 existentis,

711 704 784 723 illudque
794 704 825 720 sul)
834 704 925 720 immediata
933 706 987 720 nostra
995 706 1011 720 et
1018 704 1085 724 Aposto-

712 727 750 743 {icae
762 727 807 743 Sedis
818 728 918 747 protectione
926 728 1019 748 recipimus,
1027 728 1085 744 conflr—

711 753 774 767 mantes
790 751 843 767 omnia
860 753 876 767 et
891 751 955 771 singula
971 751 1055 771 privilegia
1069 753 1085 767 et

711 774 822 794 exemptiones
830 775 894 794 quibus,
902 775 994 794 usquedum
1003 775 1053 793 stetit,
1061 775 1084 790 uti

711 802 728 814 ac
734 797 765 813 irui
772 798 826 813 datum
833 799 872 813 erat*
878 798 985 818 Praecipimus
991 802 1031 814 vero
1037 798 1085 814 colle-

711 822 733 841 gii
740 821 800 837 rectori
807 821 831 837 uti
839 821 858 837 de
864 821 931 841 illyricis
937 821 1084 841 Congregatiouem

711 845 731 860 de
741 844 844 864 Propaganda
858 844 896 860 Fide
912 844 980 864 singulis
995 845 1084 860 labentibus

710 868 756 883 annis
763 868 850 883 certiorem
858 868 914 884 reddat
919 868 939 883 de
945 872 1003 884 eorum
1009 872 1083 886 numeru.

711 895 798 911 progressu
810 892 826 907 et
832 891 849 906 in
857 891 923 911 patriam
931 891 1026 907 reversione
1033 895 1083 911 quum

710 915 758 930 sacris
770 915 831 930 suerint
842 915 903 932 initiati.
915 917 933 930 ut
944 915 1002 931 exinde
1013 915 1084 934 Congre-

710 938 753 957 gatio
761 938 780 954 de
788 938 845 953 iisdem
853 938 939 958 disponere
945 938 997 954 valeat
1004 938 1023 954 ad
1031 939 1084 954 omnia

710 962 729 977 ad
740 965 781 981 quae
791 961 808 977 in
819 961 887 977 Domino
898 962 980 977 censuerit
991 966 1019 981 pro
1031 962 1084 978 Eccle-

710 985 742 1000 siae
753 985 826 1004 Illyricae
840 985 964 1005 opportunitate.
977 985 1084 1001 Personarum

710 1012 750 1024 vero
761 1008 830 1027 collegio
841 1008 940 1024 moderando
950 1008 1048 1024 addictarum
1060 1013 1084 1024 ra-

710 1032 771 1047 tionem
777 1031 855 1047 habentes
861 1035 890 1051 pro
896 1032 974 1051 temporis
981 1032 1084 1048 circumstan-

710 1055 736 1071 tiis
752 1055 835 1073 edicimus,
852 1055 876 1071 uti
889 1059 967 1071 numerus
982 1056 1083 1071 sacerdotum

710 1078 842 1094 scholasticorum
860 1080 877 1094 et
894 1078 1005 1094 coadiutorum
1023 1083 1043 1094 ex
1059 1083 1083 1095 ea-

710 1102 746 1118 dem
753 1102 831 1118 Societate
838 1102 961 1121 soligendorum
966 1102 986 1118 ad
991 1102 1082 1121 quindecim

710 1125 819 1145 praefiniatur,
826 1125 865 1141 Nam
873 1127 937 1145 praeter
945 1127 1025 1141 rectorem
1031 1130 1049 1141 aa
1055 1126 1083 1141 mi-

710 1149 779 1165 nistrum
793 1153 900 1164 oeconomum
911 1149 987 1164 volumus
998 1151 1016 1164 ut
1029 1149 1082 1167 idonei

710 1174 822 1192 praeceptores
836 1172 963 1192 grammaticam.
979 1172 1082 1188 humaniores

709 1195 770 1211 litteras
781 1197 798 1211 et.
808 1196 905 1211 rhetoricam
916 1196 989 1214 doceant.
997 1196 1023 1211 alii
1032 1196 1082 1215 philo-

709 1219 782 1239 sophiam
798 1221 814 1235 et
830 1219 924 1237 mathesim,
941 1219 968 1234 alii
984 1219 1082 1239 theologiam

709 1242 816 1261 dogmaticam
826 1243 843 1257 et
857 1242 944 1260 moralem,
960 1242 1032 1261 itemque
1043 1242 1082 1257 iuris

709 1265 780 1281 canonici
788 1265 904 1281 institutiones.
911 1265 960 1280 Porro
968 1265 1036 1281 iuvenes
1043 1265 1082 1281 inibi

709 1289 774 1304 alendos
785 1291 832 1308 atque
845 1288 935 1304 educandos
947 1292 967 1304 ex
978 1288 1045 1308 Illyricis
1056 1289 1082 1304 de-

709 1312 775 1331 signatis
781 1312 849 1328 urbibus
855 1316 884 1332 pro
890 1312 953 1328 ratione
958 1314 1009 1328 status
1015 1316 1082 1328 oecono-

709 1336 746 1351 mici
754 1335 770 1351 S.
777 1335 837 1351 Domus
843 1336 862 1351 atl
870 1339 957 1351 numerum
965 1335 1082 1351 dnodenarium

709 1359 811 1379 praestitutos
822 1359 924 1374 decernimus
932 1363 969 1375 curn
977 1359 1050 1375 facultate
1058 1363 1082 1375 re-

708 1382 749 1398 ctori
765 1382 824 1398 tributa
841 1382 941 1398 convictores
957 1382 1051 1398 admittendi
1062 1387 1082 1398 ex

708 1406 741 1425 ipsa
748 1406 836 1422 Lauretana
844 1406 908 1421 civitate
915 1410 978 1421 necnon
986 1410 1007 1422 ex
1014 1406 1048 1421 aliis
1054 1410 1082 1422 no-

708 1431 750 1445 strae
761 1429 826 1445 ditionis
837 1429 924 1449 provinciis
931 1433 949 1445 ac
956 1429 1052 1449 praesertim
1060 1429 1082 1449 pi-

708 1457 752 1471 cena,
764 1453 826 1468 scholas
837 1456 877 1468 vero
887 1456 935 1472 supra
942 1453 1029 1468 recensitas
1036 1453 1082 1468 volu-

431 1515 455 1525 ὶοο.
463 1514 512 1525 raau—
518 1513 543 1525 Lit.
551 1514 589 1528 areg.
597 1514 629 1525 xm.
637 1513 653 1525 de
660 1513 701 1525 huiu-
707 1513 760 1528 eollegii
767 1513 834 1525 ενοι-ηοω
841 1513 912 1527 inutiliter.
919 1513 944 1524 etsi
952 1513 1000 1524 maini-i
1007 1515 1033 1528 qua
1040 1513 1082 1527 potui-

431 1530 450 1544 uo.
457 1530 551 1545 quaesivimus.

1104 178 1132 192 Lu.
1139 179 1158 192 0.
1172 178 1215 191 1834
