4822 6986
593 535 652 596 qoss

615 685 645 730 x.
670 669 703 730 lu
728 670 764 730 iis
787 685 866 746 quae
882 671 918 732 ad
935 671 1068 743 victum,
1092 672 1255 744 restitum,
1272 673 1323 732 ba·

576 762 760 824 bitationem
790 770 821 824 et
852 764 910 825 alia
935 765 1109 826 neccssaria
1139 766 1320 843 pertinent,

574 864 666 918 tzrrret
688 864 733 929 ut,
758 859 903 934 quamvis
918 860 958 920 sit
973 859 1005 920 in
1022 875 1086 936 quo
1105 859 1209 921 virtus
1226 867 1257 920 et
1273 861 1322 921 sui

574 951 741 1028 abnegatio
763 951 929 1029 probetur,
948 969 1011 1014 non
1035 955 1117 1014 desit
1133 961 1238 1015 tamen
1259 969 1322 1030 quo

572 1051 772 1106 sustentetur
794 1051 916 1118 natura,
942 1047 1045 1110 babila
1069 1047 1191 1110 ratione
1214 1064 1322 1126 perso-

573 1155 687 1200 narum
700 1140 879 1201 secundum
897 1141 1010 1202 lleum.
1035 1141 1251 1218 negrotorum
1272 1142 1322 1204 ba·

576 1233 687 1296 beatur
709 1251 783 1296 cura
806 1251 921 1312 magna
938 1243 999 1298 tam
1024 1238 1176 1300 invictus
1198 1239 1322 1300 ratione

573 1343 668 1404 quam
684 1329 716 1390 in
732 1330 858 1392 ceteris.
883 1331 1029 1410 Hospites
1052 1338 1121 1392 tum
1143 1332 1321 1394 saeculares

575 1431 641 1484 tum
660 1423 802 1502 religiosi
819 1425 960 1502 benigne
975 1425 1188 1503 suscipiantur
1205 1433 1236 1487 et
1252 1442 1321 1504 per-

575 1522 761 1579 tractentur.
788 1517 819 1580 Si
836 1519 885 1580 cui
902 1519 1084 1597 particulari
1106 1520 1267 1598 quidpiam
1285 1520 1321 1580 ed

573 1618 683 1688 potum
707 1612 759 1674 vel
789 1613 894 1674 eibum
929 1613 1094 1690 pertinens
1119 1613 1156 1675 ab
1185 1621 1321 1675 externo

572 1703 679 1782 aliquo
702 1705 857 1778 mittatur,
882 1706 911 1768 id
935 1707 967 1767 ln
990 1723 1195 1768 communem
1225 1723 1320 1770 usum

573 1798 743 1876 arripiatur
765 1807 796 1860 et
818 1801 1032 1878 dispensetur.

614 1910 657 1954 xx.
681 1894 866 1972 Depositum
881 1895 1034 1973 pecuniae
1050 1895 1176 1958 nullum
1191 1911 1321 1974 prorsus

573 1987 728 2058 admittat,
743 1987 876 2050 aliarum
893 2003 972 2051 vere
985 2004 1095 2050 rerum
1113 1990 1238 2050 normisi
1252 2007 1321 2051 cau-

573 2081 713 2154 tissime,
737 2081 913 2144 dummodo
928 2083 997 2144 sine
1013 2083 1127 2160 magua
1144 2083 1321 2145 offensione

574 2175 602 2236 bl
626 2176 780 2252 denegari
801 2193 865 2238 non
889 2177 998 2254 possit.

614 2287 671 2330 xu.
695 2270 781 2332 Lites
804 2269 987 2347 fugiendae,
1005 2287 1064 2332 nec
1085 2271 1195 2342 ullam,
1214 2273 1321 2333 incon-

573 2363 659 2425 sulto
681 2364 792 2426 abbate
809 2363 952 2439 generali
975 2373 1028 2425 aut
1043 2365 1237 2443 provinciae,
1255 2365 1319 2436 rel,

573 2455 599 2516 sl
621 2455 767 2518 absentes
796 2456 917 2518 fuerint
938 2465 970 2518 et
995 2464 1110 2535 urgeat
1138 2458 1319 2530 accersitae,

572 2550 751 2612 inconsulta
785 2551 1015 2612 monachorum
1048 2553 1318 2628 congregatione,

572 2645 719 2717 intentet,
745 2651 799 2706 aut
820 2645 984 2716 intentati,
1009 2646 1211 2723 respondeat.

614 2755 683 2800 xm.
709 2737 740 2800 Si
754 2738 913 2800 faciendae
928 2738 991 2799 sint
1007 2754 1165 2816 expensae
1180 2747 1321 2802 extraor-

573 2833 723 2904 dinariae,
741 2833 793 2894 vel
817 2833 931 2894 fabrica
954 2834 1061 2910 magni
1084 2835 1319 2906 momenti‚rel

573 2927 804 2988 urormslerium
828 2943 901 2988 aere
916 2927 1021 2988 alieno
1044 2929 1241 3003 gravandum
1259 2935 1318 3000 est,

574 3019 676 3082 babltrt
701 3020 1031 3097 priusmoueeborem
1055 3021 1318 3098 congregatione,

572 3131 686 3174 eorum
703 3114 820 3192 potiori
836 3121 924 3192 parte
940 3120 1114 3186 annuente,
1129 3130 1198 3177 rem
1216 3116 1252 3177 ad
1268 3117 1320 3177 ab·

574 3207 676 3270 batem
701 3207 886 3284 generalem
910 3207 1043 3269 delerat.

612 3317 677 3362 xxv.
702 3301 768 3362 Etsi
791 3301 957 3379 proprium
974 3301 1093 3364 abbatis
1117 3304 1255 3365 officium
1272 3311 1320 3366 est

573 3395 803 3456 monasterium
829 3394 888 3456 sibi
910 3395 1118 3458 commissum
1147 3396 1320 3473 diligenter

572 3489 765 3565 gubernare,
791 3504 896 3565 neque
918 3488 944 3548 is
968 3495 1100 3566 propter
1122 3489 1206 3552 aliud
1230 3491 1320 3567 quid-

572 3585 652 3660 piam
671 3583 744 3644 bulo
760 3582 889 3644 muneri
905 3582 1017 3644 deesse
1031 3583 1136 3656 debet,
1150 3583 1175 3644 si
1191 3585 1318 3660 quando

572 3682 677 3738 tamen
701 3693 758 3754 per
788 3675 880 3738 offleii
903 3676 950 3737 sui
975 3679 1216 3754 occupationem
1246 3679 1319 3741 lice-

572 3771 627 3842 bit,
642 3771 823 3832 concionari
840 3775 871 3832 et
886 3770 1103 3832 confessiones
1125 3773 1236 3833 audire
1252 3779 1320 3850 pot-

572 3866 643 3926 erit.

612 3975 663 4019 xv.
688 3959 763 4020 Tam
786 3959 880 4020 abbas
903 3975 998 4036 quam
1015 3975 1127 4021 omnes
1150 3960 1201 4022 alii
1217 3979 1320 4023 saeer-

572 4054 662 4114 dotes
684 4053 854 4129 aliquando
870 4053 952 4114 intra
968 4069 1088 4115 antrum
1112 4055 1249 4116 alliciam
1267 4057 1319 4118 vel

572 4147 670 4208 offrcia
693 4163 819 4220 eorum,
837 4148 892 4224 qui
908 4148 1104 4210 monasterio
1125 4149 1317 4224 inserviunt,

571 4241 607 4302 atl
631 4246 757 4319 tempus
780 4241 908 4318 aliquod
925 4241 1059 4302 obibunt
1075 4243 1112 4304 ad
1128 4244 1318 4306 exercitium

477 4415 481 4424 Ι
571 4337 739 4413 religiosae
763 4335 950 4397 bumilitatis
973 4343 1005 4397 et
1027 4337 1290 4399 mortificationis.

392 5485 483 5529 Vicarli
498 5495 551 5529 mu-

339 5549 409 5583 nera.

719 4524 799 4586 Gar.
825 4523 888 4586 llll.
913 4557 951 4570 -
974 4524 1018 4586 lte
1039 4525 1172 4588 bicario.

611 4731 632 4775 r.
659 4712 801 4776 Vlcarius
823 4713 955 4789 eligitur
978 4713 1014 4774 ab
1027 4713 1138 4774 abbate
1162 4721 1320 4776 monaste-

571 4810 621 4880 rii,
646 4809 781 4884 eiusque
798 4807 936 4868 officium
956 4807 1074 4868 tamdiu
1091 4808 1194 4876 durat,
1210 4824 1319 4885 quam-

571 4905 625 4964 diu
649 4901 786 4963 ollleium
810 4901 946 4962 abbatis:
973 4917 1031 4963 nec
1047 4901 1084 4962 ab
1102 4918 1139 4962 oo
1155 4903 1318 4964 removeri

571 4997 683 5068 debet,
713 4995 773 5056 nisi
804 4995 842 5056 tle
872 5011 1028 5056 consensu
1060 4996 1318 5072 congregationis

570 5089 815 5152 monacborum.
847 5087 923 5149 Eius
946 5093 1053 5150 autem
1084 5089 1172 5149 locus
1195 5089 1235 5149 sit
1259 5089 1319 5166 prl-

571 5201 643 5246 mus
659 5191 729 5262 post
745 5183 902 5254 abbatem,
927 5189 958 5242 el
974 5189 1043 5260 post
1058 5199 1112 5244 eos
1130 5183 1182 5259 qul
1199 5181 1318 5243 abbatis

571 5279 731 5354 generalis
746 5277 798 5338 vel
822 5277 1083 5352 begumenorum
1101 5277 1202 5338 officio
1219 5276 1318 5339 functi

570 5381 655 5434 strat.

611 5484 645 5528 u.
670 5467 785 5527 Munus
807 5465 1014 5543 praecipuum
1037 5465 1144 5527 vicarii
1165 5471 1214 5527 est
1228 5465 1319 5527 abba-

572 5569 633 5622 tem
658 5562 769 5622 iurare
791 5561 824 5620 in
847 5560 882 5620 ils
905 5575 985 5636 quae
1008 5559 1040 5619 ln
1064 5575 1183 5634 genere
1210 5559 1262 5622 rel
1286 5559 1318 5620 ln

570 5655 753 5734 particulari
776 5654 804 5714 el
827 5653 1080 5728 eomnrendabit3
1106 5669 1163 5715 nec
1192 5653 1318 5731 dispen-

570 5749 658 5811 sandi
680 5755 734 5810 aut
746 5748 889 5809 mutandi
905 5753 959 5808 aut
974 5747 1146 5824 quidquam
1170 5746 1315 5818 faciendi,

570 5842 693 5904 nisiex
723 5841 867 5904 eiusdem
898 5841 1104 5920 praescripto,
1135 5840 1317 5903 facultatem

571 5933 710 5996 babebit.

1092 553 1156 599 lttlt.
1181 555 1272 600 PONT.
1298 555 1337 600 br:
1360 556 1389 601 P.
1414 555 1443 601 F.
1468 557 1552 602 PARS
1574 557 1595 602 1.

1419 691 1465 734 ru.
1491 674 1632 736 Abseute
1654 675 1765 736 abbate
1788 673 1893 736 omnia
1916 673 2019 736 lacere
2041 681 2129 753 pote-

1379 767 1430 838 rit,
1455 783 1535 844 quae
1558 769 1625 846 ipse
1647 769 1740 830 abbas
1761 769 1938 830 secundum
1966 769 2128 842 turgidam,

1378 861 1623 924 ctrustitutiones
1646 871 1678 923 ct
1699 862 1947 924 consuetudines
1976 863 2131 939 approba-

1378 960 1423 1014 tas
1445 955 1494 1016 sui
1517 957 1713 1016 monasterii.
1738 955 1769 1017 Si
1792 971 1871 1016 vero
1883 955 2001 1032 aliquid
2024 963 2131 1016 extra-

1379 1049 1575 1110 ordinarium
1604 1050 1767 1120 acciderit,
1792 1051 1876 1126 quod
1906 1049 1985 1110 adeo
2013 1058 2131 1125 urgeat

1379 1151 1413 1204 ut
1435 1144 1604 1206 conrmode
1626 1144 1720 1206 abbas
1743 1143 1905 1221 expectari
1929 1149 2080 1218 nerpreat,
2098 1143 2128 1203 id

1378 1238 1530 1314 expedire
1554 1237 1673 1315 peterit
1694 1239 1842 1305 vicarius,
1864 1236 1978 1298 auditis
2001 1237 2129 1298 eonsul-

1379 1331 1519 1402 torlbus,
1544 1331 1718 1407 statimque
1742 1331 1891 1392 redeunti
1914 1329 2016 1391 abbati
2045 1330 2129 1392 refe·

1378 1431 1436 1484 rat.
1472 1423 1643 1486 Praesente
1672 1439 1751 1486 vero
1778 1425 1905 1495 abbate,
1937 1425 1971 1486 ed
2002 1431 2127 1486 tantum

1377 1517 1597 1578 iurisdictione
1612 1524 1735 1589 utetur,
1750 1532 1830 1595 quae
1846 1517 1905 1578 sibi
1929 1517 2027 1580 fuerit
2042 1535 2129 1580 conr-

1377 1611 1482 1672 missa.

1417 1721 1459 1765 rr.
1483 1702 1637 1767 Officiales
1660 1705 1778 1777 visitet,
1803 1707 1930 1782 quotics
1957 1721 2036 1782 opus
2061 1705 2129 1767 fue·

1376 1797 1428 1868 rit,
1453 1798 1654 1861 observando
1680 1800 1842 1876 quomodo
1871 1815 1965 1861 suum
1989 1800 2129 1877 quisque

1377 1893 1516 1954 officium
1540 1900 1729 1970 exequatur.
1754 1893 1956 1970 Frequenter
1978 1895 2074 1956 etiarn
2100 1915 2128 1954 a-

1377 1988 1449 2049 deat
1470 1988 1564 2050 cellas
1587 1995 1619 2050 et
1634 1987 1692 2050 alia
1715 1989 1782 2050 loca
1799 1988 1997 2056 monasterii,
2022 1997 2059 2050 ut
2075 1990 2128 2050 do-

1377 2097 1449 2142 mus
1472 2082 1589 2144 munda
1612 2082 1662 2152 sit,
1688 2089 1720 2144 et
1742 2082 1849 2144 omnia
1868 2083 1989 2158 ubique
2012 2084 2128 2145 deren-

1376 2181 1425 2237 ter
1447 2175 1513 2235 suis
1536 2175 1611 2237 loeis
1627 2176 1812 2254 composite,
1837 2193 1871 2238 ac
1886 2177 2077 2254 praesertim
2096 2179 2125 2238 in

1375 2269 1424 2340 iis,
1450 2285 1530 2346 quae
1560 2269 1596 2330 ab
1620 2271 1762 2332 externis
1792 2271 1893 2332 rideri
1918 2271 2034 2332 solent.
2066 2271 2126 2334 No-

1376 2364 1478 2426 ctibus
1505 2363 1639 2440 singulis
1669 2371 1775 2442 portas
1805 2366 1993 2428 monasterii
2019 2366 2128 2428 videat

1375 2474 1414 2518 an
1437 2458 1519 2519 bene
1541 2459 1665 2520 clausae
1687 2458 1760 2528 sint,
1786 2465 1818 2520 et
1839 2459 1934 2521 cellas
1955 2461 2126 2522 monacbo-

1376 2567 1447 2613 rum
1465 2553 1584 2624 visitet,
1602 2569 1643 2612 ne
1665 2553 1736 2628 quis
1760 2560 1850 2613 extra
1866 2553 2050 2616 cubiculum
2074 2569 2125 2614 va-

1376 2654 1482 2723 getur.
1497 2645 1654 2708 Obserret
1666 2647 1761 2708 etiam
1773 2647 1899 2718 crebro,
1914 2663 1992 2708 num
2005 2649 2124 2725 aliquid

1376 2742 1458 2802 desit
1470 2757 1509 2802 cx
1526 2742 1713 2802 necessariis
1729 2749 1783 2803 aut
1794 2741 1935 2826 abundet
1947 2744 2122 2804 monacbis.

1375 2834 1563 2911 Eorumque
1579 2851 1688 2896 euram
1704 2835 1907 2913 potissimum
1930 2835 2055 2908 babeat,
2070 2839 2122 2913 qui

1375 2929 1408 2990 in
1430 2929 1573 3007 corporis
1597 2929 1671 2990 curt
1694 2929 1853 2990 minorem
1871 2930 1910 2990 de
1926 2947 1960 2990 se
1979 2931 2055 3008 ipsis
2077 2947 2124 2990 so-

1375 3023 1574 3084 licitudinem
1593 3028 1721 3098 gerunt,
1736 3024 1958 3100 rationemque
1975 3025 2124 3086 derebus

1376 3117 1525 3178 orrrnibus
1550 3117 1746 3188 monasterii,
1762 3132 1839 3192 quas
1855 3117 1973 3179 viderit
1985 3125 2040 3180 aut
2053 3135 2124 3179 exe-

1375 3217 1467 3272 cutus
1490 3210 1599 3276 fuerit,
1624 3209 1737 3280 abbati,
1762 3211 1888 3286 quoties
1912 3226 1990 3288 opus
2016 3211 2122 3284 fuerit,

1375 3305 1487 3366 reddat
1510 3312 1541 3366 ot
1563 3304 1692 3365 referat.
1725 3303 1924 3380 Redigatque
1946 3304 1979 3364 in
2003 3321 2124 3365 meme-

1375 3398 1466 3470 riam,
1491 3413 1571 3476 quee
1595 3397 1772 3458 necessaria
1794 3399 1989 3458 monasterio
2009 3399 2124 3460 iudica-

1376 3492 1431 3564 bit,
1457 3499 1491 3552 ut
1513 3493 1552 3553 rle
1582 3491 1727 3553 emendis
1756 3491 1854 3552 rebus
1883 3491 1919 3553 ad
1949 3492 2070 3553 victum
2095 3500 2126 3554 et

1375 3586 1529 3648 vestitum
1545 3585 1743 3656 necessariis,
1759 3592 1791 3646 et
1802 3585 1938 3646 fratrum
1956 3585 2058 3648 nimio
2074 3595 2125 3648 aul

1376 3681 1494 3756 exiguo
1516 3679 1636 3750 labore,
1661 3679 1700 3740 de
1722 3679 1855 3740 sanitate
1879 3685 1911 3740 et
1931 3679 2104 3742 similibus.

1414 3791 1444 3834 r.
1469 3773 1561 3834 Horis
1585 3773 1733 3834 omnibus
1756 3772 1873 3834 divinis
1903 3775 2072 3836 nocturnis
2094 3783 2125 3836 et

1375 3867 1499 3929 diurnis
1514 3874 1608 3943 atque
1624 3882 1730 3928 sacrae
1746 3866 1895 3944 liturgiae
1912 3869 2124 3947 personaliter

1375 3963 1513 4034 intersit,
1538 3969 1569 4023 et
1592 3961 1743 4023 observet
1764 3977 1802 4022 an
1826 3978 1938 4023 omnes
1961 3963 2077 4035 adsint,
2095 3969 2125 4023 et

1375 4073 1413 4116 an
1429 4056 1480 4117 die
1495 4061 1613 4117 statuto
1629 4056 1665 4116 ad
1682 4055 1917 4117 confessionem
1935 4062 1967 4117 et
1981 4073 2124 4118 commu-

1376 4151 1505 4212 nionem
1535 4151 1693 4223 accedant,
1718 4157 1771 4212 aut
1793 4151 1921 4212 missam
1945 4151 2122 4214 celebrent.

1374 4245 1453 4307 ltem
1478 4251 1567 4306 notet
1585 4262 1624 4305 an
1639 4245 1821 4306 constitutis
1838 4245 1925 4306 boris
1942 4245 1973 4306 in
1989 4247 2124 4307 referto-

1375 4339 1423 4400 ri0
1450 4338 1659 4410 conveniant,
1692 4345 1745 4400 aut
1767 4355 1783 4398 e
1807 4339 2003 4401 monasterio
2035 4355 2124 4416 egre-

1375 4433 1513 4504 diantur,
1537 4433 1605 4494 sire
1627 4433 1663 4494 ad
1687 4431 1765 4493 illud
1789 4433 2029 4508 regrediantur,
2054 4450 2091 4494 an
2107 4451 2123 4492 e

1375 4526 1457 4589 lecto
1480 4533 1624 4603 surgant,
1638 4535 1692 4588 aut
1707 4525 1849 4586 cubitum
1874 4533 1957 4588 eartt.
1975 4525 2124 4588 Defectus

1375 4621 1514 4696 denique
1545 4635 1675 4691 omncs,
1704 4619 1730 4679 si
1759 4635 1839 4696 quos
1866 4619 1898 4680 in
1928 4621 2124 4682 monasterio

1374 4711 1654 4782 animadverterit,
1686 4713 1737 4774 rel
1760 4713 1889 4774 aliunde
1911 4714 2119 4784 intellexerit,

1375 4815 1406 4869 et
1427 4821 1650 4884 quaecumque
1679 4806 1736 4867 alia
1759 4807 1795 4868 ad
1819 4807 1934 4868 bonam
1965 4808 2122 4883 guberna-

1374 4901 1495 4962 tionem
1518 4900 1578 4961 sibi
1602 4899 1813 4972 occurrerint,
1838 4900 1941 4962 abbati
1964 4901 2094 4962 referat.

1414 5013 1455 5054 r1.
1481 4993 1622 5070 Singulis
1638 4993 1847 5054 hebdomadis
1863 4994 2008 5072 disponat
2026 4993 2120 5056 officia

1374 5089 1571 5160 monasterii,
1591 5087 1777 5164 tabulasque
1793 5089 1947 5149 conficiat.
1966 5089 2120 5149 Ministro-

1374 5197 1446 5241 rmn
1469 5181 1557 5242 ebori
1582 5187 1613 5242 et
1636 5179 1802 5252 ecclesiae,
1828 5181 1987 5258 horasque
2016 5182 2120 5242 missa-

1374 5291 1446 5336 rum
1479 5275 1565 5336 inter
1596 5275 1776 5336 sacerdotes
1806 5275 1992 5348 distribuam
2028 5290 2116 5353 quam

1374 5369 1504 5448 quidem
1528 5368 1679 5440 tabulam,
1709 5367 1746 5428 ab
1769 5367 1881 5430 abbate
1906 5369 2116 5446 approbatam,

1373 5465 1406 5526 in
1429 5465 1498 5526 loco
1520 5462 1638 5542 patenti
1666 5471 1815 5540 exponat,
1840 5469 1872 5523 et
1892 5463 1925 5522 ln
1953 5460 2117 5524 refectorio

1374 5557 1543 5634 legendam
1560 5563 1662 5618 curet.
1680 5555 1748 5633 lpse
1767 5571 1846 5617 vero
1869 5557 1928 5618 sibl
1952 5557 2117 5618 bebdoma-

1374 5653 1444 5712 dam
1469 5659 1531 5712 tam
1555 5651 1586 5712 ln
1607 5650 1705 5711 ebore
1723 5665 1815 5726 quam
1841 5651 1873 5712 in
1890 5652 1994 5712 missis
2011 5665 2116 5712 carren-

1374 5745 1432 5814 dis,
1457 5745 1538 5807 sicut
1560 5751 1592 5804 et
1614 5741 1747 5820 reliquis
1771 5743 1933 5816 fratribus,
1952 5745 2078 5806 tribuat.
