4822 6986
358 512 411 568 aa.
427 517 457 568 c.
479 517 547 568 rato
597 513 656 581 aaa

392 2545 535 2590 Exordium,

392 3955 521 3997 necatarum
544 3953 569 3995 ιι
628 3941 697 4017 §2
721 3941 848 4003 Dudum
870 3942 1030 4019 siquidem
1046 3942 1264 4022 provisionem
1287 3959 1335 4004 ec·

357 4005 524 4052 conditiones.

580 651 721 715 tionibus
734 659 766 716 et
782 653 1047 727 ordinationibus,
1062 653 1245 730 ceterisque
1255 667 1327 714 eon-

582 747 687 808 trariis
710 747 978 826 quibuscumque.

620 841 734 902 Datum
756 841 873 903 Romae
895 842 977 920 apud
1001 841 1031 904 S.
1057 842 1188 906 Petrum
1204 839 1334 902 suban·

580 933 659 996 nulo
680 933 846 995 Piscatoris
868 933 919 996 die
945 952 988 996 ιιι.
1016 935 1090 997 maii
1118 950 1327 1004 xneeexem,

580 1027 781 1104 pontificatus
808 1027 908 1089 nostri
931 1044 1014 1090 anno
1036 1045 1101 1090 xvr.

995 1191 1076 1198 ..ρ’-

883 1312 1028 1378 cclxx.

581 1497 667 1560 Nouo
689 1499 867 1564 vicariatum
889 1519 939 1582 ap.
967 1502 1052 1568 inter
1075 1501 1208 1582 populos
1228 1499 1331 1564 Gallas

622 1593 657 1654 ia
679 1593 795 1674 Africa
822 1603 923 1658 erecto
954 1593 1157 1658 Guiltolmum
1188 1593 1331 1657 Messala

624 1685 682 1766 Ep.
710 1685 905 1750 casalensem
924 1689 1081 1770 praeficit.

583 1871 701 1939 Dilecto
723 1873 788 1939 tilio
810 1873 964 1942 duitlalmo
992 1873 1129 1940 Messala
1152 1873 1331 1956 presbytero

621 1965 748 2032 fratrum
771 1965 841 2032 0rd.
874 1966 1019 2034 llinorum
1041 1967 1290 2052 cappueiuorum,

753 2113 974 2182 ettfleottttts
997 2115 1058 2181 ΡΡ.
1084 2113 1154 2184 11111.

864 2249 982 2318 ltiteete
1004 2251 1057 2330 titt,

623 2345 751 2412 aetutem
772 2350 803 2411 et
818 2345 1017 2429 apostolicam
1038 2344 1289 2412 benedictionem.

624 2537 643 2611 ἓ
666 2537 693 2598 1.
718 2535 920 2616 apostolatus
944 2537 1094 2608 odicium,
1113 2536 1236 2598 meritis
1259 2536 1334 2598 lieet

584 2630 771 2708 imparibus,
789 2631 880 2693 nobis
897 2649 936 2694 ex
952 2632 1016 2694 alto
1031 2631 1251 2704 commissum,
1269 2646 1332 2706 quo

585 2723 792 2786 ecelesiarum
810 2725 955 2786 omnium
975 2725 1128 2802 regimini
1144 2725 1251 2786 divina
1272 2725 1333 2785 dis-

585 2817 744 2894 positione
773 2820 1011 2896 praesidemus,
1042 2819 1166 2882 utiliter
1196 2819 1331 2895 exequi,

585 2911 755 2974 adiuvante
771 2913 918 2984 Domino,
933 2914 1110 2992 cupientes,
1125 2912 1253 2975 solliciti
1266 2928 1334 2974 eor-

586 3004 625 3066 de
647 3004 814 3066 reddimur
829 3013 860 3067 et
874 3007 1022 3078 solertes,
1036 3013 1082 3078 ut,
1097 3023 1169 3068 eum
1183 3007 1223 3068 de
1235 3007 1334 3068 ecele-

585 3098 705 3160 siarum
724 3099 865 3177 ipsarum
888 3099 1102 3176 regiminibus
1125 3099 1231 3176 agitur
1249 3115 1334 3161 com-

586 3191 762 3264 mittendis,
777 3192 855 3254 tales
877 3193 922 3254 eis
943 3194 975 3253 in
991 3192 1136 3254 Pastores
1160 3193 1334 3270 praeficere

585 3286 781 3358 studeamus,
806 3286 861 3362 qui
884 3286 1039 3365 populum
1059 3303 1134 3348 suae
1157 3301 1251 3348 curae
1267 3301 1320 3348 ere

587 3377 688 3440 ditum
718 3379 818 3440 sciant
845 3395 910 3441 non
932 3375 1038 3441 solum
1064 3379 1207 3441 doctrina
1228 3378 1318 3440 verbi

586 3471 753 3534 sedetiam
770 3471 920 3550 exemplo
937 3471 1011 3534 boni
1029 3472 1133 3550 operis
1144 3471 1320 3534 informare

587 3565 837 3643 commissasque
864 3565 924 3628 sibi
946 3565 1093 3628 ecelesias
1117 3566 1148 3627 in
1177 3572 1261 3628 statu
1284 3583 1334 3646 pa-

587 3661 676 3722 eideo
699 3665 731 3722 et
752 3660 928 3738 tranquillo
949 3661 1052 3724 velint
1075 3667 1107 3722 et
1127 3661 1265 3732 valeant,
1282 3677 1334 3724 au-

587 3761 675 3817 ctore
697 3754 845 3826 Domino,
873 3754 1045 3816 salubriter
1074 3770 1191 3832 regere
1214 3765 1245 3817 et
1267 3755 1335 3817 ieli-

587 3849 666 3911 eiter
689 3847 881 3924 gubernare.

589 4035 759 4098 etesiarum
772 4035 918 4098 omnium
934 4053 1020 4098 nune
1034 4037 1226 4108 vacantium,
1241 4051 1336 4114 quae-

589 4143 653 4206 que
674 4130 708 4192 in
736 4137 903 4209 posterum
933 4137 1117 4204 vacaturae,
1143 4130 1335 4193 ordinationi

589 4241 623 4285 ae
635 4223 810 4302 provisioni
822 4231 950 4287 nostrae
963 4227 1213 4298 reservavimus,
1228 4225 1337 4287 decer-

589 4323 704 4379 nentes
726 4333 766 4379 ex
788 4324 865 4380 tunc
885 4318 1015 4380 irritum
1033 4325 1066 4380 et
1080 4321 1184 4388 inane,
1203 4319 1229 4379 si
1244 4335 1336 4380 secus

589 4427 687 4490 super
716 4411 765 4473 bis
794 4429 810 4473 a
831 4427 993 4490 quoquam
1017 4413 1128 4490 quavis
1150 4412 1337 4475 auctoritate

589 4505 730 4567 scienter
758 4505 811 4568 vel
832 4505 1021 4584 ignoranter
1043 4507 1217 4584 eontigerit
1237 4513 1337 4568 atten-

589 4598 660 4660 tari.
683 4598 892 4662 Postmodum
907 4615 998 4674 vero,
1016 4600 1186 4679 episcopali
1206 4599 1337 4662 ecelesia

589 4689 763 4764 Cassiensi,
801 4708 881 4771 quae
913 4694 945 4756 in
982 4693 1124 4772 partibus
1156 4693 1336 4756 infidelium

590 4786 710 4860 existit,
737 4787 874 4850 Pastoris
896 4788 1009 4850 solatio
1032 4788 1192 4860 destituta,
1220 4802 1278 4849 nos
1300 4787 1337 4849 ad

591 4881 734 4944 eiusdem
757 4881 919 4954 ecelesiae,
935 4882 973 4944 de
997 4882 1087 4943 euius
1110 4883 1273 4944 vacatione
1289 4897 1338 4942 re-

591 4973 672 5036 latus
701 4975 763 5037 fide
790 4975 878 5052 digni
908 4991 964 5036 nos
990 4975 1139 5038 lecerunt
1163 4977 1335 5046 certiores,

591 5068 809 5146 provisionem
835 5069 975 5130 celerem
1002 5075 1096 5147 atque
1126 5069 1274 5142 lelieem‚
1305 5069 1338 5130 in

592 5175 652 5238 qua
673 5177 770 5222 nemo
792 5167 919 5239 praeter
941 5177 1000 5223 nos
1023 5178 1057 5223 se
1081 5163 1184 5240 potuit
1198 5179 1254 5223 seu
1271 5167 1338 5240 pot-

591 5253 653 5316 erit
671 5255 900 5328 intromittere,
918 5255 1139 5317 reservatione
1159 5271 1193 5316 ac
1208 5256 1338 5318 decreto

592 5347 821 5410 obsistentibus
848 5349 1054 5427 supradietis,
1079 5365 1120 5411 ne
1141 5349 1194 5411 illa
1223 5349 1338 5426 longae

591 5441 763 5504 vacationis
776 5448 956 5520 exponatur
967 5443 1191 5516 incommodis,
1205 5449 1338 5522 paterno

591 5553 625 5598 ac
652 5535 788 5598 sollicito
816 5536 923 5598 studio
952 5535 1168 5608 intendentes,
1194 5543 1265 5614 post
1287 5537 1339 5599 de-

591 5629 834 5702 liberationem,
862 5645 957 5706 quam
985 5631 1024 5692 de
1050 5630 1264 5708 praeficiendo
1297 5631 1339 5692 ei-

592 5725 666 5786 dem
695 5724 847 5788 ecelesiae
876 5739 1046 5802 personam
1074 5724 1188 5786 utilem
1211 5741 1245 5786 ae
1275 5725 1340 5786 iru-

592 5825 735 5880 etuosam
750 5835 823 5881 cum
839 5833 938 5880 venn.
956 5818 1046 5880 iratr.
1064 5819 1182 5880 nostris
1199 5817 1230 5880 S.
1248 5817 1283 5880 tt.
1302 5817 1338 5880 E.

593 5909 812 5976 Cardiaaltbus
839 5913 1062 5992 Propagaudae
1091 5912 1180 5976 Fidei
1209 5927 1341 5992 praepo-

1099 533 1165 581 tun.
1189 533 1280 580 PONT.
1305 527 1345 576 btt
1367 529 1396 577 P.
1421 531 1450 577 tt.
1475 533 1559 578 PARS
1580 533 1602 578 1.

1383 650 1452 712 sitis
1475 651 1645 714 babuimus
1668 651 1869 730 diligentem,
1887 655 2018 716 demum
2037 655 2076 718 ad
2092 661 2135 725 te,

1385 743 1439 822 qui
1462 759 1502 804 ex
1524 744 1685 821 legittimo
1706 748 1911 809 matrimonio
1935 753 2136 826 procreatus,

1385 844 1417 898 et
1438 837 1471 899 in
1493 845 1595 900 aetate
1617 839 1775 917 legittima
1797 841 1988 904 constitutus
2010 841 2137 913 existis,

1385 932 1424 993 de
1438 932 1536 994 ‘euius
1559 949 1686 996 morum
1714 935 1911 1012 integritate,
1935 935 2083 998 doctrina
2106 954 2140 999 ae

1386 1026 1555 1103 prudentia
1578 1033 1610 1089 et
1631 1027 1822 1091 christianae
1844 1029 2011 1107 religionis
2036 1037 2071 1093 et
2092 1048 2140 1092 ea-

1386 1119 1522 1182 tbolioae
1552 1119 1626 1183 ildei
1648 1122 1719 1184 zelo
1746 1121 1808 1185 dde
1830 1123 1926 1201 digna
1954 1125 2140 1204 accepimus

1386 1213 1580 1286 testimonia,
1596 1215 1705 1277 oculos
1727 1217 1845 1280 urentis
1867 1225 1995 1280 nostrae
2017 1220 2141 1282 direxi-

1387 1321 1470 1368 mus.
1491 1305 1612 1380 Quibus
1635 1308 1784 1371 omnibus
1806 1317 1932 1373 mature
1955 1313 2139 1392 perpensis,

1387 1405 1419 1460 te
1445 1417 1460 1461 a
1490 1401 1657 1478 quibusvis
1687 1405 2040 1480 excommunicationis,
2070 1424 2141 1469 sus-

1388 1495 1550 1571 pensionis
1573 1503 1605 1557 et
1626 1495 1800 1568 interdicti,
1825 1499 1959 1578 aliisque
1989 1503 2141 1564 ecelesia-

1387 1589 1473 1650 sticis
1486 1591 1642 1662 censuris,
1660 1593 1829 1654 sententiis
1846 1601 1878 1655 et
1893 1596 2004 1673 poenis
2019 1597 2141 1674 queris

1388 1683 1484 1744 modo
1510 1684 1563 1745 vel
1589 1699 1792 1763 quacumque
1814 1687 1852 1750 de
1879 1705 1970 1750 causa
1999 1689 2084 1762 latis,
2114 1691 2141 1751 si

1387 1791 1465 1853 quas
1496 1777 1580 1840 torte
1609 1778 1788 1850 incurristi,
1814 1780 1910 1842 buius
1940 1789 2067 1844 tanturn
2092 1785 2141 1845 rei

1389 1869 1487 1946 gratia
1509 1871 1714 1934 absolventes
1730 1881 1762 1936 et
1775 1873 1958 1938 absolutum
1975 1877 2047 1939 lore
2066 1895 2142 1940 een-

1387 1971 1512 2036 sentes,
1545 1966 1690 2028 eamdem
1724 1967 1888 2029 ecclesiam
1922 1971 2141 2048 episcopalem

1388 2059 1589 2120 Cassiensem
1611 2060 1651 2121 de
1673 2075 1809 2138 persona
1832 2068 1895 2133 tua,
1915 2063 2006 2126 nobis
2023 2071 2057 2126 et
2074 2081 2141 2126 me·

1388 2151 1518 2214 moratis
1540 2151 1761 2216 cardinalibus
1784 2155 1823 2217 ob
1846 2161 1976 2218 tuorum
2005 2159 2142 2235 exigen-

1388 2248 1463 2308 tiam
1486 2249 1679 2310 meritorum
1702 2256 1838 2327 accepta,
1863 2251 1902 2312 de
1924 2252 2063 2314 lratrum
2089 2270 2142 2316 eo-

1388 2343 1538 2404 rumdem
1568 2341 1712 2414 consilio,
1737 2344 1924 2407 auctoritate
1953 2347 2140 2426 apostolica,

1390 2441 1503 2498 tenore
1531 2437 1750 2514 praesentium
1783 2439 2007 2516 providemus,
2042 2450 2141 2520 teque

1388 2530 1435 2593 illi
1451 2532 1484 2593 in
1497 2531 1690 2610 Episcopum
1703 2533 1905 2609 praeficimus
1918 2542 1951 2598 et
1962 2544 2139 2614 pastorem,

1389 2641 1509 2698 curam,
1520 2626 1668 2703 regimen
1678 2633 1710 2688 et
1718 2627 2027 2692 administrationem
2040 2631 2141 2710 ipsius

1390 2719 1542 2782 ecelesiae
1566 2719 1621 2781 tibi
1643 2721 1675 2782 in
1697 2721 1916 2798 spiritualibus
1933 2731 1964 2786 et
1979 2731 2143 2803 tempora-

1389 2815 1472 2876 libus
1489 2813 1632 2892 plenarie
1648 2815 1879 2877 committendo
1895 2816 1928 2878 iu
1944 2817 2000 2880 illo
2015 2819 2074 2895 qui
2091 2819 2143 2882 dat

1390 2908 1523 2986 gratiam
1547 2914 1579 2969 et
1594 2908 1731 2984 largitur
1753 2907 1834 2970 dona
1850 2909 1972 2982 confisi,
1989 2913 2079 2988 quod
2098 2913 2142 2974 di-

1389 3001 1517 3078 rigente
1542 3001 1678 3062 Domino
1699 3007 1786 3062 aetus
1814 3009 1886 3064 tuos
1910 3005 2071 3082 praedicta
2094 3023 2142 3070 ee-

1389 3095 1484 3156 clesia
1496 3093 1669 3156 Cassiensis
1682 3111 1740 3172 per
1756 3102 1827 3158 tuae
1843 3097 2142 3177 circumspectionis

1390 3187 1579 3250 industriam
1594 3195 1626 3250 et
1639 3187 1782 3250 studium
1795 3189 1919 3252 utiliter
1934 3209 1968 3254 ac
1983 3209 2142 3272 prospere

1390 3281 1547 3360 dirigatur
1569 3299 1603 3344 ae
1624 3282 1657 3344 in
1683 3283 1902 3361 spiritualibus
1923 3303 1957 3350 ae
1979 3294 2142 3366 tempora-

1390 3376 1474 3438 libus
1490 3373 1672 3438 Ortbodoxa
1688 3377 1804 3454 religio
1820 3378 2018 3442 incrementa
2040 3381 2142 3442 susei—

1391 3471 1464 3550 piat.
1486 3470 1600 3548 Iugum
1617 3471 1716 3548 igitur
1732 3471 1858 3534 Domini
1876 3473 1937 3535 tuis
1950 3475 2141 3551 impositum

1390 3565 1535 3628 humeris
1556 3571 1702 3644 prompta
1718 3566 1889 3628 devotione
1908 3569 2140 3646 complectens,

1390 3675 1499 3720 euram
1523 3665 1555 3720 et
1583 3658 1890 3720 adminisirationem
1921 3661 2078 3738 praelatas
2100 3661 2143 3722 ita

1390 3753 1518 3814 studeas
1541 3751 1680 3814 fideliter
1706 3753 1949 3831 prudenterque
1971 3771 2139 3826 exercere,

1390 3852 1427 3908 ut
1449 3845 1581 3908 ecelesia
1610 3846 1748 3924 praelata
1777 3847 1912 3924 gaudeat
1940 3863 1974 3910 se
2004 3849 2142 3926 provido

1393 3940 1601 4018 gubernatori
1630 3947 1663 4001 et
1691 3939 1856 4003 fructuoso
1888 3943 2141 4005 administratori

1392 4051 1461 4097 esse
1483 4035 1698 4107 commissam,
1722 4051 1756 4096 ae
1778 4041 1813 4097 tu
1835 4043 1963 4114 praeter
1989 4043 2141 4100 aeternae

1391 4128 1614 4191 retributionis
1638 4129 1816 4206 praemium
1845 4137 1986 4192 nostram
2010 4145 2141 4208 quoque

1393 4229 1425 4283 et
1447 4221 1537 4284 Sedis
1560 4221 1760 4300 spostolicae
1772 4223 1904 4284 uberius
1928 4223 2045 4286 exinde
2067 4239 2141 4286 eon-

1392 4316 1484 4392 sequi
1500 4315 1655 4377 merearis
1670 4315 1928 4378 benedictionem
1945 4323 1975 4378 et
1992 4317 2138 4394 gratiam.

1392 4410 1561 4471 Praeterea
1584 4409 1651 4482 tibi,
1668 4415 1705 4471 ut
1719 4410 1756 4472 ad
1772 4410 1937 4472 eeclesiam
1954 4410 2138 4489 praelatam,

1392 4503 1544 4582 quamdiu
1567 4503 1605 4564 ab
1627 4503 1811 4565 infidelibus
1834 4503 2040 4577 detinebitur,
2054 4519 2140 4566 acee-

1393 4597 1470 4659 dere
1499 4603 1530 4659 et
1552 4598 1634 4676 apud
1663 4613 1733 4658 eam
1757 4598 1970 4676 personaliter
1996 4599 2139 4660 residere

1393 4691 1527 4753 minime
1550 4693 1700 4764 tenearis,
1718 4691 1798 4754 dieta
1820 4693 2006 4754 auctoritate
2028 4707 2140 4754 conee-

1394 4786 1499 4847 dimus
1515 4793 1610 4863 atque
1622 4785 1841 4862 indulgemus.
1860 4785 1928 4847 Tibi
1943 4785 2088 4864 insuper,
2106 4791 2140 4846 ut

1393 4897 1409 4940 a
1425 4895 1631 4958 quocumque
1654 4880 1807 4942 malueris
1822 4880 1978 4943 catholieo
1990 4879 2139 4942 Antistite

1394 4973 1525 5036 Sanctae
1547 4981 1674 5035 nostrae
1690 4973 1780 5036 Sedis
1803 4976 1935 5051 gratiam
1952 4981 1985 5037 et
1999 4990 2140 5036 commu·

1393 5069 1525 5131 nionem
1549 5068 1697 5142 trabeate,
1715 5069 1825 5130 adcitis
1848 5075 1880 5132 et
1894 5070 1926 5131 in
1948 5069 2008 5132 boe
2024 5069 2070 5131 illi
2090 5068 2139 5130 ad-

1393 5163 1581 5224 sistentibus
1607 5162 1732 5225 duobus
1759 5163 1827 5225 aliis
1853 5163 2034 5242 Episcopis,
2068 5162 2136 5232 vel,

1395 5261 1551 5333 quatenus
1568 5257 1602 5318 hi
1623 5257 1792 5318 commode
1814 5257 1950 5334 reperiri
1966 5262 2136 5336 nequeant,

1395 5349 1519 5412 duobus
1532 5365 1646 5414 eorum
1669 5352 1739 5413 loeo
1762 5350 1958 5428 presbyteris
1974 5347 2138 5413 saeculari-

1395 5443 1454 5505 bus
1476 5444 1528 5506 vel
1551 5445 1783 5522 cuiuscumque
1805 5441 1941 5518 Ordinis,
1959 5443 2138 5522 Congrege-

1395 5538 1490 5600 tionis
1524 5545 1556 5600 et
1586 5538 1726 5601 instituti
1757 5537 1970 5615 Regularibus
2001 5537 2138 5599 similem

1395 5633 1553 5712 praelatae
1576 5632 1672 5694 buius
1688 5631 1777 5695 Sedis
1797 5633 1930 5709 gratiam
1946 5639 1978 5695 et
1999 5647 2139 5694 eommu-

1396 5726 1525 5788 nionem
1543 5725 1745 5797 habentibus,
1762 5741 1881 5788 munus
1897 5721 2138 5788 consecrationis

1396 5819 1541 5898 recipere
1563 5819 1665 5882 libere
1687 5827 1720 5881 et
1740 5818 1826 5880 licite
1848 5819 1948 5897 possis
1970 5827 2002 5882 et
2023 5820 2134 5887 valeas,

1396 5919 1491 5991 atque
1523 5913 1628 5975 eidem
1658 5913 1816 5986 Antistiti,
1847 5919 1884 5975 ut
1911 5915 2046 5993 receptis
2072 5917 2136 5976 ate

2166 525 2214 578 aa.
2228 532 2253 582 C.
2273 533 2324 592 itte
