4822 6986
559 543 618 616 432

539 687 619 750 serit
633 687 723 766 ligno
738 693 791 750 aut
806 687 910 768 lapide
921 685 974 751 vel
991 687 1049 751 alid
1061 704 1097 751 re
1112 689 1182 751 sine
1199 686 1288 766 gravi

539 779 691 855 laesione,
706 797 764 862 per
779 797 925 845 mensem
941 782 1046 846 eidem
1063 782 1202 862 graviori
1215 799 1288 862 poe-

539 892 599 938 nae
619 875 788 940 subiaceat.

579 987 613 1032 u.
628 971 761 1049 Propter
774 987 907 1049 gravem
920 979 1028 1036 autem
1040 973 1216 1036 laesionem
1229 972 1288 1034 lra-

540 1063 597 1125 tris
612 1063 664 1127 vel
680 1066 836 1138 extranei,
850 1066 919 1129 sive
935 1083 1032 1129 manu
1054 1067 1122 1128 sive
1138 1081 1288 1144 quacum-

539 1171 601 1234 que
628 1157 686 1219 alia
712 1159 934 1237 repercussio
965 1159 1074 1231 luerit,
1099 1159 1151 1222 vel
1180 1159 1287 1222 levem

539 1251 632 1312 etiam
657 1251 832 1314 laesionem
846 1253 1006 1332 superiori
1022 1253 1146 1326 tactam,
1160 1269 1288 1332 percus-

511 1409 515 1427 ἲ
538 1360 592 1406 sor
613 1361 750 1425 poenam
774 1347 980 1424 gravissimae
1002 1349 1113 1428 culpae
1128 1363 1186 1426 per
1208 1348 1287 1411 duos

349 3991 442 4038 Contra
466 4003 521 4050 pro·

309 4045 451 4104 prietarlos.

539 1452 668 1500 menses
699 1440 864 1514 sustineat,
895 1448 927 1503 et
958 1442 1094 1518 utraque
1123 1457 1201 1504 voce
1230 1457 1288 1520 per

538 1531 716 1595 triennium
738 1541 859 1608 careat,
883 1553 899 1596 a
920 1535 988 1597 solo
1010 1535 1122 1598 abbate
1144 1535 1287 1614 generali

538 1625 766 1690 absolvendus.

578 1734 627 1780 111.
652 1718 685 1781 Si
706 1721 826 1784 vulnus
855 1722 974 1784 lethale
995 1723 1170 1794 inseratur,
1199 1739 1286 1785 nrors

539 1817 646 1876 tamen
679 1831 744 1876 non
772 1807 942 1893 sequatur,
974 1817 1120 1879 eamdem
1150 1831 1286 1896 poenam

539 1907 746 1984 gravissimae
761 1907 873 1988 culpae
885 1925 942 1988 per
954 1925 1011 1971 sex
1023 1925 1152 1972 menses
1167 1910 1286 1986 absque

537 2000 604 2063 ulld
626 2002 865 2081 dispensatione
886 2003 1042 2066 sustineat
1063 2012 1095 2066 et
1116 2020 1174 2082 per
1195 2003 1287 2082 quin·

538 2095 719 2170 quennium
748 2110 827 2158 voce
857 2103 976 2170 careat3
999 2097 1025 2158 si
1047 2103 1155 2160 autem
1177 2097 1286 2177 (quod

538 2186 623 2250 Deus
644 2187 787 2269 avertat)
808 2205 910 2268 usque
935 2190 972 2251 ad
1002 2190 1210 2252 homicidium
1233 2191 1287 2253 ali·

538 2283 610 2358 quis
633 2281 868 2361 prolaberetur,
885 2283 956 2346 talis
979 2283 1110 2346 omnino
1132 2283 1201 2346 sine
1222 2283 1288 2346 ulla

538 2375 773 2455 dispensatione
788 2377 940 2455 puniatur
955 2377 1066 2455 poenis
1082 2377 1288 2454 gravissimae

538 2469 650 2549 culpae
678 2487 737 2550 per
766 2470 959 2534 decennium
988 2477 1021 2533 et
1049 2471 1186 2549 utroque
1208 2487 1288 2534 voco

538 2571 696 2644 perpetuo
719 2571 834 2628 careat.

579 2674 622 2719 iv.
647 2658 783 2721 'lantum
805 2673 884 2722 vero
906 2657 1074 2736 praedictis
1103 2661 1215 2738 poenis
1237 2661 1288 2723 ad·

539 2754 642 2825 datur,
666 2759 822 2830 quantum
837 2751 942 2814 abbati
957 2752 996 2814 de
1010 2753 1144 2814 consilio
1159 2759 1287 2832 patrum

538 2846 704 2910 seniorum
726 2846 833 2908 visum
855 2845 953 2908 luerit
975 2846 1145 2924 expedire,
1169 2849 1288 2909 attenti

538 2941 691 3018 qualitate
702 2955 858 3018 personae
870 2939 1090 3018 percutientis,
1104 2955 1285 3018 percussae,

539 3034 756 3113 percussionis
778 3041 811 3096 et
831 3032 969 3095 scandali
991 3033 1224 3111 magnitudine.

578 3146 608 3190 v.
632 3127 854 3206 Frequentans
877 3127 938 3190 hoc
958 3127 1075 3190 vitium
1105 3129 1200 3190 etiam
1223 3129 1287 3190 levi

539 3224 757 3304 percussione,
774 3224 810 3286 ad
826 3223 954 3286 nullum
977 3223 1116 3286 officium
1137 3223 1287 3301 eligibilis

538 3327 718 3382 censeatur.

579 3429 622 3474 vr.
639 3412 849 3474 Percussores
862 3411 1080 3490 superiorum,
1095 3417 1222 3491 praeter
1234 3427 1287 3474 ex·

540 3521 665 3585 pressas
682 3521 809 3585 poenas,
822 3522 902 3568 voce
917 3507 1054 3583 utraque
1070 3512 1229 3584 perpetuo
1240 3523 1287 3568 ca·

539 3607 631 3662 reant
652 3616 726 3663 cum
742 3600 808 3662 suis
824 3599 1034 3678 complicibus
1050 3607 1081 3662 et
1096 3599 1284 3662 fautoribus.

636 3787 719 3851 Car.
742 3787 794 3850 lll.
817 3819 855 3834 -
878 3786 922 3849 De
940 3787 1177 3868 proprietariis.

581 3994 603 4040 r.
626 3976 684 4052 Qui
706 3977 824 4049 cibum,
841 3981 953 4056 potum
969 3981 1023 4038 aut
1043 3974 1102 4038 alia
1116 3977 1206 4054 parvi
1222 3993 1288 4041 mo·

541 4071 642 4136 menti
664 4071 732 4134 sine
762 4071 890 4134 licentii
911 4069 1086 4148 superioris
1115 4073 1286 4150 receperit,

541 4166 643 4247 primi
657 4165 727 4227 vice
742 4164 905 4228 caritative
928 4170 1098 4227 moneatur
1112 4181 1128 4226 a
1143 4167 1288 4244 superio-

540 4276 595 4337 re;
619 4275 677 4338 pro
698 4258 837 4322 secunda
860 4257 988 4336 gravius
1017 4258 1285 4336 reprebendatur,

542 4355 692 4432 deinceps
704 4368 783 4415 vero
796 4351 898 4432 poerit
911 4351 1051 4430 graviori
1067 4352 1218 4430 puniatur
1230 4369 1287 4432 pro

540 4447 673 4514 arbitrio
694 4446 826 4509 abbatis.

580 4559 615 4604 11.
640 4539 672 4604 Si
693 4540 862 4620 pecuniam
884 4545 938 4602 aut
963 4540 1101 4618 aliquam
1124 4558 1194 4604 rem
1224 4559 1289 4608 ma-

541 4637 596 4714 gni
617 4635 775 4700 momenti
796 4635 866 4698 sine
894 4635 1021 4698 licentii
1043 4653 1059 4697 a
1081 4651 1288 4716 quocumque

540 4729 754 4794 babueritvel
776 4729 975 4802 alienaverit,
993 4745 1058 4792 non
1074 4730 1170 4794 debet
1184 4749 1200 4794 a
1215 4749 1288 4794 con·

540 4823 672 4886 tessario
694 4822 827 4895 absolvi,
844 4821 905 4884 nisi
921 4822 1009 4901 prius
1031 4823 1099 4901 ipse
1119 4825 1288 4903 poenitens

539 4917 620 4980 illud
648 4916 808 4996 superiori
837 4917 1108 4995 praesentaverit,
1134 4925 1187 4980 aut
1215 4919 1289 4981 alie·

438 5004 441 5010 ’
539 5016 662 5084 natum,
686 5010 712 5070 si
734 5009 886 5090 possibile
908 5009 1016 5082 fuerit,
1034 5011 1286 5090 recuperaverit.

539 5104 672 5177 Deinde,
686 5105 712 5166 si
723 5109 888 5183 peccatum
904 5103 1108 5184 proprietatis
1123 5105 1288 5184 publicum

539 5197 649 5271 luerit,
673 5204 754 5262 auta
770 5197 938 5276 superiore
960 5213 1018 5276 per
1040 5197 1154 5260 indicia
1175 5199 1229 5262 vel
1244 5207 1289 5262 te-

538 5299 603 5355 stes
625 5292 877 5371 deprehensum,
901 5291 1143 5370 proprietarius,
1161 5300 1289 5372 praeter

539 5385 753 5464 privationem
775 5385 862 5448 vocis
885 5385 1005 5447 activae
1020 5391 1052 5448 et
1066 5386 1217 5465 passivae,
1232 5404 1290 5466 per

540 5495 686 5542 mensem
716 5477 872 5556 gravioris
898 5479 1010 5558 culpae
1039 5496 1174 5558 poenam
1204 5481 1287 5556 luat,

540 5589 621 5652 quae
642 5574 754 5651 augeri
777 5580 809 5637 et
834 5575 937 5638 minui
965 5575 1085 5655 poterit
1105 5577 1193 5638 iuxta
1215 5590 1290 5653 qua-

539 5667 662 5730 litatem
691 5667 799 5731 delicti
826 5676 858 5732 et
883 5670 1094 5746 quantitatem
1124 5671 1287 5734 materiae.

539 5762 641 5824 Debet
655 5768 762 5826 autem
778 5779 794 5824 a
810 5763 1062 5842 congregatione
1078 5764 1222 5841 generali
1237 5765 1290 5828 de-

540 5855 706 5918 terminari
735 5857 895 5934 quantitas
922 5857 1075 5920 materiae
1103 5857 1290 5920 sufficientis

539 5950 577 6012 ad
600 5951 725 6032 culpam
749 5966 880 6029 gravem
907 5951 1129 6030 proprietatis,
1154 5959 1189 6013 ut
1211 5952 1291 6015 dica-

1058 564 1123 615 tuit.
1148 565 1241 615 PON'l'.
1264 565 1305 614 ult
1326 565 1357 614 P.
1380 567 1411 614 F.
1435 567 1519 614 PARS
1540 568 1562 615 1.

1346 693 1399 750 tur
1411 703 1463 752 res
1479 688 1587 767 magni
1600 687 1757 752 momenti
1772 703 1854 766 quae
1869 687 2023 766 recipitur
2040 685 2094 749 rel

1345 782 1503 846 alienatur
1533 790 1565 846 et
1586 789 1718 863 propter
1744 798 1840 860 quam
1862 781 2040 846 incurritur
2061 780 2095 844 iu

1345 893 1453 940 casum
1475 883 1678 940 reservatum
1701 883 1733 940 et
1753 878 1787 939 in
1813 893 1948 956 poenam
1971 874 2095 954 grauio-

1344 987 1426 1044 rem,
1450 977 1546 1050 atque
1568 971 1680 1034 eadem
1703 971 1871 1034 notificari.

1385 1082 1432 1128 111.
1458 1063 1490 1128 Si
1512 1071 1744 1144 postmortem
1767 1064 1998 1144 proprietarius
2023 1065 2094 1142 quis

1344 1159 1497 1222 inventus
1518 1159 1617 1222 luerit
1638 1159 1706 1221 sive
1729 1159 1875 1222 subditus
1897 1160 1965 1221 sive
1987 1158 2092 1229 abbas,

1345 1269 1403 1316 nee
1419 1253 1452 1315 in
1467 1253 1653 1316 infirmitate
1675 1259 1838 1332 peccatum
1854 1267 1949 1316 suum
1972 1252 2094 1314 contes-

1344 1363 1398 1409 sus
1420 1346 1529 1419 luerit,
1547 1347 1651 1424 deque
1667 1361 1706 1410 eo
1728 1346 1879 1420 doluerit,
1902 1345 2093 1408 sacrificium

1344 1446 1398 1504 aut
1418 1440 1525 1518 aliqud
1548 1439 1687 1504 officium
1706 1457 1764 1519 pro
1782 1440 1881 1520 ipsius
1903 1439 2006 1502 animd
2029 1455 2093 1501 non

1344 1536 1400 1598 liet
1425 1540 1458 1596 ct
1488 1534 1653 1613 sepulturi
1686 1534 1895 1598 ecelesiastica
1927 1534 2092 1612 privetur;

1343 1627 1441 1704 idque
1462 1643 1535 1690 cum
1551 1627 1684 1690 consilio
1700 1633 1826 1706 patrum
1842 1626 2019 1698 seniorum,
2033 1625 2094 1688 nisi

1345 1719 1452 1782 forsan
1465 1735 1505 1781 ex
1521 1719 1574 1782 tali
1597 1721 1698 1799 poeni
1721 1720 1904 1783 scandalum
1927 1717 2094 1782 saeculari-

1344 1813 1403 1875 bus
1425 1819 1648 1890 generaretur.
2018 1813 2021 1820 ’

1384 1923 1427 1968 iv.
1452 1905 1671 1986 Surripientes
1693 1907 1813 1986 aliquid
1838 1914 1902 1970 tam
1924 1923 1964 1970 ex
1987 1922 2094 1970 mona·

1344 2001 1443 2063 sterio
1465 2017 1559 2079 quam
1583 2017 1623 2064 ex
1645 2001 1724 2064 celle
1747 2002 1898 2074 fratrum,
1922 2007 1954 2064 et
1975 2001 2013 2064 ab
2040 2017 2093 2063 ex-

1343 2095 1456 2168 ternis,
1480 2102 1610 2174 praeter¹
1621 2095 1795 2168 infamiam,
1820 2080 1978 2176 duplicati
1992 2096 2093 2174 poeni

1344 2189 1632 2270 proprietariorum
1654 2189 1840 2270 puniantur.

1385 2301 1414 2346 v.
1438 2283 1496 2358 Qui
1519 2299 1584 2346 non
1606 2284 1730 2346 revelat
1750 2283 1911 2362 pecunias,
1936 2289 1990 2346 aut
2011 2283 2093 2344 bona

1344 2376 1473 2440 mobilia
1495 2393 1552 2440 sen
1574 2376 1750 2440 immobilia
1772 2377 1922 2454 acquisita
1944 2393 1960 2438 a
1982 2393 2017 2438 se
2039 2377 2092 2438 vel

1344 2471 1382 2534 ab
1404 2471 1472 2534 aliis
1494 2471 1658 2544 tratribus,
1682 2471 1768 2534 inter
1793 2471 2021 2551 proprietarios
2042 2487 2093 2534 re·

1344 2572 1495 2628 censetur
1524 2572 1555 2628 et
1583 2567 1685 2644 poeni
1714 2565 2000 2644 proprietariorum
2027 2565 2093 2644 ple·

1344 2665 1460 2722 otetur.
1494 2659 1646 2722 Eamdem
1677 2660 1801 2738 culpam
1829 2666 1860 2722 et
1888 2675 2024 2739 poenam
2045 2659 2092 2722 in-

1343 2759 1454 2816 curret
1474 2753 1580 2826 abbas,
1597 2753 1650 2830 qui
1667 2752 1749 2816 bona
1771 2751 1958 2815 monasterii
1972 2753 2005 2815 in
2021 2753 2093 2815 loco

1343 2846 1528 2910 abscondito
1544 2847 1643 2926 ponit,
1661 2845 1730 2908 sine
1742 2847 1881 2910 duorum
1903 2846 2017 2909 saltem
2033 2847 2093 2909 ira·

1345 2946 1431 3003 trum
1454 2941 1576 3004 notitia.

1483 3087 1563 3152 Gar.
1587 3087 1625 3150 X.
1649 3119 1687 3132 -
1710 3086 1754 3150 Dc
1776 3087 1943 3168 oportatis.

1384 3238 1406 3283 1.
1430 3219 1602 3284 Monachus
1618 3221 1826 3300 quicumque,
1843 3223 1869 3284 si
1885 3229 1957 3302 post
1971 3223 2092 3302 proies·
2110 3243 2252 3342 qt&psaesens
2271 3251 2316 3296 apt-

1343 3313 1469 3376 sionem
1490 3315 1635 3378 habitum
1650 3322 1766 3396 sponte
1788 3315 1956 3386 dimiserit,
1973 3323 2028 3380 aut
2042 3335 2093 3382 re-

1343 3414 1433 3470 teuto
1462 3408 1588 3482 babitu,
1617 3409 1673 3472 sed
1700 3410 1882 3472 inconsulto
1910 3411 2090 3490 superiore,

1343 3503 1574 3566 monasterium
1597 3503 1789 3575 deseruerit,
1814 3521 1887 3566 oum
1909 3506 2023 3583 magud
2045 3523 2092 3567 ca-

1343 3596 1436 3659 ritate
1452 3603 1485 3658 et
1499 3596 1668 3675 prudentii
1680 3613 1697 3659 a
1711 3597 1880 3675 superiore
1895 3599 2089 3676 requiratur,

1343 3690 1399 3768 qui
1420 3690 1556 3769 proinde
1578 3705 1635 3769 per
1657 3707 1691 3752 se
1713 3690 1766 3752 vel
1789 3707 1847 3770 per
1861 3691 1938 3754 alios
1961 3707 2091 3754 omnem

1344 3799 1474 3863 operam
1495 3783 1670 3863 impendat,
1694 3791 1731 3848 ut
1752 3800 1847 3848 ovem
1870 3794 2032 3848 errantem
2054 3787 2092 3850 ad

1344 3879 1429 3942 ovile
1451 3879 1690 3958 quamprimum
1719 3880 1861 3942 reducat.
1890 3879 2091 3944 Redeuntem

1343 3973 1527 4036 cumomni
1553 3973 1682 4036 caritate
1711 3980 1742 4036 et
1764 3973 1886 4052 paterni
1913 3975 2031 4038 amoris
2052 3975 2093 4038 si-

1344 4067 1546 4144 gnificatione
1559 4068 1708 4146 recipiat3
1732 4073 1764 4130 et
1778 4074 1950 4146 antequam
1966 4069 2003 4131 ad
2018 4087 2092 4150 poe-

1343 4178 1399 4224 nas
1415 4161 1591 4241 poenitenti
1603 4162 1816 4241 iniungendas
1828 4165 1989 4242 procedat,
2004 4182 2092 4228 eum-

1344 4256 1418 4318 dem
1447 4255 1559 4318 doceat
1586 4271 1644 4335 per
1665 4272 1700 4318 se
1727 4256 1780 4319 vel
1802 4273 1861 4335 per
1889 4258 2030 4336 aliquem
2053 4277 2092 4322 ex

1343 4350 1485 4429 patribus
1513 4349 1713 4424 senioribus,
1737 4367 1802 4414 non
1831 4367 1883 4414 eas
1910 4352 2034 4432 imponi
2055 4354 2093 4418 ad

1343 4444 1441 4523 ipsius
1464 4443 1953 4522 poenitentisdestructionem,
1977 4447 2034 4509 sed
2056 4447 2093 4508 ad

1343 4539 1595 4602 aedificationem
1617 4546 1649 4602 et
1662 4539 1811 4602 salutem.
1835 4539 1917 4604 Cum
1932 4549 2039 4606 autem
2055 4544 2094 4606 ad

1344 4633 1577 4713 suscipiendam
1594 4634 1832 4712 correptionem
1848 4635 1934 4698 illius
1949 4636 2093 4698 animum

1344 4727 1427 4789 bene
1449 4734 1673 4806 praeparatum
1695 4727 1795 4791 luisse
1817 4730 2021 4808 compererit,
2045 4747 2093 4792 se·

1344 4827 1480 4899 quentes
1501 4821 1713 4900 poenitentias
1732 4822 1837 4885 eidem
1852 4823 2000 4901 iniungat
2020 4841 2092 4888 cum

1343 4915 1476 4979 consilio
1499 4923 1626 4996 patrum
1648 4917 1832 4979 seniorum:

1385 5009 1502 5083 Primo,
1527 5011 1564 5072 ad
1586 5011 1817 5089 praelationem
1833 5028 1891 5091 per
1913 5013 2092 5091 quinquen-

1344 5103 1435 5165 nium
1457 5103 1606 5166 inbabilis
1619 5105 1672 5165 liat
1687 5110 1719 5166 et
1729 5120 1808 5168 voce
1824 5111 1892 5167 tum
1909 5108 2008 5169 active
2023 5115 2092 5170 tum

1345 5196 1467 5274 passivd
1486 5197 1644 5275 privetur,
1662 5207 1694 5260 et
1708 5198 1813 5278 primo
1835 5217 1918 5262 anno
1939 5201 2091 5264 ultimum

1345 5291 1452 5352 locum
1475 5299 1600 5368 teneat3
1624 5299 1657 5356 et
1678 5309 1735 5372 per
1757 5311 1904 5357 mensem
1925 5296 2091 5374 integrum

1345 5386 1461 5447 corona
1477 5393 1509 5448 et
1523 5387 1650 5450 cucullo
1672 5387 1828 5466 privetur,
1845 5389 1871 5451 si
1887 5390 2031 5453 habitum
2047 5393 2091 5454 di·

1346 5477 1502 5557 misisset;
1530 5497 1638 5554 secus,
1669 5481 1696 5542 si
1722 5497 1797 5544 eum
1826 5483 2025 5548 retinuisset.
2060 5483 2092 5547 Si

1345 5590 1423 5636 vero
1445 5574 1544 5638 laicus
1565 5581 1620 5637 aut
1633 5574 1768 5639 clericus
1790 5576 1824 5640 in
1845 5577 2026 5642 minoribus
2042 5595 2091 5642 or·
2155 5637 2157 5642 ,

1346 5670 1473 5732 dinibus
1495 5671 1688 5734 constitutus
1708 5678 1804 5744 esset,
1829 5687 1886 5750 per
1912 5672 2091 5752 quinquen-

1346 5763 1436 5826 nium
1458 5764 1653 5827 nevissimus
1668 5765 1786 5838 sedeat,
1805 5772 1837 5828 et
1851 5781 1931 5828 voce
1946 5767 2045 5829 activa
2061 5773 2093 5828 et

1345 5858 1468 5936 passiva
1489 5857 1647 5936 privetur,
1665 5873 1788 5937 perque
1803 5875 1950 5922 mensem
1967 5859 2091 5922 cucullo

1346 5951 1492 6030 privetur
1513 5952 1539 6014 si
1560 5951 1705 6016 habitum
1728 5953 1917 6029 dimisisset3
