4770 6982
72 579 125 627 Au.
142 578 173 628 C.
195 578 264 629 1845

900 587 1076 634 obstemus
1098 588 1149 634 ΡΡ.
1172 587 1238 633 xvt.

296 725 355 772 uus
377 706 519 780 volente,
550 706 662 770 saltem
686 721 751 768 non
772 713 985 784 repugnante,
1010 705 1043 766 in

295 801 415 879 vulgus
427 800 551 880 spergi3
568 807 664 877 atque
679 817 715 862 ea
730 800 837 862 omnia
852 799 1041 878 perpetrari,

295 913 376 975 quae
405 894 600 958 acerbissimi
633 893 812 956 schismatis
846 893 1044 956 occasionem

296 992 412 1056 allerre
435 995 579 1066 possunt.
604 988 686 1050 Haec
707 1003 787 1049 vcro
810 1003 882 1048 cum
905 987 947 1047 ita
968 984 1041 1056 sint,

295 1083 441 1150 muneris
454 1080 555 1144 nostri
574 1097 642 1142 esse
655 1081 816 1152 duximus,
833 1086 874 1152 te,
892 1096 967 1142 ven.
984 1079 1044 1140 lra-

295 1184 356 1248 ter,
382 1175 498 1238 nostris
525 1175 612 1237 hisce
641 1174 743 1235 literis
770 1173 921 1235 obtestari
949 1178 1044 1250 atque

296 1269 417 1336 bortari
432 1269 465 1331 in
477 1268 613 1330 Domino
624 1267 850 1338 venementer,
863 1273 900 1328 ut
910 1265 1044 1328 meliora

295 1364 426 1428 consilia
453 1363 594 1425 ineunda
620 1377 689 1424 esse
719 1361 889 1437 intelligas.
921 1359 1044 1422 Scimus

296 1459 438 1538 prolecto
469 1471 563 1534 quam
588 1472 685 1534 grave
707 1454 827 1516 malum
851 1455 882 1515 in
904 1453 1044 1516 Ecclesia

295 1555 336 1616 sit
357 1551 526 1613 schismata
542 1549 687 1612 excitari:
706 1549 864 1609 sentimus
881 1555 1044 1626 praeterea

295 1645 371 1726 quid
394 1645 431 1706 ad
460 1651 577 1706 tantam
606 1643 817 1706 calamitatem
845 1641 1006 1704 vitandam
1029 1659 1044 1703 a

295 1741 387 1806 uobis
410 1739 553 1816 requirat
573 1736 733 1815 pascendi,
758 1736 904 1813 regendi,
928 1735 1045 1812 guber·

295 1833 390 1896 nandi
412 1832 629 1894 universalem
642 1829 817 1891 Ecclesiam
835 1829 925 1890 nobis
941 1829 973 1890 in
989 1827 1044 1889 Pe-

297 1936 345 1990 tro
368 1927 520 2006 Apostolo
536 1945 551 1987 a
566 1925 695 1988 Christo
710 1925 847 1986 Domino
864 1923 975 1985 tradita
990 1939 1044 2000 po-

296 2029 402 2084 testes.
427 2021 536 2098 ltaque
553 2021 607 2081 tibi
624 2019 898 2089 commendamus,
912 2023 948 2078 ut
964 2017 1043 2078 lacto

296 2124 349 2178 tuo
373 2116 537 2184 ostendas,
562 2113 649 2175 illius
679 2112 898 2173 iurisiurandi
914 2111 1044 2188 religio·

295 2225 368 2270 nem
400 2215 430 2269 te
452 2223 530 2270 vere
561 2207 753 2276 formidare,
781 2205 866 2283 quod
896 2205 963 2282 ipsc
993 2206 1043 2267 die

295 2302 480 2380 episcopalis
494 2308 565 2363 tuae
581 2299 828 2362 consecrationis
841 2298 933 2359 nobis
949 2305 1043 2375 atque

293 2394 494 2474 spostolicae
517 2393 589 2456 Sedi
613 2393 769 2459 iuravisti.

332 2488 403 2549 Non
426 2487 619 2559 dubitamus,
646 2493 676 2546 te
698 2485 731 2547 in
753 2485 887 2563 personat
914 2484 1043 2546 bumili-

294 2582 364 2643 tatis
387 2588 515 2644 nostrae
537 2580 629 2643 illurn
642 2596 713 2641 esse
729 2580 975 2650 honoraturum,
990 2596 1043 2640 cu-

292 2676 341 2736 ius
357 2675 492 2752 dignitas
504 2674 536 2735 in
548 2674 682 2750 indigno
694 2672 833 2734 haerede
846 2687 910 2732 non
924 2671 1040 2733 delicit,

292 2769 394 2842 Quare
408 2775 438 2830 te
451 2769 601 2830 daturum
614 2781 743 2844 operam
757 2781 827 2826 esse
839 2763 1040 2836 confidimus,

293 2869 342 2934 ut,
373 2876 454 2939 quae
487 2861 578 2922 nobis
608 2865 775 2936 tantopere
808 2857 1042 2934 gratulantibus

293 2963 383 3017 antea
406 2955 614 3032 promiseras,
640 2971 675 3015 ea
697 2953 729 3013 in
760 2959 925 3030 posterum
954 2967 1042 3012 accu-

292 3056 359 3110 rate
375 3048 507 3126 impleas
522 3048 560 3108 iis
573 3046 762 3125 praesertim
777 3045 1040 3122 obtemperande,

293 3157 373 3218 quae
406 3141 438 3203 in
470 3141 592 3218 pluries
624 3139 784 3201 recensito
817 3140 855 3200 de
887 3137 1042 3199 vicariati-

293 3235 351 3296 bus
374 3234 552 3313 apostolicis
574 3233 728 3294 institutis
751 3233 856 3302 Brevi,
885 3231 1042 3308 editisque

293 3336 401 3407 postea
423 3329 574 3390 eumdem
598 3329 630 3388 in
652 3328 750 3388 ditem
774 3327 910 3388 decretis
927 3331 1042 3386 statute

279 3430 378 3484 sunt.

332 3517 397 3579 lloc
419 3535 434 3578 a
458 3523 487 3577 te
510 3515 719 3578 consolationi
735 3521 862 3576 nostrae
881 3515 912 3575 in
930 3513 1041 3593 primis

293 3616 522 3690 opportunum,
541 3617 573 3670 et
595 3609 751 3670 Ecclesiae
777 3609 860 3669 bono
882 3608 914 3668 iu
937 3607 1042 3684 regio·

293 3705 397 3776 nibus
423 3706 462 3766 de
485 3704 601 3780 quibus
624 3703 721 3764 locuti
744 3718 871 3774 sumus,
895 3703 1041 3779 impense

294 3801 494 3879 procurando
521 3801 555 3860 in
587 3799 636 3859 bis
669 3807 853 3876 temporum
887 3797 1041 3858 adiunctis

293 3895 470 3972 plurimum
497 3894 577 3955 utile
607 3892 828 3955 observantiae
853 3899 925 3953 tuae
956 3891 1042 3952 testi-

293 3987 438 4050 monium
469 3993 685 4066 expectantes,
717 3985 921 4064 apostolicam
945 3984 1041 4046 bene-

293 4081 466 4142 dictionem
489 4079 556 4152 tibi,
581 4095 655 4142 ven.
676 4079 786 4148 trater,
812 4078 969 4155 gregique
984 4083 1041 4138 tuo

295 4181 496 4252 peramanter
518 4175 735 4252 impertimur.

333 4269 446 4329 llatum
473 4269 591 4329 Rornae
614 4268 694 4346 apud
715 4266 746 4329 S.
765 4267 893 4328 Petrum
912 4265 972 4326 sub
988 4280 1042 4326 an-

293 4363 370 4424 nulo
398 4361 563 4423 Piscatoris
587 4362 638 4422 die
663 4378 685 4421 1.
710 4361 815 4422 martii
844 4376 1039 4430 noscente,

293 4456 495 4534 pontificatus
518 4456 619 4516 nostri
642 4471 724 4516 anno
748 4471 799 4515 xv.

602 4925 730 4986 udttx.

292 5115 415 5176 Noctem
444 5114 538 5192 eripit
566 5113 781 5192 episcopatum
809 5113 843 5174 in
872 5113 1042 5176 Australid

333 5208 522 5270 occidentali
538 5225 609 5269 cam
624 5207 693 5268 scde
708 5207 742 5267 io
758 5205 836 5270 urbe
851 5207 959 5275 Pertlt,
973 5209 1041 5269 eius

332 5303 533 5363 territorium
568 5300 757 5364 abstrahens
792 5299 830 5364 ob
866 5301 1041 5364 orcltidt'oe-

332 5397 394 5458 cesi
430 5395 642 5474 Sydoepeasi,
680 5394 772 5455 cai-us
804 5393 1041 5475 Arcbiepiscopi

332 5489 558 5569 suffraganeos
579 5490 622 5550 sit
643 5505 743 5550 rtoous
767 5488 942 5568 Episcopus
966 5489 1041 5551 Per-

307 5585 462 5654 ‚tlteasa's
487 5584 571 5646 Huic
597 5587 703 5645 autem
730 5582 882 5664 Episcopo
911 5582 1042 5646 subiicit

333 5678 464 5758 insuper
492 5676 659 5739 districtus
687 5675 860 5756 Essington
882 5681 910 5737 et
940 5675 1041 5738 Sonde

334 5778 496 5850 tamquam
523 5771 601 5832 datos
629 5769 810 5832 Vt'coriotas
832 5770 1038 5850 Apostolicos,

333 5865 372 5930 ab
393 5866 471 5946 ipso,
499 5865 595 5928 donec
621 5866 791 5946 erigentur
815 5865 850 5926 io
876 5865 1038 5935 dioeceses,

332 5959 495 6041 rependas.

1273 699 1492 768 altecomus
1517 702 1577 768 ΡΡ.
1602 701 1672 767 llll.

1221 824 1256 890 ad
1281 829 1456 908 perpetuen
1480 823 1524 890 rei
1547 823 1726 889 memorien.

1140 986 1299 1048 Universo
1312 985 1472 1048 dominico
1489 985 1579 1064 gregi
1593 985 1747 1050 divinitus
1760 1000 1849 1063 prue-

1100 1081 1206 1159 positi,
1230 1081 1262 1142 id
1284 1095 1397 1142 curare
1421 1080 1508 1142 omni
1530 1079 1636 1141 studio
1657 1085 1752 1156 atque
1775 1093 1848 1140 exe-

1100 1175 1154 1253 qui
1177 1175 1346 1245 debemus
1361 1174 1445 1251 quod
1468 1173 1505 1234 ad
1527 1173 1679 1235 tuendam
1700 1173 1753 1235 vel
1777 1187 1848 1250 pro·

1100 1269 1292 1331 movendam
1309 1267 1394 1330 illius
1409 1267 1661 1329 incolumitatem
1684 1266 1849 1346 pertinere

1099 1363 1258 1426 videatur.

1139 1459 1157 1532 ἓ
1181 1457 1209 1518 l.
1233 1456 1297 1518 lam
1319 1471 1409 1526 vero,
1432 1470 1530 1532 quum
1548 1453 1586 1516 ad
1601 1454 1777 1530 Religionis
1793 1453 1848 1516 Ca-

1099 1549 1236 1613 tholicae
1266 1550 1386 1612 bonum
1413 1549 1446 1610 in
1475 1546 1633 1611 Australial
1663 1548 1870 1611 occidentali

1100 1644 1338 1724 procurandum
1351 1643 1443 1704 nobis
1455 1643 1670 1704 necessarium
1684 1658 1752 1703 esse
1764 1657 1849 1703 cotn-

1099 1745 1228 1819 pertum
1251 1738 1302 1810 sit,
1327 1738 1368 1798 ita
1390 1737 1423 1798 in
1445 1735 1498 1798 illd
1518 1735 1653 1813 regione
1674 1735 1785 1813 partiri
1800 1750 1848 1797 ec-

1099 1832 1312 1894 clesiasticum
1345 1831 1505 1906 regimeu,
1529 1835 1565 1890 ut
1591 1827 1778 1906 episcopalis
1800 1844 1848 1888 so-

1099 1925 1273 1987 licitudinis
1286 1939 1361 1985 cura
1370 1921 1529 1984 Ecclesiae
1540 1921 1710 2007 utilitatem
1721 1919 1764 1982 ibi
1776 1936 1848 1998 pro-

1100 2025 1227 2081 moveat
1249 2017 1437 2096 impensius,
1451 2030 1568 2078 novam
1585 2015 1617 2077 in
1634 2015 1760 2076 civitate
1775 2015 1848 2076 Per-

1100 2112 1205 2176 tbensi
1229 2111 1441 2190 episcopalem
1457 2111 1568 2172 sedem
1585 2109 1711 2186 erigere
1734 2108 1848 2170 consti·

1100 2208 1231 2269 tuimus.

1138 2301 1207 2376 52.
1231 2301 1340 2377 ltaque
1363 2298 1402 2360 de
1425 2298 1558 2360 consilio
1585 2313 1683 2359 venn.
1712 2296 1848 2358 fratrum

1098 2401 1286 2455 nostrorum
1309 2392 1340 2454 S.
1358 2393 1393 2455 ll.
1411 2393 1447 2454 E.
1467 2391 1683 2454 cardinalium
1706 2390 1849 2467 negociis

1098 2487 1321 2566 Propagandee
1344 2486 1432 2550 Fidei
1454 2485 1728 2565 praepositorum,
1753 2489 1848 2561 utque

1098 2582 1217 2642 attentet
1232 2581 1327 2642 etiarn
1344 2581 1478 2652 ratione,
1497 2579 1581 2656 quod
1597 2594 1671 2640 ven.
1689 2578 1788 2641 trater
1802 2577 1848 2639 lo-

1097 2691 1196 2736 annes
1212 2674 1347 2750 Polding
1360 2673 1624 2752 drclriepiscopus
1642 2671 1847 2750 Sidneyensis

1097 2767 1352 2829 iurisdictionem
1380 2783 1511 2828 omnem
1537 2767 1699 2828 dimittere
1722 2773 1848 2843 paratus

1097 2861 1148 2933 sit,
1166 2875 1261 2938 quam
1277 2860 1430 2921 haetenus
1446 2859 1479 2920 in
1492 2857 1683 2920 Australiam
1699 2857 1848 2921 Occiden-

1099 2955 1194 3016 telem
1224 2955 1387 3020 exercuit.
1418 2953 1516 3014 rebus
1546 2953 1696 3015 omnibus
1722 2959 1848 3014 mature

1099 3050 1276 3126 perpensis,
1295 3052 1385 3109 motu
1408 3048 1540 3126 proprio
1556 3064 1590 3109 ac
1605 3049 1690 3108 certat
1705 3047 1846 3120 scientiis,

1099 3143 1203 3218 deque
1218 3140 1409 3218 apostolicae
1426 3147 1554 3202 nostrae
1573 3141 1768 3202 auctoritatis
1783 3140 1849 3219 ple-

1098 3236 1255 3308 nitudine,
1270 3239 1480 3296 memoratam
1497 3232 1705 3297 Occidentalis
1721 3233 1849 3296 Austra-

1098 3329 1157 3390 liae
1174 3335 1308 3407 partem,
1326 3329 1472 3406 eiusque,
1490 3344 1552 3406 qua
1567 3328 1630 3390 late
1640 3335 1735 3407 patet,
1755 3328 1848 3390 terri-

1098 3423 1218 3484 torium
1238 3439 1254 3482 a
1271 3421 1478 3502 Sidueyensis
1495 3423 1733 3501 brebiepiscopi
1755 3422 1849 3484 iuris-

1098 3516 1236 3578 dictione
1258 3516 1458 3579 subtraotum
1474 3516 1506 3578 in
1529 3515 1702 3578 dioecesim
1718 3515 1847 3593 proprie

1098 3610 1212 3672 dictam
1235 3611 1401 3686 erigimus,
1421 3627 1455 3672 ac
1475 3611 1508 3672 in
1531 3610 1658 3672 civitate
1678 3609 1850 3672 Pertbensi

1097 3703 1309 3781 episcopalem
1332 3704 1516 3765 cathedram
1542 3704 1779 3776 constituimus,
1804 3705 1849 3767 sic

1098 3803 1133 3858 ut
1155 3797 1330 3875 Episcopus
1362 3797 1639 3872 novaedioecesis
1662 3797 1849 3860 Pertbensis

1097 3891 1249 3968 appellari
1272 3892 1395 3964 debeat,
1421 3892 1475 3968 qui
1498 3891 1747 3970 brcltiepiscopo
1770 3891 1848 3970 Syd-

1098 3985 1231 4063 neyensi
1254 3990 1416 4062 tamquam
1434 3985 1678 4064 Metropolitano
1696 3987 1847 4064 sullraga-

1097 4095 1178 4140 neus
1199 4078 1312 4140 subsit.

1137 4173 1206 4247 §3-
1231 4173 1389 4235 Volumus
1411 4181 1518 4236 autem
1543 4180 1575 4236 et
1595 4175 1794 4246 mandamus
1813 4182 1849 4237 ut

1098 4267 1260 4329 districtus
1290 4267 1466 4346 Essington
1488 4284 1562 4330 cum
1587 4275 1652 4330 toto
1682 4269 1847 4331 territorio

1097 4378 1167 4434 suo,
1185 4379 1219 4424 ac
1235 4361 1398 4424 districtus
1422 4361 1528 4425 Sonde
1540 4379 1614 4425 curn
1638 4364 1768 4442 proprio
1784 4369 1847 4425 ter·

1097 4457 1222 4528 ritorio,
1247 4457 1351 4518 eidem
1374 4457 1529 4536 Episcopo
1551 4457 1720 4522 Pertbensi
1742 4459 1848 4520 subie-

1098 4551 1139 4612 cti
1162 4557 1323 4628 tamquam
1340 4551 1403 4612 duo
1420 4549 1594 4613 vicariatus
1610 4549 1795 4630 Apostolici,
1809 4552 1847 4614 ab

1098 4645 1212 4707 eodem
1228 4645 1367 4706 adbibitd
1384 4661 1513 4722 quoque
1526 4662 1622 4724 opera
1635 4645 1845 4719 Pro-Vicarii,

1097 4741 1130 4802 in
1153 4739 1297 4818 principe
1319 4740 1574 4817 uniuscuiusque
1597 4741 1761 4802 districtus
1776 4741 1847 4803 loco

1097 4833 1311 4896 constituendi
1331 4833 1607 4896 administrentur.
1632 4835 1846 4913 Praecipimus

1098 4927 1248 5004 denique,
1273 4933 1309 4988 ut
1331 4927 1493 4990 districtus
1516 4927 1568 4992 isti
1590 4929 1626 4990 ed
1648 4928 1772 4991 ratione
1790 4945 1847 5006 gu-

1098 5021 1287 5094 bernentur,
1305 5022 1409 5098 quoad
1425 5023 1522 5085 iidem
1538 5023 1571 5083 in
1584 5023 1660 5083 duas
1684 5023 1847 5087 distinctas

1097 5115 1259 5176 dioeceses
1282 5130 1354 5176 curn
1377 5115 1549 5177 territoriis
1571 5116 1636 5177 suis
1660 5117 1697 5178 ab
1713 5116 1846 5195 Aposto-

1097 5209 1155 5272 lica
1178 5208 1259 5271 Sede
1283 5209 1366 5294 ,erigi
1399 5210 1574 5288 potuerint,
1600 5211 1688 5271 salvo
1717 5227 1846 5290 semper

1096 5304 1167 5365 iure
1177 5303 1369 5381 praedictam
1383 5318 1498 5366 novam
1510 5303 1682 5365 dioecesim
1696 5305 1846 5368 dismem-

1097 5398 1221 5470 braudi,
1251 5405 1283 5458 et
1310 5399 1402 5459 aliter
1433 5398 1517 5460 illam
1549 5398 1844 5472 circumscribendi,

1097 5499 1193 5570 prout
1214 5499 1400 5570 temporum
1426 5491 1517 5564 ratio,
1542 5489 1701 5554 Ecclesiae
1723 5492 1844 5556 bouum

1096 5585 1221 5662 aliaque
1244 5585 1390 5647 adiuncta
1412 5585 1657 5664 postulaverint.

1136 5679 1205 5754 §la
1230 5679 1313 5740 Haec
1334 5679 1485 5742 volumus
1509 5687 1568 5740 etc.

1135 5773 1250 5834 Datum
1272 5773 1390 5833 Romae
1412 5773 1494 5850 apud
1518 5771 1549 5834 S.
1570 5773 1702 5836 Petrum
1718 5773 1778 5836 sub
1793 5793 1846 5836 an-

1096 5866 1172 5928 nulo
1202 5865 1368 5928 Piscatoris
1397 5866 1447 5928 die
1477 5867 1619 5928 v1.maii
1647 5884 1842 5941 stoccexav„

1096 5959 1298 6039 pontificatus
1321 5959 1423 6022 nostrl
1445 5973 1529 6022 anno
1551 5976 1603 6022 xv.

1770 567 1829 630 355
1879 569 1932 620 Διι.
1947 569 1977 620 C.
2001 569 2069 621 1845
