4788 6980
359 551 412 602 An.
428 552 458 602 C.
480 551 547 602 1841
599 549 661 613 260

579 693 747 766 sumptum
763 695 796 751 et
810 706 867 768 per
889 692 969 753 duos
982 706 1056 754 ren.
1072 669 1187 755 lratres
1200 699 1328 755 nostros

581 779 843 861 Archiepiscopos
865 783 919 845 vel
934 785 1107 864 Episcopos
1129 786 1162 848 in
1184 787 1246 848 illis
1262 803 1330 866 par-

580 875 665 936 tibus
682 877 847 954 degentes,
863 879 997 954 gratiam
1016 886 1124 942 tamen
1139 887 1171 942 et
1186 897 1330 944 commu-

581 968 711 1030 nionem
742 968 833 1032 Sedis
855 970 1054 1049 hpostolicae
1077 973 1242 1048 habentes,
1274 976 1330 1036 tibi

580 1063 820 1140 assignandum,
838 1081 896 1144 per
911 1065 1064 1128 dilectum
1081 1055 1211 1146 quoque
1227 1069 1330 1131 tilium

580 1158 730 1220 loannem
761 1158 867 1237 Topus
890 1159 1119 1239 presbyterum
1151 1163 1330 1226 Armenum

580 1252 735 1314 nuncium
759 1260 852 1316 tuum
874 1255 1026 1316 duximus
1049 1258 1276 1320 destinandum
1296 1266 1332 1320 ut

580 1347 679 1408 iidem
702 1346 942 1426 hrchiepiscopi
965 1350 1018 1412 vel
1041 1349 1188 1430 Episcopi
1212 1359 1266 1414 aut
1280 1369 1332 1414 ec-

581 1455 654 1502 rum
677 1441 759 1502 alter
780 1441 859 1504 illud
883 1443 940 1504 tibi
962 1444 1021 1505 sub
1048 1443 1246 1524 infrascripta
1268 1446 1331 1508 lor-

581 1551 632 1596 ma
653 1536 817 1613 assignent
837 1538 890 1598 vel
912 1537 1053 1615 assignet
1075 1545 1107 1600 et
1127 1555 1143 1600 a
1166 1546 1197 1602 te
1221 1548 1332 1604 nostro

581 1636 614 1692 et
634 1629 794 1694 Romanae
817 1631 977 1694 Ecclesiae
1000 1633 1130 1694 nomine
1152 1633 1212 1695 sub
1234 1635 1332 1696 altera

582 1723 677 1786 etiam
701 1725 924 1804 praesentibus
945 1727 1066 1789 inserta
1081 1727 1184 1790 torma
1200 1729 1332 1791 fidelita-

583 1820 621 1882 tis
643 1820 768 1883 debitae
787 1821 919 1882 solitum
942 1822 1162 1884 iuramentum
1178 1823 1333 1902 recipiant

581 1930 638 1974 seu
661 1913 803 1992 recipiat.
819 1914 865 1976 Tu
881 1921 988 1977 autem
1005 1915 1103 1977 Pallio
1119 1917 1233 1980 eodem
1248 1917 1332 1978 intra

581 2007 827 2086 patriarchalem
850 2009 1017 2071 ecclesiam
1041 2015 1127 2071 tuam
1155 2010 1219 2072 illis
1241 2011 1331 2072 dum-

582 2107 668 2162 taxat
689 2101 800 2162 diebus
822 2102 923 2164 uteris
946 2103 1001 2178 qui
1024 2103 1169 2180 expressi
1184 2103 1216 2165 in
1232 2105 1331 2181 ipsius

581 2195 800 2274 patriarchalis
837 2195 989 2258 ecclesiae
1022 2197 1200 2274 privilegiis
1234 2197 1332 2260 conti-

582 2295 713 2351 nentur.
730 2289 772 2352 Ut
792 2290 893 2366 igitur
908 2289 1045 2366 signum
1062 2307 1127 2352 non
1143 2292 1332 2370 discrepata

580 2382 717 2459 signato,
742 2383 797 2444 sed
825 2383 910 2460 quod
938 2384 1024 2460 geris
1054 2385 1197 2446 exterius
1221 2401 1343 2468 serves!

581 2475 717 2539 interius
732 2477 765 2538 in
782 2483 902 2550 mente,
915 2477 1149 2540 fraternitatem
1163 2485 1246 2540 tuam
1265 2497 1332 2542 mo-

581 2587 697 2633 nemus
713 2577 745 2632 61
761 2571 930 2632 hortamur
942 2577 1074 2645 attente,
1090 2581 1259 2649 quatenus,
1275 2575 1332 2635 hu-

582 2664 751 2726 militatem
775 2671 808 2726 et
828 2663 982 2726 iustitiam
1005 2665 1100 2728 dante
1122 2666 1259 2729 Domino
1277 2669 1332 2746 qui

582 2757 782 2835 datpraemia
794 2765 970 2819 etmunera
981 2759 1148 2836 elargitur,
1160 2761 1333 2825 observare

581 2851 721 2924 studeas,
739 2865 819 2928 quae
839 2865 934 2912 suum
950 2859 1082 2914 servant
1097 2859 1129 2915 et
1141 2863 1334 2932 promovent

581 2951 793 3016 servatorem,
807 2961 841 3007 ac
857 2946 1003 3008 eamdem
1019 2949 1262 3025 patriarchalem
1285 2967 1333 3012 ec-

582 3037 1332 3120 clesiamCiliciaehrmenorumsponsamtuarn

582 3151 676 3198 cures
697 3133 834 3196 sollicite
856 3145 986 3197 auctore
1008 3135 1145 3198 Domino
1163 3137 1334 3215 spirituali-

583 3236 633 3292 ter
649 3235 681 3290 et
694 3229 918 3308 temporaliter
933 3245 1064 3306 augere.
1082 3229 1233 3304 Quocirca
1246 3248 1333 3310 prae-

583 3324 653 3386 latis
668 3323 926 3401 hrchiepiscopis
942 3323 996 3385 vel
1010 3323 1174 3403 Episcopis
1190 3342 1247 3404 per
1262 3331 1333 3404 apo-

582 3417 694 3480 stolica
722 3417 839 3496 scripta
866 3417 1064 3489 insudamus,
1089 3425 1246 3495 quatenus
1274 3420 1331 3499 ipsi

582 3511 636 3573 vel
666 3510 747 3574 alter
779 3525 894 3572 eorum
928 3511 1048 3573 dictum
1077 3511 1211 3574 Palliuru
1244 3514 1333 3576 iusta

583 3605 730 3668 eamdem
758 3604 1012 3682 subsequentem
1041 3605 1178 3668 lormam
1202 3608 1257 3670 tihi
1281 3625 1332 3670 cu·

582 3705 657 3762 rent
684 3713 741 3761 seu
765 3705 857 3760 curet
885 3699 1041 3776 assignari
1070 3707 1103 3762 et
1124 3717 1140 3762 a
1161 3708 1193 3763 te
1222 3710 1333 3766 nostro

582 3800 616 3856 et
637 3793 781 3855 eiusdem
805 3792 836 3855 S.
854 3793 890 3855 R.
912 3793 948 3854 E.
973 3795 1106 3857 nomine
1128 3797 1188 3858 sub
1209 3797 1333 3876 reliqua

583 3888 686 3950 lorma
698 3887 883 3950 huiusmodi
896 3887 1055 3950 fidelitatis
1067 3889 1192 3952 debitae
1202 3893 1333 3955 solitum

583 3979 738 4059 recipiant
766 3995 822 4042 seu
852 3980 933 4042 alter
962 3995 1076 4042 eorum
1099 3985 1230 4062 recipiat
1251 3987 1332 4047 iura-

584 4081 742 4146 mentum,
753 4073 963 4152 eiusdemque
975 4075 1087 4137 sicate
1099 4079 1334 4154 praestitiiura-

532 4156 535 4164 ’
584 4169 686 4231 616611
708 4168 844 4230 formam
863 4169 955 4230 nobis
972 4169 1010 4230 de
1026 4170 1127 4232 verbo
1142 4171 1178 4232 ad
1196 4172 1331 4235 verbum

584 4279 641 4343 per
663 4269 733 4325 tuas
756 4268 900 4341 patentes
922 4262 1043 4325 litteras
1061 4269 1118 4325 tuo
1136 4264 1242 4341 sigillo
1265 4283 1333 4328 1611-

584 4359 665 4420 nitas
688 4373 746 4436 per
769 4357 935 4435 proprium
964 4356 1124 4418 Nunnium
1152 4367 1271 4436 quanto
1294 4363 1334 4424 ci·

584 4452 648 4514 tius
664 4451 824 4514 destinare
840 4467 1005 4529 procures.
1020 4451 1134 4514 Forma
1150 4461 1256 4516 autem
1273 4469 1334 4533 qua

585 4545 717 4624 praelati
729 4543 968 4623 hrchiepiscopi
980 4546 1032 4607 vel
1049 4545 1194 4625 Episcopi
1211 4548 1244 4610 in
1260 4551 1334 4610 assi-

586 4640 713 4716 gnando
727 4638 785 4700 tibi
801 4639 884 4700 dicto
896 4638 994 4700 Pallio
1010 4647 1155 4714 utentur,
1175 4642 1251 4705 haec
1267 4649 1330 4705 est:

585 4733 633 4795 hd
655 4733 814 4795 honorem
836 4731 1072 4810 omnipotentis
1093 4735 1150 4796 Dei
1173 4753 1206 4798 ac
1222 4735 1335 4800 Bootae

586 4827 701 4889 Mariae
723 4825 866 4902 Virginis
888 4843 922 4888 ac
948 4823 1137 4888 Sanctorum
1167 4828 1343 4907 Apostolo'

586 4935 660 4982 rum
682 4920 768 4981 Petri
790 4925 823 4981 et
843 4919 931 4981 Pauli
953 4937 988 4982 ac
1009 4920 1137 4984 Domini
1160 4925 1261 4985 nostri
1276 4925 1335 4988 llo-

587 5015 666 5078 mini
681 5013 828 5091 Gregorii
844 5015 900 5075 PP.
916 5013 995 5075 XVI.
1014 5020 1047 5076 et
1059 5014 1090 5077 S.
1104 5015 1140 5078 R.
1155 5017 1190 5078 E.
1209 5035 1335 5082 necnon

587 5108 804 5188 patriarchalis
817 5107 968 5170 ecclesiae
979 5107 1107 5171 Ciliciae
1116 5107 1334 5174 limenorum

587 5204 642 5269 tihi
666 5203 855 5265 commissae
882 5202 1037 5264 tradimus
1059 5203 1116 5266 tibi
1139 5205 1273 5267 Pallium
1296 5207 1335 5270 de

587 5311 722 5377 corpore
744 5296 830 5358 Beati
853 5296 938 5358 Petri
965 5305 1142 5375 sumptum,
1165 5300 1335 5378 plenitudi-

588 5407 663 5454 nem
674 5391 826 5453 vtdelicet
839 5390 1006 5468 pastoralis
1019 5391 1124 5466 officii,
1138 5399 1174 5455 ut
1186 5409 1224 5454 eo
1236 5395 1335 5456 utaris

588 5493 671 5548 intra
702 5485 867 5547 ecclesiam
901 5491 987 5546 tuam
1017 5486 1111 5547 certis
1138 5486 1251 5548 diebus
1280 5489 1335 5565 qui

589 5577 817 5656 exprimuntur
838 5577 871 5638 in
893 5577 1069 5656 privilegiis
1092 5579 1120 5641 ei
1142 5581 1181 5642 ab
1203 5581 1336 5660 Aposto-

590 5673 647 5735 lica
670 5670 752 5733 Sede
781 5671 939 5734 concessis
952 5703 972 5716 -
987 5672 1102 5735 Eorma
1124 5680 1231 5736 autem
1253 5676 1335 5737 iura-

590 5763 691 5827 menti
712 5765 798 5842 quod
821 5765 1005 5844 praestabis,
1023 5766 1100 5829 haec
1117 5773 1180 5829 est:
1209 5767 1277 5846 Ego
1293 5768 1335 5831 la-

1106 573 1171 619 11111.
1195 574 1287 620 PONE.
1312 575 1352 620 DE
1374 575 1404 620 P.
1429 577 1458 620 E.
1483 577 1566 624 PARS
1588 579 1609 623 1.

1386 696 1484 757 cobus
1510 696 1603 760 llolas
1629 697 1897 780 Archiepiscopus
1927 698 2083 760 Amasen.
2112 697 2145 758 in

1387 789 1600 852 Patriarcham
1619 791 1746 853 Ciliciae
1762 792 1979 854 Armenorum
2005 791 2143 863 electus,

1388 883 1425 944 ab
1449 883 1505 945 hac
1532 885 1611 946 bora
1632 885 1665 946 in
1687 892 1778 947 antea
1804 887 1907 948 tidelis
1931 893 1962 948 et
1985 885 2147 948 obediens

1388 993 1445 1038 ero
1468 977 1563 1040 Beato
1593 978 1687 1041 Petro
1715 979 1912 1058 Sanctaeque
1939 979 2147 1058 spostolicae

1387 1069 1547 1132 Romanae
1563 1071 1721 1134 Ecclesiae
1744 1079 1776 1134 et
1794 1073 1930 1134 Domino
1946 1079 2063 1136 nostro
2087 1073 2148 1134 llo-

1388 1163 1476 1226 mino
1508 1164 1666 1242 Gregorio
1699 1167 1755 1228 PP.
1791 1166 1871 1228 lllll.
1905 1169 2042 1245 suisque
2076 1185 2148 1229 suc-

1388 1258 1568 1320 cessoribus
1590 1261 1741 1323 canonice
1763 1261 1967 1324 intrantibus.
1989 1261 2066 1324 Non
2091 1278 2149 1322 ero

1388 1352 1421 1412 16
1444 1352 1578 1414 consilio
1600 1360 1655 1416 aut
1675 1369 1833 1416 consensu
1857 1355 1910 1416 vel
1933 1355 2016 1418 lacto
2040 1363 2079 1417 ut
2102 1357 2150 1416 vi-

1390 1453 1452 1506 tam
1476 1446 1611 1524 perdant
1633 1447 1683 1508 vel
1708 1449 1904 1520 membrum,
1933 1465 1990 1510 seu
2019 1450 2150 1527 capian-

1389 1543 1441 1600 tur
1463 1539 1545 1602 mala
1567 1541 1725 1618 captione.
1750 1541 1927 1604 Consilium
1951 1559 2033 1605 vero
2058 1545 2149 1620 quod

1389 1633 1468 1694 mihi
1497 1634 1652 1696 credituri
1674 1641 1748 1696 sunt
1777 1651 1834 1714 per
1855 1652 1888 1698 se
1918 1643 1980 1698 aut¹
1999 1637 2151 1699 Nuncios

1388 1743 1445 1788 seu
1458 1727 1591 1798 litteras,
1605 1728 1640 1790 ad
1655 1745 1769 1790 eorum
1785 1729 1939 1791 damnum
1952 1745 2004 1792 166
2019 1732 2150 1793 sciente

1388 1819 1511 1881 66161111
1524 1821 1670 1897 pandam.
1685 1823 1836 1900 Papatum
1849 1822 2031 1884 Romanum
2050 1831 2085 1885 et
2098 1841 2150 1885 re-

1389 1912 1470 1988 galia
1493 1912 1599 1975 Sancti
1621 1915 1705 1976 Petri
1729 1915 1855 1976 adiutor
1884 1917 1929 1978 eis
1951 1931 2007 1978 ero
2032 1918 2073 1979 ad
2098 1935 2149 1980 re-

1374 2006 1558 2069 ·tinendum
1575 2015 1607 2069 et
1622 2008 1861 2071 defendendum
1881 2017 1991 2073 contra
2008 2027 2149 2074 omnem

1389 2100 1566 2162 hominem.
1589 2101 1746 2178 Legatum
1769 2101 1970 2183 spostolicae
1993 2103 2090 2168 Sedis
2114 2108 2148 2168 in

1388 2193 1495 2255 eundo
1518 2201 1550 2256 et
1571 2195 1739 2258 redeundo
1754 2195 1932 2258 honorilice
1952 2198 2099 2260 tractabo
2117 2207 2150 2260 et

1387 2288 1420 2348 in
1432 2288 1497 2348 suis
1514 2288 1757 2350 necessitatibus
1770 2289 1937 2351 adiuvabo.
1952 2289 2096 2353 Vocatus
2109 2293 2147 2354 ad

1387 2381 1547 2460 synodum
1569 2382 1710 2454 veniam,
1734 2381 1795 2444 nisi
1818 2383 2023 2461 praepeditus
2050 2385 2148 2448 luero

1388 2477 1537 2539 canonica
1565 2477 1818 2554 praepeditione.
1849 2475 2084 2556 Apostolorum
2112 2482 2149 2542 li-

1388 2570 1474 2631 miua
1503 2570 1639 2647 singulis
1665 2571 1894 2648 quinquenniis
1923 2573 2062 2636 visitabo
2094 2583 2150 2637 aut

1388 2679 1447 2742 per
1465 2681 1517 2726 me
1533 2673 1586 2726 aut
1601 2681 1658 2743 per
1675 2681 1785 2726 meum
1801 2665 1973 2741 Nuntium,
1991 2669 2055 2730 nisi
2073 2686 2148 2748 apo-

1387 2759 1497 2820 stolica
1510 2759 1656 2821 absolvar
1672 2759 1810 2822 licentia.
1825 2761 2048 2824 Possesstones
2065 2779 2148 2826 vero

1388 2856 1426 2917 ad
1448 2870 1593 2917 mensam
1620 2871 1725 2917 meam
1753 2857 1951 2933 pertinentes
1973 2875 2039 2920 non
2067 2876 2148 2922 ven-

1389 2949 1460 3011 dam
1490 2963 1597 3026 neque
1627 2949 1751 3010 donabo
1780 2965 1887 3027 neque
1914 2951 2148 3030 impignorabo

1389 3057 1496 3119 neque
1511 3044 1551 3105 de
1566 3058 1651 3104 novo
1666 3043 1840 3106 inleudaho
1852 3045 1905 3106 vel
1921 3045 2029 3122 aliquo
2048 3049 2148 3111 modo

1389 3136 1534 3198 alienabo
1555 3137 1739 3198 inconsulto
1761 3137 1904 3200 Romano
1920 3139 2089 3203 Pontifice.
2107 3142 2149 3204 Et

1389 3230 1653 3291 constitutionem
1681 3245 1778 3308 super
1807 3231 2026 3308 prohibitione
2054 3235 2148 3296 inve-

1388 3323 1578 3384 stiturarum
1595 3323 1756 3386 bonorum
1776 3324 2083 3389 iurisdictionalium
2107 3331 2148 3392 de

1389 3433 1439 3478 an.
1457 3417 1585 3478 Domini
1608 3417 1781 3480 millesimo
1801 3421 2038 3483 sexcentesimo
2055 3424 2148 3500 vige-

1388 3512 1469 3572 simo
1492 3512 1605 3589 quinto
1628 3512 1746 3574 editam
1761 3513 1907 3575 servabo.
1923 3513 1974 3576 Sic
1989 3533 2042 3578 me
2059 3517 2147 3580 Deus

1389 3606 1518 3668 adiuvet
1540 3612 1572 3668 et
1594 3607 1671 3669 haec
1694 3606 1805 3669 Sancta
1827 3607 1881 3670 Dei
1904 3575 2095 3687 hvangerra.
2109 3647 2126 3658 -

1428 3701 1541 3762 Datum
1572 3701 1691 3763 Romae
1721 3703 1801 3780 apud
1834 3701 1865 3764 S.
1890 3703 2033 3778 Petrum,
2059 3723 2147 3768 anno

1389 3794 1616 3856 incarnationis
1639 3795 1817 3856 dominicae
1846 3796 2019 3860 millesimo
2043 3800 2146 3862 octin-

1391 3889 1572 3964 gentesimo
1602 3889 1849 3965 quadragesimo
1879 3891 2002 3967 primo,
2027 3895 2146 3969 quinto

1389 3982 1541 4044 kalendas
1563 3981 1728 4054 februarii,
1747 3983 1859 4060 pontii.
1878 3985 1979 4046 nostri
1994 4003 2080 4050 anno
2098 4005 2143 4050 111.

1669 4265 1860 4329 CLXXXVI.

1390 4453 1538 4518 Iacobum
1568 4453 1664 4516 Holus
1692 4435 1969 4536 Arcltt'optscopum
1990 4457 2143 4520 dinosco.

1430 4549 1464 4609 io
1484 4547 1695 4611 Potiorcbam
1714 4545 1844 4612 Ciliciae
1861 4550 2072 4614 Arthetaurum
2090 4553 2145 4614 cli-

1430 4642 1476 4721 911
1497 4640 1553 4722 (l).

1392 4828 1562 4895 Venerabili
1596 4828 1685 4894 tratri
1720 4829 1828 4894 lacobo
1861 4828 1954 4897 Rotas
1988 4829 2143 4916 1161116111-

1430 4939 1526 5006 scopo
1551 4937 1643 5003 nuper
1666 4923 1807 4988 1166666.
1827 4925 1854 4988 16
1872 4922 2079 4991 Patriarcham
2095 4925 2142 4992 et-

1431 5017 1519 5082 116166
1544 5017 1736 5081 limenorum
1760 5017 1868 5095 electo,

1535 5201 1754 5269 cosconius
1779 5201 1997 5269 [rtscortts

1579 5381 1687 5431 servus
1711 5381 1866 5432 servorun
1889 5365 1953 5431 Dei.

1424 5488 1553 5554 salutern
1577 5493 1608 5553 et
1629 5488 1827 5570 apostolicam
1854 5489 2104 5554 benedictionem.

1432 5677 1565 5739 Romani
1578 5678 1749 5751 Pontificis,
1764 5693 1862 5755 quem
1878 5679 1986 5740 Pastor
2001 5679 2056 5741 ille
2071 5697 2139 5741 eoe-

1392 5769 1479 5831 lestis
1510 5777 1542 5832 et
1571 5771 1744 5849 Episcopus
1770 5773 1947 5835 animarum
1977 5771 2139 5849 potestatis

631 5981 659 6033 tlt
675 5979 881 6024 constitutiones
897 5982 920 6023 et
938 5980 992 6024 Bul.
1009 5992 1054 6035 per
1071 5980 1139 6024 viani
1155 5982 1186 6024 116
1202 5981 1287 6026 ttttria.
1305 5983 1357 6028 Vol.
1376 5986 1504 6027 istri-1853.

2177 567 2225 618 An.
2239 573 2265 620 C.
2285 578 2331 629 ltili
2363 643 2364 646 Ἴ
