4864 6994
26 1499 27 1522 ἶ
109 1463 185 1524 ¹ilatio
202 1471 313 1508 conces·

26 1525 27 1558 3
96 1527 177 1562 sionis.

114 2964 190 3022 fener
205 2970 312 3006 conces-

102 3025 179 3059 sionis.

937 497 1112 544 GREGORIUS
1134 499 1184 544 ΡΡ.
1208 499 1273 546 lel.

330 623 436 680 strum
459 617 604 678 animum
626 618 710 680 solet
730 632 862 696 urgere,
887 631 967 694 qnae
990 616 1076 678 dioe-

331 711 453 774 cesium
476 710 621 772 omnium
644 727 702 790 per
717 715 821 772 totum
844 715 1004 772 terrarum
1027 725 1077 770 or-

331 804 407 866 bern
445 803 576 882 respicit
610 809 739 866 statum.
778 802 953 882 Supremae
990 802 1077 864 enim

332 903 461 958 nostrae
493 895 658 974 potestatis
690 896 858 974 nostrique
890 895 998 958 iudicii
1031 901 1079 958 est

330 990 402 1052 illas
424 989 596 1062 moderari,
620 1005 797 1066 earumque
818 988 937 1050 limites
963 989 1078 1050 consti-

333 1089 426 1144 tuere
442 1082 494 1144 vel
509 1081 693 1154 immutare,
711 1089 808 1160 prout
822 1098 933 1144 rerum
949 1099 983 1143 ac
998 1088 1078 1144 tem·

333 1191 450 1254 porum
465 1175 546 1236 ratio
562 1181 594 1236 et
608 1174 773 1252 spirituale
789 1174 980 1252 praesertim
996 1174 1079 1236 obri-

332 1267 522 1330 stifrdelium
543 1267 665 1329 bonum
687 1283 721 1330 ac
743 1268 949 1330 commodum
972 1274 1078 1346 postu-

333 1360 401 1422 lare
422 1361 585 1422 videntur.

374 1454 442 1530 §2—
465 1453 569 1528 Quum
592 1453 698 1532 itaque
721 1470 761 1516 ex
780 1455 915 1534 acceptis
937 1453 1077 1532 plurium

333 1547 569 1610 venerabilium
591 1547 728 1608 fratrum
750 1546 915 1610 Americae
936 1546 1079 1625 Septem-

335 1641 478 1702 trionalis
510 1639 741 1718 Episcoporum
774 1641 977 1717 aliorumque
1010 1656 1078 1715 gra·

334 1734 473 1795 vissimis
489 1733 683 1796 testimoniis
694 1735 912 1812 acceperimus
929 1739 1078 1812 opportu-

333 1828 504 1890 nissimum
527 1844 597 1889 esse
611 1827 648 1890 ad
669 1827 862 1904 religionem
884 1826 1078 1888 Gatlrolieam

333 1920 368 1982 in
380 1919 552 1998 provinciis
567 1919 725 1997 llichigan
738 1925 770 1980 et
781 1918 972 1982 Nom-west
985 1919 1078 1980 Arne-

333 2013 418 2074 ricae
437 2011 713 2090 Septemtrionalis
734 2011 986 2090 amplificandam
1006 2028 1079 2073 con-

334 2106 599 2182 firmandamque,
617 2121 657 2166 ex
672 2105 787 2168 iisdem
808 2105 992 2183 prouinciis,
1011 2105 1079 2182 qui-

333 2199 394 2260 bus
425 2199 579 2261 hactenus
615 2198 790 2278 Episcopus
822 2197 1076 2260 Cincinnatensis

334 2293 437 2356 veluti
457 2293 696 2356 administrator
717 2293 907 2371 apostolicus
930 2292 1077 2370 praefuit,

334 2385 530 2465 peculiarem
555 2386 782 2465 propriamque
814 2385 986 2448 dioecesim
1018 2385 1079 2445 eri-

335 2495 414 2558 gere
442 2485 476 2542 et
502 2480 714 2550 constituere,
745 2479 836 2542 cuius
863 2479 956 2542 sedes
984 2477 1079 2540 sitin

334 2575 462 2635 civitate
483 2571 621 2645 Daunii,
645 2588 703 2636 nos
725 2588 796 2634 rem
818 2573 897 2634 tanti
922 2572 1079 2634 momenti

333 2666 586 2743 congregationi
607 2665 842 2730 venerabilium
864 2665 1000 2726 fratrum
1023 2681 1078 2727 no-

334 2767 478 2822 strorum
490 2759 632 2837 negociis
648 2759 872 2838 Propagandae
887 2759 976 2822 Fidei
990 2775 1078 2838 prae-

334 2853 512 2931 positorum
535 2853 777 2916 examinandam
798 2852 1029 2914 commisimus.

373 2950 393 3023 ἓ
414 2948 443 3010 3.
466 2946 572 3008 Rebus
584 2947 691 3023 itaque
704 2945 853 3008 omnibus
866 2951 992 3008 maturo
1008 2963 1078 3008 exa·

333 3042 421 3104 mine
443 3040 621 3120 perpensis,
639 3045 671 3102 et
692 3039 797 3100 habita
819 3039 1009 3117 praesertim
1031 3055 1078 3101 ra-

333 3136 421 3197 tione
449 3131 622 3212 spiritualis
650 3131 742 3204 boni,
766 3131 853 3208 quod
880 3131 913 3193 in
943 3132 1078 3210 populos

333 3243 444 3290 earum
459 3225 631 3303 regionum
653 3225 820 3297 redundat,
835 3225 874 3288 de
887 3226 1077 3288 eorumdem

332 3322 469 3383 fratrum
484 3319 644 3382 sententia
660 3323 754 3395 atque
770 3318 915 3390 consilio,
932 3318 1077 3381 eiusdem

332 3413 486 3477 dioecesis
509 3419 541 3474 et
563 3411 760 3490 episcopatus
787 3411 985 3474 erectionem
1006 3428 1077 3491 per-

333 3508 448 3570 utilem
463 3521 534 3568 esse
549 3505 771 3584 cognovimus.
789 3503 875 3566 lictu
891 3505 990 3582 igitur
1006 3522 1077 3585 pro-

332 3601 414 3680 prio,
438 3615 478 3661 ex
500 3604 586 3662 certa
606 3598 749 3669 scientia,
767 3597 872 3674 deque
887 3599 1077 3676 apostolicae
1103 3588 1105 3611 '

332 3700 461 3756 nostrae
483 3691 648 3772 potestatis
671 3691 882 3769 plenitudine,
899 3693 1078 3771 provincias

333 3788 492 3864 llichigan
521 3793 554 3848 et
581 3783 789 3857 Nord-West,
814 3799 894 3862 quae
922 3785 1076 3848 haetenus

332 3882 489 3960 Episcopo
510 3879 748 3942 Cincinnatensi
762 3879 810 3940 uti
828 3880 1077 3942 administratori

332 3973 506 4053 apostolico
528 3973 689 4035 subiectae
710 3971 813 4044 fuere,
830 3973 863 4035 in
882 3973 1077 4051 peculiarem

333 4068 562 4145 episcopatum,
587 4065 642 4142 qui
668 4065 874 4142 caeteroquin
903 4067 1007 4142 quoad
1028 4067 1077 4128 ius

333 4150 608 4238 metropoliticum
623 4157 786 4220 subiectus
806 4173 877 4220 esse
892 4158 1006 4220 debeat
1021 4159 1078 4221 Ar-

333 4252 535 4330 chiepiscopo
567 4266 625 4329 pro
657 4256 804 4328 tempore
836 4249 1076 4325 Baltimorensi,

334 4347 469 4422 eiusque
497 4343 683 4424 episcopalis
711 4343 803 4405 sedes
826 4344 867 4406 sit
892 4345 925 4405 in
951 4344 1078 4408 civitate

333 4439 468 4510 Detroit,
482 4454 522 4500 ex
534 4452 595 4515 qua
608 4435 773 4499 derivetur
786 4438 984 4516 episcopatus
995 4438 1079 4500 'eius-

333 4533 408 4594 dem
421 4529 545 4602 titulus‚
559 4536 591 4592 et
606 4531 661 4608 qui
680 4529 931 4608 comprehendat
944 4532 978 4592 in
994 4531 1079 4593 dioe-

333 4625 397 4688 cesi
409 4641 465 4686 sua
476 4623 655 4703 prouincias
668 4623 825 4700 llichigan
835 4629 867 4685 et
876 4622 1077 4698 Nord-West,

333 4719 448 4780 barum
470 4717 639 4780 literarum
660 4717 693 4778 vi
715 4715 870 4793 erigimus
896 4721 991 4793 atque
1019 4723 1079 4779 sta·

333 4813 464 4874 tuimus.

331 5062 390 5116 bus,
410 5059 452 5104 vei
472 5058 661 5113 cuiuscumque
682 5056 795 5112 ordinis,
815 5057 1030 5113 congregationis
1050 5059 1076 5102 et

331 5125 452 5172 instituti
465 5123 643 5180 regularibus,
658 5122 774 5168 similem
795 5123 929 5180 praefatae
945 5123 1026 5168 huius
1041 5135 1078 5169 se-

332 5194 373 5238 dis
387 5192 502 5248 gratiam
517 5193 543 5234 et
563 5189 775 5236 communionem
797 5189 965 5244 habentibus,
980 5201 1076 5236 munus

331 5257 537 5305 consecrationis
552 5257 668 5312 recipere
683 5255 767 5302 libere
781 5257 808 5302 st
821 5256 893 5301 licite
906 5257 989 5312 possis
999 5261 1026 5302 et
1036 5268 1076 5303 va·

332 5327 395 5380 leas,
410 5327 490 5380 atque
507 5323 592 5368 eidem
606 5321 736 5376 antistiti,
751 5324 790 5376 ut,
806 5322 949 5378 receptisa
964 5324 989 5367 te
1003 5322 1077 5379 prius

331 5391 478 5438 catholicae
492 5389 554 5436 fidei
567 5388 726 5446 professione
742 5387 818 5434 iuxta
831 5387 960 5435 articulos
973 5389 1076 5446 pridem

331 5469 348 5504 a
362 5461 386 5502 S.
402 5457 467 5502 sede
480 5455 637 5513 propositos,
652 5466 682 5501 ao
695 5456 787 5501 nostro
801 5457 828 5500 et
843 5458 978 5501 Romanas
992 5456 1076 5500 Eccle-

332 5523 386 5569 siae
402 5523 508 5568 nomine
525 5521 662 5567 fidelitatis
682 5521 786 5566 debitae
804 5521 965 5578 iuramento,
979 5522 1077 5578 praefa-

332 5593 390 5635 tum
405 5601 502 5635 munna
514 5589 562 5634 tibi
571 5589 733 5635 auctoritate
741 5589 833 5634 nostra
842 5587 995 5644 impendere
1005 5589 1077 5635 licite

331 5657 428 5711 valeat,
435 5657 539 5713 plenam
549 5657 646 5702 harum
656 5656 798 5702 literarum
809 5655 879 5702 serie
889 5656 1032 5702 tribuimus
1043 5658 1077 5702 fa·

330 5725 467 5769 cultatem.
485 5723 612 5768 volumus
630 5725 735 5778 autem,
753 5723 896 5780 eademque
916 5724 1076 5770 auctoritate

330 5790 516 5847 praecipimus,
524 5795 555 5836 ut
562 5789 613 5834 nisi
622 5789 736 5845 receptis
745 5799 761 5834 a
771 5791 795 5834 te
803 5801 849 5845 per
859 5789 958 5836 dietum
969 5791 1077 5836 Antisti·

332 5861 385 5903 tem
399 5858 552 5905 iuramento
564 5859 592 5904 et
605 5856 766 5915 professione
779 5856 839 5904 fidei
853 5856 1007 5904 huiusmodi
1020 5857 1076 5915 ipss

1824 486 1860 550 71
1911 487 1964 542 An.
1979 491 2009 542 O.
2032 490 2099 544 1833

1173 618 1191 690 5
1213 617 1241 678 l.
1266 617 1483 682 Decernentes
1497 620 1552 682 has
1570 620 1679 682 literas
1695 622 1815 694 firmas,
1829 635 1880 684 ua·
1917 635 2039 681 clausura
2054 637 2113 682 suu-

1133 708 1210 770 lidas
1233 717 1265 772 et
1286 711 1427 774 efficaces
1459 713 1599 776 existere
1622 720 1654 775 et
1683 713 1768 786 fore,
1791 730 1880 776 suos·
1900 686 1955 787 {2¹13
1970 688 2112 790 ffiffl‘

1133 817 1197 878 que
1219 802 1378 880 plenarios
1401 811 1433 866 et
1454 805 1598 882 integros
1623 807 1754 870 effectus
1771 807 1880 870 sortiri

1133 901 1165 954 et
1187 895 1344 968 obtinere,
1362 903 1394 958 et
1407 898 1512 959 omnia
1534 898 1621 960 iuxta
1644 899 1816 976 praemissa
1832 918 1879 962 ac·

1132 993 1241 1050 curate
1253 989 1441 1068 adimpleri;
1458 991 1568 1068 sicque
1580 991 1612 1052 i1i
1625 993 1879 1071 praemissis'per

1133 1095 1354 1158 quoscumque
1383 1082 1503 1144 iudices
1534 1085 1713 1146 ordinarios
1735 1091 1768 1147 et
1793 1086 1879 1148 dele-

1134 1180 1233 1249 gatos,
1252 1174 1347 1234 etiam
1363 1191 1530 1236 causarum
1553 1176 1658 1254 palatii
1685 1179 1787 1238 nostri
1808 1194 1879 1256 apo-

1133 1265 1236 1328 stolici
1258 1267 1431 1340 auditores
1446 1268 1578 1330 iudicari
1595 1275 1627 1330 et
1642 1269 1768 1332 definiri
1785 1271 1879 1333 debe-

1133 1375 1180 1432 re,
1203 1376 1238 1420 ac
1265 1359 1394 1422 irritum
1424 1367 1456 1422 et
1483 1362 1589 1435 inane,
1613 1363 1639 1423 si
1662 1379 1753 1424 secus
1782 1379 1879 1444 super

1133 1451 1182 1512 liis
1205 1470 1220 1513 a
1243 1467 1404 1530 quoquam
1427 1454 1539 1529 quavis
1569 1456 1757 1518 auctoritate
1777 1457 1879 1518 scien-

1133 1549 1182 1606 ter
1204 1544 1256 1606 vel
1277 1545 1464 1621 ignoranter·
1487 1547 1660 1624 contigerit
1678 1549 1837 1612 attentari.

1172 1639 1191 1712 ἓ
1211 1637 1240 1696 5.
1265 1635 1336 1698 Non
1358 1638 1557 1700 obstantibus
1582 1641 1877 1715 constitutionibus,
1908 1656 2111 1718 nerpgauocon-

1133 1735 1165 1791 et
1187 1729 1440 1792 ordinationibus
1462 1733 1654 1808 apostolicis,
1678 1733 1880 1812 caeterisque
1898 1713 2045 1758 crassorum.

1133 1823 1300 1884 contrariis
1323 1824 1592 1902 quibuscumque.

1173 1915 1286 1978 Datum
1308 1917 1426 1978 Romae
1448 1918 1530 1994 apud
1553 1917 1584 1982 S.
1602 1919 1733 1982 Petrum
1755 1921 1879 1984 suban-

1133 2009 1491 2082 nuloPiscat.,diev1u.
1513 2012 1619 2074 martii
1638 2029 1877 2086 unoccxxxru„

1133 2102 1334 2180 pontificatus
1357 2103 1459 2166 nostri
1480 2119 1564 2166 anno
1587 2122 1636 2166 nr.

1388 2305 1624 2314 ——·-.-—.-

1439 2480 1557 2542 xcvii.

1136 2667 1310 2749 Confirmat
1338 2667 1589 2730 nominationem
1619 2667 1658 2732 ab
1685 2669 1881 2749 Imperatore

1172 2761 1324 2823 amariae
1344 2759 1468 2838 [actum
1486 2776 1545 2840 pro
1567 2761 1697 2823 ecclesio
1717 2761 1880 2842 Arclu'epi-

1171 2853 1291 2934 scopuli
1311 2851 1487 2932 Leopolt'eo.
1511 2853 1637 2915 armasti
1658 2853 1820 2934 situati).

1133 3037 1250 3106 Dilecto
1272 3037 1335 3105 lilio
1365 3037 1542 3120 presbytero
1571 3035 1706 3105 Samueli
1734 3035 1879 3106 Stefana-

1173 3132 1249 3199 uiez
1273 3132 1446 3216 praeposito
1473 3131 1702 3215 metropolitane
1723 3131 1878 3200 eeclesiae

1173 3225 1347 3309 leopolien.
1373 3223 1492 3290 Armeni
1515 3221 1611 3302 fliius,

1301 3408 1519 3477 GREGORlUS
1542 3409 1602 3476 ΡΡ.
1628 3408 1703 3476 xvi.

1408 3597 1526 3664 Dilecta
1549 3597 1602 3676 iili,

1165 3692 1293 3759 salutem
1315 3696 1346 3757 et
1368 3691 1565 3774 apostolicam
1589 3689 1841 3758 benedictionem.

1172 3880 1375 3959 Apostolatus
1398 3880 1554 3952 cilicium,
1577 3879 1702 3941 meritis
1724 3879 1799 3942 licet
1820 3880 1877 3941 im·
1924 3898 2069 3944 exoratum.

1133 3975 1272 4054 paribus,
1297 3973 1388 4036 nobis
1410 3989 1450 4035 ex
1478 3973 1541 4034 alto
1569 3973 1878 4051 commissumque

1134 4067 1341 4129 ecclesiarum
1363 4065 1509 4128 omnium
1526 4065 1679 4142 regimini
1695 4065 1802 4128 divina
1817 4065 1885 4128 dis·

1134 4160 1292 4238 positione
1320 4159 1556 4238 praesidemus,
1587 4157 1712 4220 utiliter
1741 4159 1876 4236 exequi,

1133 4254 1303 4316 adiuvante
1314 4253 1461 4326 Domino,
1475 4253 1653 4331 cupientes,
1667 4251 1793 4313 solliciti
1810 4268 1878 4313 cor-

1135 4347 1174 4409 de
1196 4347 1363 4410 reddimur
1386 4353 1418 4408 et
1439 4346 1588 4418 solertes,
1610 4352 1657 4418 ut,
1675 4345 1752 4407 dum
1774 4345 1814 4407 de
1829 4361 1878 4408 ec-

1134 4439 1304 4502 clesiarum
1343 4440 1485 4518 ipsarum
1524 4437 1737 4515 regiminibus
1772 4437 1878 4515 agitur

1135 4531 1384 4604 committendis,
1403 4531 1480 4594 tales
1503 4531 1548 4594 eis
1570 4531 1603 4594 in
1625 4538 1768 4610 pastores
1790 4547 1879 4611 prae-

1135 4627 1231 4688 ficere
1252 4625 1449 4697 studeamus,
1472 4625 1528 4701 qui
1553 4625 1708 4703 populum
1730 4639 1806 4686 suae
1827 4641 1879 4687 cu-

1135 4733 1190 4779 rae
1211 4717 1369 4780 oreditum
1395 4717 1495 4779 sciant
1516 4732 1581 4778 non
1602 4717 1707 4779 solum
1737 4717 1879 4780 doctrina

1134 4811 1244 4883 verbi,
1274 4811 1331 4872 sed
1361 4810 1457 4872 etiam
1486 4810 1637 4888 exemplo
1667 4809 1744 4873 boni
1773 4810 1878 4889 operis

1131 5057 1248 5102 antistes
1262 5059 1469 5104 consecrationis
1484 5069 1582 5104 munus
1598 5059 1647 5104 tibi
1661 5059 1822 5116 impendere,
1841 5065 1880 5108 tu·

1130 5135 1181 5181 que
1195 5125 1260 5170 illud
1279 5123 1397 5182 recipere
1417 5126 1660 5183 praesumpseritis,
1675 5127 1745 5172 idem
1759 5128 1878 5174 antistes

1129 5203 1146 5237 a
1160 5191 1320 5248 pontificalis
1334 5191 1412 5238 otiicii
1426 5193 1561 5248 exercitio,
1576 5203 1607 5240 ae
1622 5195 1678 5239 tarn
1692 5193 1748 5250 ipse
1759 5205 1838 5250 qnam
1850 5197 1878 5240 tu

1130 5269 1145 5304 a
1160 5259 1290 5314 regimine
1304 5260 1330 5304 et
1345 5258 1579 5304 administratione
1594 5259 1766 5305 ecclesiarum
1781 5263 1879 5307 vestra·

1130 5335 1190 5370 rum
1206 5324 1327 5382 suspensi
1342 5323 1402 5370 sitis
1417 5336 1447 5370 eo
1458 5325 1521 5382 ipso.
1534 5328 1588 5370 Non
1600 5325 1768 5371 obstantibus
1777 5329 1879 5384 aposto·

1129 5392 1188 5436 licis
1202 5401 1233 5437 ac
1248 5392 1274 5436 in
1289 5391 1486 5438 universalibus
1501 5391 1760 5449 provincialibusque
1775 5397 1801 5438 et
1817 5396 1880 5450 Syn·

1129 5457 1249 5504 odaiibus
1264 5457 1388 5502 conciliis
1397 5457 1476 5503 editis
1487 5457 1657 5514 generalibus
1668 5458 1709 5503 vel
1719 5459 1878 5514 specialibus

1129 5523 1365 5570 constitutionibus
1375 5527 1402 5569 et
1412 5523 1634 5579 ordinationibus,
1645 5523 1809 5581 caeterisque
1820 5537 1878 5570 con-

1130 5588 1222 5636 trariis
1236 5589 1453 5646 quibuscumque.

1170 5659 1265 5704 Datum
1279 5659 1378 5702 Rornae
1398 5657 1467 5712 apud
1483 5661 1505 5702 S.
1523 5660 1640 5714 Petrum,
1655 5659 1705 5704 sub
1725 5659 1825 5705 annulo
1840 5658 1879 5704 Pi-

1129 5723 1241 5770 scatoris
1255 5723 1296 5767 die
1313 5735 1368 5768 vni.
1385 5723 1477 5770 martii
1496 5735 1688 5780 nocccxxxnr„
1706 5725 1877 5782 pontificatus

1129 5789 1215 5836 nostri
1229 5799 1298 5835 anno
1312 5802 1349 5835 nr.

1170 5858 1202 5914 (1)
1217 5861 1254 5903 ux
1267 5859 1330 5914 ng.
1345 5855 1469 5903 Brevium
1487 5857 1537 5902 vol.
1553 5861 1602 5914 lv,
1616 5869 1639 5916 p.
1655 5861 1689 5903 76.
