4770 6982
109 594 159 644 Ara
175 595 204 644 (¹.
226 593 295 644 1844

136 1585 272 1627 Decretum

935 601 1110 648 suademus
1132 604 1182 648 1²1³.
1207 605 1271 650 xvt.

328 725 420 787 etiam
447 724 622 786 saecularia
648 739 795 802 quaeqae
824 729 855 785 et
884 722 1075 800 quorumvis

329 818 477 880 ordinum
500 819 678 895 regularia,
710 818 735 879 si
757 835 843 879 nanc
872 817 990 878 ibidem
1013 816 1074 876 iam

327 913 471 974 instituta
497 913 712 990 reperiantur,
736 911 905 976 beneticia.
930 926 989 971 nec
1010 925 1076 971 non

326 1006 496 1081 utriusque
518 1021 614 1066 sexus
637 1021 803 1082 personae,
828 1003 1021 1066 habitatores
1044 1009 1076 1063 et

327 1100 464 1172 incolae,
489 1106 552 1161 tam
576 1100 645 1162 laici
674 1115 769 1176 66666
792 1098 911 1168 6166161,
937 1097 1075 1174 praesbi-

326 1193 399 1264 teri,
423 1193 649 1254 6666666166166
669 1192 822 1269 religiosi,
846 1191 1076 1266 cuiuscumque

328 1289 455 1364 gradus,
479 1293 591 1359 status,
617 1287 736 1348 ordinis
760 1291 792 1348 et
817 1284 1019 1356 conditionis,
1038 1283 1075 1345 ab

328 1381 487 1443 ordinaria
508 1381 729 1444 iurisdictione
749 1380 906 1442 Antistius
923 1393 980 1456 666
996 1385 1075 1439 tem-

327 1491 406 1553 pore
428 1475 578 1536 antedicti
600 1475 799 1553 episcopatus
821 1473 1026 1536 llascalensis.

368 1569 436 1644 §h
460 1569 650 1630 Huiusmodi
673 1567 829 1628 divisione
852 1583 908 1628 seu
925 1567 1075 1628 dismem-

328 1663 472 1725 bratione
491 1669 585 1739 66666
605 1663 810 1739 exemptione
823 1667 959 1738 peracta,
973 1675 1074 1736 66666

328 1764 472 1835 66666666
493 1756 687 1834 666661666661
709 1755 909 1833 66166666666
931 1755 971 1816 616
993 1755 1075 1817 Vera

326 1851 428 1913 Gracc
452 1850 580 1912 noviter
596 1849 742 1926 erigendi
759 1850 869 1910 sedem
887 1850 920 1910 in
936 1852 1075 1927 praecel-

327 1945 464 2006 lentiore
487 1949 581 2020 66666
610 1943 724 2021 aptiori
746 1943 816 2004 loco
846 1959 956 2020 parare
979 1951 1074 2021 66666

327 2039 533 2109 constituere,
548 2052 715 2114 66666666
728 2037 764 2098 661
778 2037 1074 2119 hocpraestandam

291 2138 294 2148 “
328 2138 506 2210 opportune
529 2138 682 2192 6666666
707 2131 893 2192 memoratis
916 2147 950 2192 66
973 2149 1007 2192 66
1030 2131 1073 2192 61-

327 2227 407 2288 16666
436 2225 588 2304 oppidum
618 2225 755 2286 civicam
788 2226 827 2286 de
860 2225 942 2287 Vera
972 2225 1074 2289 Graec

327 2327 560 2397 nuncupatum,
584 2319 664 2380 illud.
689 2319 830 2396 prolecto
852 2319 884 2380 in
912 2320 1072 2382 civitatem

327 2412 538 2490 episcopalem
561 2411 736 2472 attollimus
759 2419 853 2488 66666
876 2413 1073 2474 instituimus

326 2524 398 2569 cam
414 2507 501 2568 66616
517 2512 548 2567 66
563 2506 749 2567 66666116616
762 2507 981 2581 ecclesiastiea,
997 2507 1073 2570 irai-

326 2608 436 2663 turam
459 2600 580 2662 scilicet
602 2600 750 2661 omnibus
774 2601 968 2673 honorinae,
996 2601 1072 2662 inri-

326 2695 396 2766 bas,
421 2695 609 2772 privilegiis,
640 2694 803 2756 favoribus
826 2701 858 2756 et
879 2697 1073 2772 praerogati-

326 2789 385 2858 vis,
409 2789 525 2866 6661666
548 2789 667 2864 absque
689 2789 784 2849 titulo
807 2805 943 2850 66666666
959 2790 1011 2850 661
1027 2789 1074 2850 in·

326 2883 415 2944 dalto
444 2883 572 2960 speciali
601 2883 697 2944 modo
726 2889 869 2944 caeterae
900 2883 1073 2960 pontificali

326 2978 401 3038 sede
423 2977 592 3053 insignitae
614 2977 756 3038 civitates
780 2991 959 3053 eorumque
989 2977 1073 3038 cives

326 3071 358 3138 in
381 3070 540 3131 llexicana
562 3071 683 3132 ditione
705 3076 843 3132 utantur
866 3077 897 3131 et
920 3071 1071 3146 gaudent.

134 3187 259 3242 ,66666666
279 3192 305 3230 666
366 3163 434 3238 §a
458 3165 626 3224 Praeterea
649 3163 814 3225 ecclesiam
845 3164 1070 3240 parochialem,

94 3251 178 3294 >illarii-

326 3259 461 3336 quaein
484 3257 640 3319 antedicta
663 3257 790 3318 civitate
813 3257 851 3317 de
876 3255 1073 3319 Veradruce

325 3351 390 3412 Deo
421 3352 518 3413 dicata
548 3358 596 3412 est
625 3352 656 3412 in
687 3352 845 3412 honorem
868 3351 1073 3413 Beatissimae

326 3444 468 3522 Virginis
490 3445 641 3522 Deiparae
662 3443 708 3524 (l)
712 3492 851 3505 ,,,,,
876 3444 952 3516 11116,
977 3446 1071 3506 etiam

325 3539 357 3600 ia
380 3545 558 3616 posterum,
577 3538 813 3616 parochialitate
836 3546 868 3600 66
893 3539 1072 3600 animarum

326 3648 400 3694 cara
416 3649 480 3694 non
496 3649 587 3694 secas
603 3649 636 3694 ac
652 3639 743 3693 antea
759 3633 820 3693 rite
834 3633 1073 3709 diligenterque

326 3727 514 3798 exercenda,
533 3733 726 3805 perpetuam
743 3727 862 3804 pariter
884 3727 917 3787 in
940 3725 1072 3788 modam

326 3821 481 3897 erigimus
504 3838 537 3883 66
556 3822 780 3882 constituimus
796 3822 828 3882 in
844 3821 1010 3883 ecclesiam
1027 3839 1074 3884 66-

326 3915 516 3985 thedralem,
541 3914 649 3990 ibique
679 3915 760 3990 erigi
783 3914 880 3975 simul
903 3931 936 3976 ac
959 3915 1076 3976 consti=

325 4009 372 4070 tui
394 4007 545 4069 volamus
568 4009 689 4080 sedern,
711 4007 894 4069 cathedram
917 4013 949 4068 et
971 4007 1073 4084 digni-

326 4107 422 4162 tatem
446 4101 657 4178 episcopalem
680 4117 738 4179 pro
753 4117 818 4162 uno
838 4101 986 4179 deinceps
1002 4102 1074 4180 Epi-

326 4211 421 4272 scopo
451 4196 489 4256 de
519 4195 601 4256 Vera
630 4194 732 4256 Gruce
762 4195 986 4272 nuncupando,
1018 4196 1072 4271 661

326 4289 430 4350 eidem
444 4290 595 4351 eeclesiae
608 4289 791 4360 cathedrali,
807 4289 926 4350 civitati
942 4296 974 4350 et
988 4289 1074 4352 diee-

317 4383 389 4444 eesi
419 4399 495 4444 66666
524 4383 747 4459 66616666666,
772 4383 907 4460 6166666
933 4384 1020 4445 61666
1042 4391 1074 4446 66

326 4477 444 4555 666616
474 4478 601 4554 praesit,
626 4479 786 4555 synodum
817 4487 989 4550 convocet,
1014 4495 1073 4542 nec

325 4587 390 4633 non
413 4571 518 4633 omnia
537 4579 569 4633 et
583 4572 709 4648 singula
731 4571 810 4644 iura,
836 4572 935 4633 cilicia
958 4579 990 4634 et
1004 4587 1073 4636 mu-

325 4665 376 4726 nia
389 4667 577 4744 episcopalia
589 4667 703 4726 habeat
715 4671 810 4742 66666
827 4673 985 4739 66666666,
999 4684 1073 4729 carn

325 4759 391 4819 suis
414 4760 551 4837 capitulo
567 4760 636 4841 (ubi
653 4760 731 4821 illud
748 4760 847 4820 luerit
862 4760 1071 4839 institutum),

325 4868 405 4922 6666,
419 4853 536 4930 sigillo,
551 4870 671 4924 mensa,
687 4861 722 4916 at
738 4853 820 4914 inira
836 4855 1068 4928 constituenda,

326 4947 471 5022 gaudeat,
486 4947 625 5023 61661666
642 4947 1074 5024 6616666666666666666166-

325 5039 409 5100 libus
432 5041 720 5118 666666166611666
743 5041 899 5117 insigniis,
925 5057 985 5104 666
1008 5060 1072 5104 666

325 5133 461 5204 1661666,
479 5133 751 5211 praeeminentiis,
764 5135 884 5209 gratiis,
896 5135 1070 5206 favoribus,

326 5227 477 5297 indultis,
516 5227 763 5305 praerogativis,
799 5228 1073 5291 iurisdictionibus

326 5321 465 5382 realibus
489 5329 521 5384 et
535 5322 757 5400 personalibus
774 5328 806 5382 et
822 5323 940 5395 mixtis
956 5324 1072 5400 661666

326 5415 403 5476 61166
426 5415 623 5476 cathedrales
637 5415 788 5476 ecclesiae
804 5415 836 5476 in
853 5417 1012 5478 blesicana
1029 5419 1073 5479 di-

327 5509 413 5570 tione
436 5525 521 5572 6666
537 5515 691 5580 extantes,
710 5525 890 5586 eorumque
906 5511 1072 5573 Praesules

327 5611 462 5665 utantur
485 5610 516 5666 et
539 5605 694 5681 gaudent,
720 5605 894 5666 dummodo
917 5621 957 5666 66
979 5622 1073 5684 6666-

326 5697 396 5758 11661
412 5698 793 5777 166161666666616116616
809 5715 873 5760 non
889 5699 1011 5761 luerint
1026 5701 1072 5761 eis

326 5792 488 5853 attributa.

1172 725 1189 797 5
1211 723 1240 783 5.
1265 723 1306 786 Ut
1327 739 1406 786 vero
1429 726 1561 788 ecclesia
1578 728 1616 789 de
1632 726 1714 788 Vera
1730 726 1833 789 Gruce
1847 727 1880 789 in
1939 745 1970 786 m
1984 755 2069 798 66666,

1132 815 1348 879 cathedralem
1366 825 1475 882 evecta
1491 823 1651 899 propriam
1665 821 1780 882 habeat
1795 820 1881 882 dice-

1132 911 1241 980 666166,
1264 912 1447 974 universam
1472 913 1680 991 provinciam,
1702 915 1803 992 vulgo
1827 913 1881 975 Di·
1980 961 1982 965 ,

1130 1003 1325 1080 parttmceto
1348 1004 1384 1066 de
1409 1005 1487 1068 Vere
1513 1006 1631 1078 Gracc,
1662 1005 1699 1070 ab
1723 1007 1880 1070 hodierno

1133 1098 1297 1159 territorio
1319 1097 1513 1161 llascalensis
1536 1101 1701 1173 dioecesis,
1719 1103 1767 1163 uti
1787 1117 1881 1180 sape·

1132 1190 1199 1250 rius
1216 1192 1336 1253 dietam
1353 1200 1411 1266 est,
1429 1194 1641 1264 avellendam,
1659 1211 1761 1257 novae
1776 1197 1881 1258 cathe-

1133 1283 1213 1346 drali
1236 1285 1388 1347 eeclesiae
1412 1287 1546 1364 eiusque
1568 1305 1626 1366 pro
1649 1295 1796 1367 tempore
1818 1287 1881 1350 An-

1133 1377 1224 1438 tistiti
1240 1385 1396 1457 66666666
1412 1381 1611 1458 assignamus
1626 1388 1721 1458 66666
1736 1382 1881 1444 66661661-

1132 1487 1215 1531 mars.
1240 1471 1416 1533 Praelatam
1438 1473 1544 1550 166666
1567 1475 1775 1552 provinciam,
1798 1477 1881 1538 idest

1132 1564 1293 1626 civitatem
1316 1566 1355 1626 de
1378 1565 1460 1628 Vera
1483 1567 1586 1630 Gruce
1606 1575 1638 1630 et
1659 1575 1782 1630 caetera
1804 1587 1880 1632 can-

1132 1665 1178 1719 cta
1194 1659 1307 1736 oppida
1322 1675 1379 1720 sea
1402 1661 1573 1737 paroecias,
1591 1677 1672 1739 6666
1688 1663 1720 1722 16
1734 1663 1879 1724 eiusdem

1131 1753 1314 1828 provinciae
1326 1754 1491 1816 territorio
1504 1756 1721 1828 continentur,
1736 1756 1880 1834 itemque

1131 1861 1244 1907 omnes
1259 1847 1338 1908 inibi
1353 1847 1564 1910 consistentes
1581 1850 1729 1911 ecelesias
1745 1850 1813 1911 sive
1830 1867 1880 1928 pa·

1130 1939 1287 2002 rochiales
1310 1941 1379 2002 sive
1400 1942 1616 2014 succursales,
1641 1943 1710 2005 sive
1732 1943 1880 2020 collegia-

1131 2037 1187 2104 tae,
1210 2034 1279 2095 sive
1308 2035 1480 2112 simplices
1507 2037 1658 2108 oratoria,
1687 2043 1877 2110 conventus,

1130 2128 1334 2196 monasteria,
1352 2129 1401 2206 616
1417 2129 1578 2205 666611666
1593 2131 1738 2192 instituta
1754 2137 1796 2204 66,
1815 2138 1877 2193 tam

1130 2221 1302 2282 saecularia
1321 2237 1416 2298 66666
1439 2223 1600 2300 666616616
1622 2225 1813 2302 6666666616
1830 2241 1879 2287 66-

1130 2315 1429 2388 dinum,beneircia‚
1441 2334 1503 2378 ana
1516 2334 1589 2378 cum
1600 2319 1771 2395 utriusque
1783 2335 1878 2380 sexus

1129 2409 1346 2471 saecularibus
1369 2418 1400 2472 et
1415 2411 1620 2488 regularibus
1637 2413 1793 2490 66666616,
1813 2429 1878 2475 666

1129 2509 1237 2564 tamen
1260 2505 1429 2583 exemptis,
1444 2511 1507 2566 tam
1529 2505 1616 2568 laicis
1640 2521 1735 2584 qaam
1755 2507 1878 2568 clericis

1129 2603 1183 2658 aut
1198 2597 1403 2675 praesbiteris
1423 2599 1618 2660 beneficiatis
1641 2605 1672 2660 et
1694 2616 1759 2661 non
1782 2601 1878 2662 bene-

1130 2691 1239 2751 ficiatis
1263 2692 1520 2768 quibuscamque
1536 2695 1568 2753 in
1587 2693 1697 2755 eadem
1715 2693 1877 2772 pruvincia

1130 2785 1332 2860 degentibus,
1357 2787 1589 2863 cuiuscumque
1604 2787 1668 2848 sint
1688 2787 1739 2848 vel
1757 2786 1879 2850 luerint

1129 2883 1241 2950 status,
1257 2880 1384 2954 gradus,
1400 2879 1520 2940 ordinis
1542 2887 1574 2940 66
1589 2881 1790 2952 conditionis,
1808 2897 1879 2959 per-

1130 2977 1227 3048 66666
1249 2972 1399 3033 similiter
1427 2973 1523 3034 modo
1546 2973 1724 3036 ordinariae
1754 2973 1878 3035 iurisdi-

1130 3064 1237 3136 ctioni‚
1255 3065 1418 3142 regimini,
1438 3067 1586 3144 potestati
1606 3083 1641 3128 66
1660 3067 1878 3144 superioritati

1131 3158 1281 3220 ordinarii
1305 3158 1463 3222 Antistius
1486 3161 1525 3221 de
1547 3160 1629 3222 llera
1655 3160 1758 3222 Gruce
1781 3161 1878 3224 subii-

1130 3251 1249 3325 cimus,
1278 3253 1390 3330 illique
1421 3254 1525 3315 omnia
1554 3254 1632 3315 6666
1653 3254 1687 3315 16
1716 3254 1878 3316 civitatem

1130 3346 1354 3424 episcopalem,
1372 3348 1585 3422 territorium,
1610 3363 1667 3409 seu
1691 3348 1875 3420 dioecesim,

1129 3441 1161 3500 in
1184 3441 1308 3502 clerum
1322 3447 1354 3502 66
1370 3441 1525 3520 populum
1548 3441 1659 3503 itidem
1681 3442 1877 3518 assignamus

1129 3541 1224 3610 atque
1246 3535 1462 3596 attribuimus.

1169 3631 1187 3703 ἓ
1208 3627 1237 3688 6.
1262 3628 1429 3690 Ρ66666666
1451 3645 1524 3690 cam
1547 3636 1702 3707 oporteat,
1721 3635 1757 3691 at
1777 3630 1810 3691 in
1826 3646 1876 3708 pa.
1926 3656 1971 3716 ,ΒΕ
1992 3651 2108 3708 capituto

1129 3723 1262 3784 66661611
1285 3723 1415 3784 66666616
1437 3724 1476 3785 de
1499 3707 2025 3787 1666066666616666116116

1130 3816 1224 3878 dralis
1248 3817 1406 3878 lionorem
1424 3827 1533 3879 evecta
1550 3818 1729 3879 condecens
1751 3817 1877 3880 canoni-

1129 3927 1241 3972 corum
1264 3911 1439 3987 collegium
1456 3911 1572 3972 divinis
1594 3911 1741 3974 laudibus
1758 3912 1877 3990 persol-

1129 4005 1242 4066 vendis
1264 4005 1466 4078 instituatar,
1491 4005 1643 4067 volamus
1665 4012 1760 4082 66666
1789 4021 1876 4066 man-

1130 4099 1241 4161 damus
1263 4099 1350 4160 atad
1366 4115 1531 4161 sacrorum
1554 4115 1711 4162 canonum
1725 4100 1878 4178 praescri-

1129 4199 1180 4272 pta
1201 4195 1347 4272 protinus
1369 4193 1402 4255 in
1418 4209 1454 4255 66
1475 4193 1650 4271 capitulum
1667 4194 1820 4270 erigatur,
1836 4194 1878 4255 ita

1130 4295 1237 4350 tamen
1258 4287 1396 4349 utillud
1418 4288 1567 4366 primitas
1590 4288 1744 4350 coalescat
1764 4289 1877 4350 saltem

1130 4399 1169 4444 ea
1191 4399 1254 4444 una
1276 4383 1430 4458 dignitate
1453 4383 1637 4456 canonicali,
1657 4399 1697 4444 66
1711 4384 1816 4446 661666
1832 4400 1878 4446 66-

1130 4477 1251 4538 6661616
1264 4477 1457 4548 61661661666,
1469 4476 1585 4553 661666
1598 4478 1747 4540 accedant
1758 4478 1879 4556 6116666

1129 4571 1282 4649 capellani
1308 4588 1364 4632 seu
1393 4572 1599 4634 mansionarii
1622 4577 1654 4634 et
1682 4573 1808 4650 clerici;
1832 4581 1880 4638 tot

1129 4665 1290 4735 videlicet,
1315 4672 1474 4743 6666666
1496 4665 1661 4728 hodiernis
1683 4682 1796 4728 reram
1819 4668 1879 4728 cir-

1129 4761 1327 4821 cumstantiis
1340 4760 1510 4822 instituere
1523 4761 1686 4822 censuerit
1698 4768 1878 4838 6666666666

1129 4853 1347 4930 praesentiam
1364 4853 1545 4914 litterarum
1563 4854 1808 4932 apostolicarum
1824 4871 1878 4934 po-

1129 4947 1247 5009 sterius
1270 4947 1483 5025 deputanduS,
1506 4947 1555 5008 cui
1578 4948 1674 5009 etiam
1697 4949 1825 5010 veniam
1848 4956 1880 5012 et

1129 5047 1320 5119 potestatem
1352 5041 1560 5119 impertimur
1595 5043 1782 5119 adsignandi
1814 5051 1878 5105 tam

1129 5135 1286 5213 praelatae
1315 5136 1462 5212 dignitati
1492 5143 1525 5197 et
1551 5135 1879 5214 661661666666661-

1129 5245 1253 5302 corum,
1279 5245 1374 5306 qaam
1397 5231 1630 5308 praenuntiatis
1653 5232 1822 5309 capellanis
1847 5239 1880 5294 et

1129 5325 1350 5386 mansionariis
1384 5331 1415 5385 et
1444 5325 1566 5387 clericis
1600 5341 1669 5386 eam
1702 5341 1878 5403 congruam

1129 5419 1354 5496 praebendam,
1373 5435 1468 5496 66666
1485 5425 1516 5480 66
1531 5425 1682 5496 quantam
1704 5420 1878 5499 unicuique

1129 5528 1243 5573 eorum
1267 5529 1351 5574 nurrc
1370 5513 1541 5590 'adsignare
1563 5529 1603 5575 66
1632 5515 1809 5576 redditibus
1831 5516 1878 5577 in-

1129 5606 1228 5668 166166
1241 5607 1444 5683 designandis
1457 5608 1656 5670 iudicaverit.
1670 5607 1877 5686 lnsaperedi-

1129 5701 1231 5761 eimus
1254 5706 1290 5762 ut
1312 5701 1470 5762 eiusmodi
1493 5701 1673 5763 cathedrale
1702 5702 1877 5780 6661661666

1130 5794 1255 5856 1666666
1273 5800 1305 5855 66
1318 5795 1452 5871 gaudeat
1468 5795 1617 5857 omnihus
1631 5795 1755 5858 iuribus
1771 5802 1803 5857 et
1817 5796 1873 5858 ho-

368 6006 397 6060 (ll
413 6009 440 6050 la
456 6005 522 6062 orig.
539 6006 628 6050 hltrev.
645 6006 675 6050 de
691 6007 776 6062 Curia,
792 6021 821 6052 ex
837 6020 888 6064 666
902 6009 1070 6065 desarrnptant
1087 6013 1127 6054 est
1142 6010 1205 6064 doe,
1220 6010 1294 6054 deest
1309 6009 1410 6054 titulae.

1802 591 1861 654 323
1912 595 2008 644 66,(1.
2032 595 2101 646 1844
