4788 6980
911 581 1087 630 GREGORIUS
1108 579 1159 628 ΡΡ.
1181 579 1248 628 xvl.

308 696 499 776 postolicum
528 697 681 778 praedicti
707 699 783 762 novi
811 697 986 762 vicariatus
1015 699 1053 762 ad

308 797 456 854 nostrum
472 797 504 856 et
520 791 552 854 S.
565 791 655 855 Sedis
670 792 839 856 arbitrium
852 792 1051 871 deputamus.

308 884 342 945 ln
363 884 452 948 bisce
471 900 551 947 vero
573 885 715 964 partibus
742 885 897 947 obeundis
920 884 1054 962 diligen·

308 982 357 1038 ter
377 977 526 1056 inspicies
547 977 633 1055 quod
656 977 857 1056 potissimum
878 976 960 1039 iactu
976 992 1054 1055 opus

308 1069 348 1132 sit
368 1070 406 1132 ad
433 1070 585 1133 eumdem
611 1068 805 1133 vicariatum
835 1069 1054 1148 Apostolicum

309 1161 370 1224 rite
391 1161 653 1225 constituendum
673 1161 735 1243 (l),
760 1177 838 1224 num
861 1168 893 1225 et
914 1161 969 1239 qui
991 1161 1055 1222 sint

309 1254 517 1318 inmissione
532 1255 709 1335 superioris
732 1254 870 1333 Aegypti
885 1270 980 1316 curae
994 1253 1055 1316 lra-

309 1353 396 1409 trum
422 1346 549 1411 Ordinis
571 1348 733 1410 Minorum
763 1345 794 1408 S.
818 1347 976 1409 Francisci
997 1346 1055 1410 lte-

310 1439 522 1503 iormatorum
538 1446 796 1519 nuncupatorum
809 1439 990 1502 concrediti
1004 1439 1056 1502 ab·

310 1548 399 1604 usus,
423 1533 620 1611 eosdemque
640 1533 758 1596 tollere
772 1533 926 1604 studebis,
943 1548 1056 1594 novas-

310 1639 373 1700 que
384 1625 525 1702 regulas,
540 1626 666 1704 quoties
679 1641 758 1705 opus
770 1625 879 1698 inerit,
895 1641 1056 1704 propones

311 1733 327 1778 a
348 1711 507 1780 missionis
529 1719 689 1797 praelecto
711 1724 744 1780 et
765 1719 975 1780 missionariis
990 1735 1056 1780 ser-

311 1811 440 1884 vandas,
456 1812 540 1874 utin
555 1811 729 1874 excolenda
745 1811 782 1874 ed
796 1812 910 1874 vineae
928 1811 1056 1875 bomini

312 1910 401 1982 parte
421 1904 553 1966 illorum
576 1920 672 1984 opera
693 1905 803 1967 utilior
825 1905 951 1977 evadat,
975 1920 1056 1983 quae

312 1996 443 2073 quidem
464 1998 597 2075 regulae
621 1997 802 2076 plenarium
824 1997 961 2062 babeant
982 1999 1057 2060 elie-

249 2167 253 2174 *
312 2095 410 2162 ctum,
434 2091 537 2154 donee
557 2091 702 2170 ipsorum
723 2107 821 2152 venn.
842 2091 979 2154 fratrum
1001 2108 1056 2154 no-

107 5188 282 5234 Prooemium.

312 2189 455 2246 strorum
483 2183 699 2261 Congregatio
728 2199 826 2262 snper
847 2183 896 2244 his
926 2183 1002 2262 quid
1023 2184 1056 2246 in

312 2285 478 2354 posterum
506 2278 701 2340 servandum
729 2277 770 2338 sit
796 2277 995 2350 iudicaverit,
1023 2295 1057 2339 ac

313 2374 483 2447 propterea
514 2370 552 2433 ad
583 2370 729 2432 eamdem
764 2368 1057 2448 congregationem

313 2462 443 2525 mittere
464 2463 596 2526 omnino
618 2463 747 2525 debebis
769 2467 842 2525 tuae
863 2461 1057 2525 visitationis

314 2563 346 2618 et
360 2555 653 2618 Administrationis
669 2561 746 2628 acta,
763 2570 899 2633 eamque
911 2555 950 2618 de
962 2555 1059 2619 rebus

314 2649 463 2712 omnibus
485 2649 730 2726 diligentissime
756 2648 929 2710 certiorem
950 2648 1056 2711 facies.

352 2744 371 2818 5
392 2741 421 2804 3.
436 2742 677 2804 Haecvolumus
686 2748 781 2818 atque
793 2742 963 2804 statuimus
971 2759 1059 2804 man·

315 2835 424 2898 dantes
436 2836 554 2898 idcirco
566 2836 715 2898 omnibus
728 2842 760 2898 et
771 2836 918 2912 singulis,
929 2836 966 2897 ad
978 2851 1058 2913 quos

312 2935 433 3007 spectat
453 2945 487 2992 ac
508 2928 663 3008 spectabit
683 2929 716 2991 in
738 2934 921 3006 posterum,
944 2936 981 2992 ut
1001 2929 1059 2990 tibi

313 3021 347 3084 in
368 3023 550 3102 praemissis
573 3028 687 3100 sponte
709 3028 841 3100 pareant
861 3029 893 3084 et
912 3022 1061 3084 obediant

314 3120 433 3192 tuaque
444 3115 582 3178 salubria
593 3114 713 3178 monita
725 3121 786 3177 ete.
800 3114 975 3178 observari.
989 3115 1060 3178 Non

316 3209 514 3270 obstantibus
529 3207 709 3287 apostolicis
724 3214 784 3270 etc.
802 3209 970 3272 contrariis
992 3209 1061 3287 qui-

315 3301 527 3379 bustumque.

354 3397 469 3458 Datum
484 3395 603 3457 Romae
624 3395 707 3472 apud
722 3393 754 3457 S.
775 3395 907 3458 Petrum
927 3397 988 3458 sub
1007 3412 1060 3460 an·

316 3489 393 3552 nulo
409 3489 520 3551 Piscat.
544 3488 596 3550 die
616 3504 683 3550 xxa.
705 3488 787 3550 lebr.
811 3505 1059 3563 noccexnxvn„

316 3583 518 3662 pontificatus
538 3581 640 3646 nostri
661 3597 745 3644 anno
764 3598 821 3644 vn.

571 3739 810 3751 ——n--n-—n—

634 3861 741 3927 CXVI.

391 4049 660 4132 Arcltt‘epiecopoli
681 4049 828 4112 ecclcsiae
848 4047 987 4112 iconion.

579 4143 726 4224 procidet
745 4140 801 4222 (2).

319 4331 436 4399 llilecto
448 4329 512 4396 titio
525 4328 700 4412 presbytero
711 4327 837 4394 dieolao
853 4327 985 4393 candori
1002 4326 1063 4394 lte-

357 4423 559 4529 tropolitenae
588 4420 750 4488 Ecclesiae
782 4419 981 4504 comprensis
1008 4421 1064 4488 ca-

359 4533 477 4595 correo,

490 4697 793 4766 defodiuntor.
818 4697 889 4766 tttlt.

592 4887 710 4954 dilecte
732 4885 791 4965 iili,

353 4985 482 5052 salntem
505 4989 536 5050 et
560 4981 756 5065 apostolicam
780 4980 1030 5048 benedictionem.

359 5176 379 5249 5
402 5175 429 5235 l.
453 5171 657 5252 Apostolatus
679 5170 829 5242 officium,
844 5169 970 5232 meritis
991 5168 1067 5231 licet

320 5265 507 5345 imparibus,
521 5263 613 5327 nobis
629 5278 670 5326 er
685 5261 749 5324 alto
763 5261 984 5332 commissum,
1001 5276 1066 5337 quo

320 5358 529 5422 ecelesiarum
552 5356 698 5418 omnium
713 5354 866 5433 regimini
882 5353 988 5416 divina
1005 5353 1066 5415 dis-

322 5451 480 5531 positione
491 5450 722 5529 praesidemus,
735 5448 860 5511 utiliter
872 5447 1001 5524 exequi,
1015 5446 1066 5508 ad·

321 5546 451 5608 iuvante
465 5543 612 5616 Domino,
632 5542 809 5621 cupientes,
824 5539 952 5603 solliciti
970 5539 1067 5602 corde

322 5638 489 5702 reddimur
503 5643 537 5700 et
550 5635 698 5708 solertes,
715 5641 761 5707 ut,
780 5649 853 5697 cum
869 5633 909 5696 de
924 5631 1067 5696 eeclesia-

1777 562 1834 627 l'lti
1882 564 1981 619 Aac.
2002 567 2072 622 resa

1108 715 1182 762 rum
1204 699 1346 778 ipsarum
1360 699 1574 778 regiminibus
1589 699 1854 778 agiturcommit·

1108 791 1224 864 tendis
1247 791 1319 854 talis
1336 792 1428 856 eisin
1444 794 1589 872 Pastores
1601 794 1775 872 praeficere
1789 799 1854 855 stu-

1109 885 1252 958 deamus,
1276 886 1331 962 qui
1356 887 1512 966 populum
1533 904 1610 950 suae
1638 903 1732 950 curae
1754 887 1855 950 credi-

1109 983 1180 1040 tum
1194 978 1294 1040 sciant
1308 995 1372 1041 non
1394 980 1500 1043 solum
1520 981 1663 1044 doctrina
1677 980 1781 1053 verbi,
1798 979 1856 1042 sed

1110 1070 1205 1134 etiam
1238 1073 1387 1151 exemplo
1418 1073 1494 1136 boni
1525 1074 1631 1154 operis
1659 1073 1853 1144 informare,

1110 1164 1360 1241 commissasque
1389 1165 1449 1228 sibi
1471 1167 1618 1230 ecclesias
1639 1167 1672 1230 in
1698 1173 1783 1230 statu
1804 1183 1856 1246 pa-

1110 1255 1199 1318 cifico
1221 1261 1254 1318 et
1274 1258 1448 1335 tranquillo
1475 1259 1579 1322 velint
1600 1267 1632 1322 et
1656 1261 1783 1324 valeant
1803 1277 1856 1322 au-

1110 1353 1199 1410 ctore
1220 1348 1357 1412 Domino
1371 1349 1544 1413 salubriter
1565 1367 1683 1428 regere
1704 1360 1737 1416 et
1757 1352 1856 1416 ielioi·

1112 1445 1161 1501 ter
1184 1441 1377 1518 gubernare.
1407 1441 1534 1506 lindum
1563 1444 1723 1521 siquidem
1751 1445 1856 1524 provi-

1110 1532 1234 1596 sionem
1267 1534 1474 1598 ecclesiarum
1507 1537 1653 1600 omnium
1685 1553 1770 1602 nunc
1804 1554 1857 1600 va-

1111 1626 1263 1700 cantium,
1280 1641 1426 1705 quaeque
1447 1629 1661 1707 inposterum
1677 1637 1855 1706 vacaturae,

1113 1718 1305 1781 ordinationi
1334 1737 1367 1782 ac
1396 1721 1572 1799 provisioni
1599 1729 1727 1786 nostrae
1755 1741 1858 1787 reser-

1111 1811 1269 1885 vavimus,
1297 1813 1526 1888 decernentes,
1557 1832 1598 1878 ex
1626 1821 1703 1879 tunc
1727 1818 1857 1880 irritum

1112 1911 1145 1966 et
1164 1905 1270 1977 inane,
1292 1906 1318 1966 si
1340 1922 1433 1970 secus
1463 1923 1560 1986 super
1582 1908 1631 1970 bis
1653 1927 1670 1971 a
1695 1925 1857 1988 quoquam

1112 1997 1224 2074 quavis
1246 1999 1432 2062 auctoritate
1447 2001 1587 2062 scienter
1601 2003 1654 2064 vel
1669 2003 1858 2080 ignoranter

1112 2090 1284 2168 contigerit
1304 2093 1462 2155 attentari.

1151 2184 1170 2258 5
1191 2184 1220 2244 2.
1244 2184 1452 2250 Postmodum
1474 2202 1554 2250 vero
1582 2189 1857 2270 archiepiscopalis
1890 2202 2088 2266 ‚vuattooccte

1112 2275 1244 2340 ecclesia
1272 2277 1412 2352 leonien,
1442 2296 1523 2358 quae
1551 2281 1584 2344 in
1613 2284 1754 2361 partibus
1785 2284 1857 2346 lnti-
1876 2267 1928 2304 ³¹³⁰
1943 2259 2053 2302 ¹⁰⁰¹¹¹⁰¹¹'

1113 2368 1234 2432 delium
1256 2371 1374 2444 existit,
1403 2373 1516 2436 solatio
1541 2377 1674 2454 pastoris
1696 2377 1855 2451 destituta,

1113 2478 1171 2524 nos
1199 2463 1237 2525 ad
1259 2465 1403 2527 eiusdem
1430 2467 1599 2542 ecclesiae,
1630 2470 1670 2532 de
1691 2469 1781 2532 cuius
1805 2485 1857 2532 va-

1113 2556 1237 2618 catione
1263 2557 1383 2620 relatus
1413 2559 1475 2622 tide
1507 2561 1596 2639 digni
1624 2578 1682 2625 nos
1711 2563 1859 2627 iecerunt

1114 2649 1279 2722 certiores
1303 2651 1521 2729 provisionem
1542 2655 1682 2718 celerem
1704 2663 1800 2734 atque
1814 2659 1858 2722 le-

1112 2736 1220 2814 licem,
1251 2743 1284 2804 in
1306 2759 1368 2820 qua
1389 2760 1485 2807 nemo
1513 2755 1641 2825 praeter
1663 2765 1720 2811 nos
1745 2766 1780 2811 se
1805 2766 1859 2829 po-

1114 2835 1177 2896 tuit
1192 2851 1249 2898 seu
1266 2837 1384 2916 poterit
1398 2839 1628 2914 intromittere,
1639 2844 1859 2906 reservatione

1115 2943 1149 2989 ac
1172 2929 1302 2992 decreto
1330 2930 1560 2994 obsistentibus
1588 2935 1794 3012 supradictis,
1817 2953 1859 3000 no

1114 3022 1169 3087 illa
1194 3023 1308 3099 longae
1336 3024 1507 3086 vacationis
1534 3033 1713 3104 exponatur
1739 3029 1859 3092 incom-

1115 3117 1228 3190 modis,
1238 3122 1371 3195 paterno
1383 3133 1416 3179 ac
1427 3117 1564 3180 sollicito
1575 3119 1681 3182 studio
1692 3120 1860 3185 intenden-

1115 3218 1174 3284 tes,
1197 3215 1268 3289 post
1292 3208 1569 3285 deliberationem,
1593 3227 1688 3290 quam
1710 3213 1750 3275 de
1772 3231 1860 3293 prae·

1116 3301 1252 3368 liciendo
1267 3301 1372 3364 eidem
1394 3301 1546 3366 ecelesiae
1561 3319 1731 3381 personam
1745 3307 1859 3370 utilem

1116 3413 1150 3459 ac
1164 3397 1360 3458 fructuosam
1375 3411 1449 3458 cum
1464 3411 1561 3458 venn.
1576 3397 1727 3460 iratribus
1742 3400 1859 3462 nostris

1117 3489 1149 3552 S.
1170 3489 1206 3552 lt.
1228 3488 1264 3550 ll.
1287 3487 1507 3551 cardinalibus
1529 3489 1752 3568 Propagandae
1773 3493 1860 3557 ordei

1117 3581 1304 3664 praepositis
1325 3581 1495 3644 habuimus
1517 3583 1718 3660 diligentem,

1156 3679 1175 3752 5
1196 3676 1225 3738 3;
1249 3675 1381 3738 demum
1397 3675 1435 3737 ad
1449 3682 1492 3748 te,
1511 3675 1566 3752 qui
1581 3692 1621 3738 ex
1636 3677 1782 3756 legitimo
1796 3695 1860 3742 ma·
1922 3699 2091 3748 nominatum

1117 3768 1271 3832 trimonio
1293 3774 1477 3847 procreatus
1493 3769 1572 3831 etin
1587 3777 1689 3834 aetate
1704 3773 1800 3835 etiam
1816 3774 1861 3836 le·
1879 3751 2005 3810 mm·

1119 3863 1229 3940 gitinra
1249 3861 1441 3924 constitutus
1464 3861 1586 3934 existis,
1609 3869 1642 3925 et
1662 3867 1753 3927 cuius
1779 3868 1862 3945 apud

1118 3972 1176 4019 nos
1198 3956 1238 4018 de
1259 3969 1388 4017 morum
1402 3954 1600 4031 integritate,
1617 3956 1771 4030 doctrina,
1788 3975 1862 4039 pru-

1119 4049 1225 4112 dentia
1252 4065 1287 4110 ae
1314 4047 1447 4126 pietate,
1470 4047 1661 4112 christianae
1688 4049 1863 4129 Religionis

1119 4148 1152 4204 et
1172 4141 1344 4204 catholicae
1371 4139 1447 4202 fidei
1475 4139 1563 4214 zelo,
1587 4159 1621 4203 ac
1648 4143 1863 4221 spiritualium

1119 4233 1322 4314 providentia
1353 4239 1386 4296 et
1411 4233 1639 4312 temporalium
1670 4236 1864 4318 circumspe-

1119 4329 1226 4391 ctione
1240 4328 1303 4390 llde
1318 4327 1413 4404 digna
1434 4327 1647 4406 perhibentur
1667 4331 1861 4406 testimonie,

1121 4422 1230 4484 oculos
1252 4421 1369 4484 mentis
1385 4427 1514 4482 nostrae
1536 4421 1724 4486 direximus.
1744 4423 1864 4498 Quibus

1121 4513 1270 4579 omnibus
1287 4520 1412 4576 mature
1427 4514 1603 4592 perpensis,
1620 4521 1653 4576 te
1667 4533 1684 4577 a
1698 4518 1864 4595 quibusvis

1120 4605 1471 4678 excommunicationis,
1487 4607 1705 4685 suspensionis
1720 4616 1753 4672 et
1766 4611 1865 4674 inter-

1120 4703 1206 4774 dicti,
1229 4699 1363 4777 aliisque
1385 4699 1602 4761 ecclesiasticis
1623 4702 1778 4776 censuris,
1794 4720 1866 4768 sen-

1120 4793 1229 4857 tentiis
1250 4799 1283 4857 et
1303 4793 1415 4872 poenis
1429 4793 1544 4870 quovis
1558 4793 1655 4856 modo
1670 4801 1702 4856 et
1716 4809 1866 4872 quacum-

1120 4904 1184 4966 que
1206 4889 1246 4950 de
1267 4903 1357 4950 causa
1378 4885 1459 4958 latis,
1483 4886 1509 4947 si
1531 4901 1608 4964 quas
1628 4886 1713 4950 torte
1731 4888 1867 4952 incurri-

1119 4981 1171 5054 sti,
1194 4980 1291 5042 buius
1319 4985 1445 5042 tantum
1466 4979 1514 5042 rei
1537 4979 1637 5056 gratia
1665 4980 1867 5044 absolventes

1122 5081 1154 5136 ot
1168 5073 1350 5136 absolutum
1367 5073 1438 5135 lore
1458 5079 1639 5146 censentes,
1656 5075 1803 5138 eamdem
1818 5091 1867 5137 ee-

1122 5167 1250 5229 clesiam
1271 5165 1411 5228 lconien.
1429 5166 1469 5228 de
1484 5181 1618 5244 persona
1639 5173 1703 5239 tua,
1727 5167 1818 5229 nobis
1835 5173 1869 5228 et

1122 5259 1307 5322 memoratis
1332 5257 1552 5322 cardinalibus
1580 5259 1620 5321 ob
1649 5265 1781 5321 tuorum
1803 5259 1868 5322 exi·

1122 5353 1263 5430 gentiam
1275 5352 1467 5414 meritorum
1479 5358 1615 5431 accepta,
1626 5353 1665 5414 de
1677 5353 1867 5416 eorumdem

1121 5446 1258 5508 fratrum
1270 5443 1402 5506 consilio
1414 5445 1601 5506 auctoritate
1612 5445 1782 5522 apostolica
1796 5461 1868 5524 pro-

1122 5539 1285 5610 videmus,
1310 5543 1407 5614 teque
1436 5536 1483 5597 illi
1504 5536 1537 5600 in
1559 5536 1750 5615 Episcopum
1779 5553 1868 5616 prae-

1123 5630 1248 5694 ficimus
1270 5635 1365 5707 atque
1387 5635 1560 5708 pastorem,
1583 5644 1703 5702 curam,
1721 5629 1868 5706 regimen

363 5877 391 5934 (l)
406 5876 571 5922 erectionem
586 5875 734 5922 Vicariatus
748 5873 860 5930 Aegypti
874 5877 901 5920 et
915 5875 1027 5922 Arabiae
1042 5873 1092 5920 vid.
1108 5871 1185 5918 intre.

364 5943 392 6000 pl)
406 5945 444 5988 Ex
457 5945 521 6000 Reg.
536 5943 659 5988 Brevium
674 5943 723 5988 vol.
740 5945 789 5998 lv,
804 5955 827 6000 p.
842 5943 890 5988 222.
