1290 1823
559 170 591 181 iun.
603 169 649 181 ron-t.
662 169 681 180 nu
693 169 707 180 1⁸.
719 169 734 180 1⁷.
747 168 788 180 rans
799 169 810 179 ι,

466 204 498 216 :um
509 200 540 215 isto
555 199 598 215 lldeli
612 199 673 219 populo

466 223 516 243 egisse
530 223 604 240 Domino.
616 226 633 238 ac
645 226 674 242 pro

474 246 553 262 Ecclesiae
564 245 674 261 incolumitate

468 274 486 289 ες
495 270 531 285 ssdei
539 271 622 289 praeterea
630 273 674 284 men-

466 293 495 309 airi
507 293 543 308 huic
554 294 571 308 et
583 292 629 312 capiti
641 296 674 307 orn-

476 317 539 336 penitus
552 316 619 332 devotae
631 315 674 331 testi-

466 344 479 355 es
493 342 536 355 tuam
550 343 587 355 cum
598 339 616 354 iis
627 339 674 358 plane

466 367 473 378 e
487 363 542 378 scribit
553 362 569 378 S.
581 362 673 382 ciprianus:

475 386 548 402 Christus
558 390 607 403 unus,
615 387 630 401 et
640 389 675 401 una

466 410 492 425 tra
502 414 537 425 una
547 413 595 429 super
609 408 675 424 Petrum

466 435 493 448 ita.
505 432 530 448 Sic
541 432 608 448 animata
619 432 675 447 frater-

468 458 510 472 ente.
519 456 542 471 uti
549 456 650 473 confidimus,
659 459 675 470 ac

466 480 531 498 namus,
540 479 618 497 omniurn.
630 480 676 498 quot-

466 503 483 518 ³li
491 507 539 518 curae
547 505 583 518 tuae
590 502 646 518 crediti
655 502 676 517 le-

466 530 509 546 mper
520 526 555 541 lore
566 530 593 541 cor
604 529 654 541 annm
662 526 677 540 et

466 554 480 565 ic
494 553 575 569 uunquam
593 549 676 564 remissam

466 573 508 588 *andi
521 573 600 588 unitatem
610 572 677 592 spiritus

466 619 508 639 quod
518 619 580 636 attinet.
589 619 643 634 divino
654 618 678 633 in-

466 643 481 658 in
489 643 529 658 lianc
536 642 631 658 Cathedram
641 645 678 657 eve-

473 665 574 681 sacerdotalis
585 666 641 680 exorta
648 666 677 683 est.

473 691 489 704 et
499 692 537 704 oves
548 690 564 704 et
574 692 623 707 agnos
634 688 679 703 istius

469 716 507 731 pore
516 712 553 727 licet
563 712 579 727 in
591 711 644 727 medio
653 715 679 726 na-

466 739 481 751 re
498 735 534 751 fidei
550 734 678 752 retinentissimi,

466 762 492 774 ore
498 758 544 774 nonis
555 762 608 776 curae.
619 758 679 773 omnia-

466 787 468 797 ι
479 785 544 797 omnem
558 785 623 801 operam
634 781 679 801 polli-

466 805 538 820 3rationc
544 805 572 820 tibi
580 805 636 824 illique
644 809 679 824 pro-

466 830 515 846 rante,
529 828 613 848 possimus.
627 828 680 847 Atque

466 850 509 867 esset
522 851 586 867 incultas
597 853 616 867 ut
626 853 679 871 postu-

466 874 524 893 ollegio
539 874 652 890 Maronitarum
664 875 680 890 in

467 898 499 914 ndo
506 902 577 913 annuere
589 900 679 918 possemusi

466 925 474 936 r
484 922 501 937 in
512 921 551 939 dies,
560 923 578 937 ιιι
589 925 645 937 omnes
653 925 680 937 no-

466 946 481 960 ta
488 947 512 960 est
518 949 573 960 rerum
583 947 680 963 nostrarum,

466 972 489 983 »re
503 968 530 983 fel.
545 972 577 983 rec.
592 968 681 983 decessoris

466 995 495 1006 nen
506 991 524 1006 ad
536 991 566 1007 lioc
580 991 681 1010 respondisse

467 1014 531 1033 collegii
541 1014 557 1029 in
565 1018 583 1030 ea
590 1014 682 1030 conditione

474 1037 538 1053 restitui
548 1039 608 1057 posset-

466 1073 468 1078 .
477 1062 493 1076 et
504 1065 533 1076 nos
544 1061 652 1080 adiungimus,
660 1061 682 1076 lo-

466 1088 470 1099 ι
481 1084 497 1099 in
508 1084 581 1103 Gollegio
594 1084 683 1104 Propagan-

479 1107 607 1122 adolescentibus
621 1107 683 1123 clericis

466 1134 475 1145 «s
483 1132 501 1145 ut
508 1130 561 1145 mittas
568 1131 625 1150 cupide
635 1135 683 1151 expe-

466 1153 493 1168 iim
505 1157 533 1169 nos
542 1157 579 1169 cura
590 1154 683 1169 ecclesiasti-

466 1176 550 1195 3titutioni,
559 1177 610 1196 quoad
618 1181 647 1196 per
655 1181 684 1193 nos

466 1200 534 1218 sulendi,
546 1204 578 1219 quo
588 1200 684 1216 fraternitati

468 1227 502 1240 esto
513 1224 545 1239 sint
555 1224 609 1240 idonei
620 1229 637 1240 ac
647 1224 684 1240 side-

466 1248 526 1263 ludiose
537 1248 631 1267 utiliterque
642 1248 685 1263 laho-

467 1271 522 1287 omini.
539 1271 618 1287 Habentes
631 1273 684 1287 autem

466 1299 479 1310 >s
494 1294 545 1310 officio
562 1294 634 1313 gratiam,
651 1294 684 1313 tihi,

466 1318 558 1337 iversaeque
573 1318 685 1333 dilectissimae

466 1341 535 1356 nitarum
543 1341 595 1356 omnis
606 1341 685 1360 auspicem

474 1364 574 1384 apostolicam
589 1364 686 1380 benedictio-

474 1387 582 1407 impertimur.

478 1411 519 1430 apud
535 1410 550 1426 S.
563 1411 626 1426 Mariam
640 1411 687 1426 Maio>

466 1441 467 1447 ι
478 1434 567 1452 Piscatoris,
578 1434 603 1449 die
611 1438 643 1449 xiv.
652 1434 686 1449 iulii

466 1457 540 1473 itiiicatus
554 1457 605 1473 nostri
616 1461 658 1473 anno
669 1461 686 1473 ιι.

466 1514 483 1523 im
491 1512 515 1523 voi.
523 1512 547 1525 iv..
555 1515 566 1526 μ
575 1512 598 1523 ιυι,

848 197 924 213 XXXVII.

702 245 764 261 Vinaria
775 244 828 265 April.
842 244 923 263 Timqm'm'
936 243 1042 259 Occidentalis
1049 243 1074 262 [(ι-

721 268 797 284 cultatem
808 267 878 283 concedit
889 267 998 283 coadiutorem
1006 270 1041 281 cum
1049 266 1074 286 su-

722 293 760 307 tura
770 290 868 306 succensione
878 290 946 310 eligendi
957 290 984 310 (l).

742 338 780 354 ven.
792 337 835 354 tratri
847 337 923 358 Episcopo
934 336 1036 354 Castorienni.

712 361 784 382 Tuoquini
794 360 897 378 Occidentalis
905 359 965 376 νῆσοι-ιο
974 359 1065 380 apostolico,

789 406 898 424 cosconius
910 406 941 422 ΡΡ.
953 406 989 422 ΧῚΙ.

811 453 906 470 Venerabilis
917 453 971 471 irater,

720 478 785 495 salutem
796 479 812 494 et
823 476 921 497 apostolicam
934 476 1059 493 benedictionem.

724 526 733 544 ἓ
745 525 758 540 l.
770 525 810 540 Cum
822 528 859 540 ven.
871 524 921 539 irater
929 524 1031 539 Beniaminus
1038 524 1077 539 Lon-

705 552 734 568 ger
745 548 831 568 Episcopus
842 547 948 567 Gortyuensis
959 547 1040 566 Tunquini
1051 546 1078 562 Oc-

705 571 787 587 cidentalis
795 571 867 586 Vicarius
874 570 975 590 Apostolicus
983 574 1003 586 ex
1011 570 1039 586 hac
1047 572 1078 585 vita

706 595 786 614 migravit.
801 596 851 613 tuque
866 594 909 609 illius
923 594 1005 609 coadiutor
1017 594 1033 609 in
1044 594 1078 609 eius
1088 602 1090 604 -

706 618 758 634 locum
770 617 875 633 successeris:
888 621 908 633 ne
919 617 966 635 forte.
979 617 1021 637 quod
1032 617 1077 634 absit.

706 642 790 658 vicariatus
798 641 832 661 ipse
840 641 875 656 sine
882 643 945 660 pastore
953 641 1038 660 episcopali
1044 641 1078 656 clia-

706 667 767 680 ractere
775 664 852 683 insignito
860 666 946 682 remaneat,
953 664 966 679 si
974 664 1034 679 diutius
1041 668 1079 680 novi

706 688 802 704 coadiutoris
812 687 870 703 electio
877 687 955 703 retardari
963 687 1049 706 contingat,
1059 687 1079 702 la-

706 711 773 727 cultates
784 711 812 726 tibi
827 711 920 726 tribuendas
933 715 1030 729 censuimus,
1042 714 1080 730 qua-

707 739 743 750 rum
755 738 785 754 npe
796 736 842 750 tuum
856 734 909 749 valeas
920 734 936 750 in
948 734 1023 750 vicariatu
1036 738 1079 754 prae-

707 758 738 773 lato
749 758 811 777 eligere
821 757 931 773 coadiutorem
939 761 976 773 cum
984 757 1037 773 lutura
1045 762 1080 773 suc-

707 781 784 799 cessione,
796 781 905 800 eumdemque
918 781 1014 800 Episcopum
1025 785 1080 796 conse-

707 808 751 820 crare
762 808 799 819 cum
811 804 857 819 titulo
869 804 954 823 episcopali
965 808 994 824 per
1004 808 1033 820 nos
1041 805 1080 820 adsi-

708 828 776 847 gnando.

727 851 736 869 ἓ
746 851 761 866 2.
776 851 884 869 Quamobrem
901 855 930 870 pro
945 851 1024 870 spirituali
1039 851 1081 867 hono

708 874 792 889 memorati
804 874 891 889 Vicariatus
902 874 989 894 Apostolici
1001 875 1081 894 Tunquini

708 897 817 915 Occidentalis,
829 901 849 913 ue
861 897 877 913 in
888 897 962 917 eligenda
974 902 1041 917 persona
1048 898 1081 914 iilo-

709 925 738 936 nea
749 925 778 940 pro
789 921 882 936 huiusmodi
889 921 986 936 coadiutoris
994 921 1045 937 officio
1054 922 1082 937 tibi

709 946 752 964 grata
764 946 780 959 et
790 944 809 959 ad
817 944 915 964 explendum
924 948 983 960 munus
991 946 1081 964 apta,.quae

709 968 753 987 prius
768 972 775 983 a
790 967 836 983 nubis
851 969 899 985 esset.
911 970 929 983 ut
940 972 968 987 par
982 969 1012 986 est,
1026 972 1082 988 appro-

709 991 765 1009 banda,
774 992 838 1010 tempus
846 990 906 1006 irustra
914 990 980 1009 labatur,
989 991 1009 1006 ob
1017 991 1082 1006 nimiam

709 1014 782 1029 locorum
802 1014 936 1033 longinquitatem
957 1014 1083 1030 extraordinario

710 1037 763 1055 modo,
780 1037 813 1054 tibi.
825 1037 845 1052 de
856 1037 901 1052 nnius
916 1037 980 1057 pietate.
992 1038 1082 1057 prudentia.

711 1061 747 1078 ilde.
757 1060 837 1079 religione
848 1062 864 1076 et
875 1061 946 1076 doctrina
954 1065 1058 1081 summopere
1066 1061 1083 1077 in

711 1084 778 1099 Domino
794 1084 898 1102 confidimus,
915 1086 964 1103 teque
978 1089 986 1100 a
1000 1085 1083 1104 quibusvis

711 1107 885 1125 excommunicationis,
893 1108 1003 1127 suspensionis
1011 1110 1028 1123 et
1034 1108 1084 1124 inter>

711 1130 754 1148 dicti.
766 1130 833 1149 aliisque
844 1130 954 1146 ecclesiasticis
962 1131 1040 1149 censuris.
1048 1135 1084 1147 sen-

712 1154 766 1169 tentiis
774 1155 790 1169 et
797 1154 853 1173 poenis
861 1154 918 1173 quovis
927 1154 975 1169 ruoilo
984 1156 1000 1169 et
1009 1158 1084 1173 quacum-

712 1181 743 1196 que
754 1177 774 1192 de
785 1181 830 1192 causa
841 1177 882 1195 latisv
894 1177 907 1192 si
918 1181 957 1196 quas
968 1177 1010 1193 rorte
1017 1178 1085 1193 incurri-

712 1200 738 1218 sti.
750 1200 797 1216 huius
808 1201 870 1215 tantum
881 1200 905 1216 rei
920 1201 969 1220 gratia
983 1201 1085 1217 absolventes

712 1226 729 1239 et
739 1223 830 1239 absolutum
842 1223 877 1239 iore
888 1226 978 1241 censentes,
991 1224 1010 1239 de
1020 1228 1085 1240 venera-

712 1247 769 1263 bilium
781 1247 849 1262 lratrum
860 1249 954 1262 nostrorum
966 1247 981 1262 S.
993 1247 1011 1263 R.
1020 1248 1038 1263 E.
1050 1248 1086 1263 Car-

713 1270 790 1286 dinalium
798 1270 869 1289 negociis
875 1270 987 1290 Propagandae
993 1271 1036 1286 Fidei
1042 1275 1086 1290 prae-

713 1294 802 1313 positorum
811 1293 884 1311 consilio,
891 1293 925 1311 tibi.
932 1297 989 1309 vener,
997 1294 1052 1312 irater.
1059 1298 1086 1309 ne-

713 1317 789 1332 cessarias
800 1318 817 1332 et
828 1318 925 1336 opportunas
933 1317 1015 1332 facultates
1023 1317 1051 1332 tibi
1059 1317 1087 1333 eli-

714 1340 762 1359 gendi
770 1341 785 1355 in
793 1340 902 1355 coadiutorem
911 1341 1033 1356 commemorati
1040 1340 1087 1356 ol'licii

715 1363 771 1379 Vicarii
786 1362 872 1383 Apostolici
887 1363 968 1382 Tunquini
983 1363 1087 1379 Occidentalis

1090 162 1116 175 Λιι.
1125 162 1141 175 C.
1154 161 1187 174 1832

714 1391 752 1402 eum
766 1391 814 1406 quem
828 1387 941 1406 dignissimum
956 1388 1040 1407 magisque
1051 1388 1098 1403 huic>

714 1410 778 1426 muneri
789 1410 866 1426 idoneum
877 1414 906 1430 pro
914 1412 970 1426 tenore
978 1411 1087 1430 praesentium

715 1434 801 1449 tribuimus
815 1436 831 1449 et
845 1434 954 1453 impertimur.
971 1434 991 1449 ita
1007 1435 1059 1449 tamen
1070 1436 1089 1449 ut

715 1457 797 1473 coadiutor
807 1457 830 1472 sic
841 1461 870 1477 per
881 1459 896 1472 te
908 1457 969 1472 electus
985 1461 1017 1472 non
1028 1457 1059 1473 nisi
1070 1462 1088 1473 ea
