4822 6986
600 517 659 582 381

622 671 664 717 ιι.
689 656 806 718 Zonam
829 674 893 720 nen
913 657 1025 730 solvat,
1043 675 1102 720 nec
1117 659 1329 722 monasticum

583 750 745 812 cucullum
769 753 916 830 deponat,
934 761 987 814 aut
1002 753 1094 814 aliam
1117 760 1253 824 vestem,
1278 771 1330 815 cu-

581 842 717 916 biturus,
731 845 792 905 nisi
805 861 886 922 quae
899 863 998 908 zenae
1009 846 1143 908 subesse
1159 863 1223 908 uon
1235 849 1328 909 solet.

621 955 649 997 v.
674 937 708 999 ln
724 937 845 1010 habitu,
859 938 1092 1012 calceamentis,
1110 940 1194 1002 lecto
1210 949 1242 1002 et
1253 947 1330 1002 stra·

581 1030 665 1106 gulis
688 1037 856 1109 paupertas
878 1040 1039 1095 servetur.

664 1222 744 1284 Car.
769 1223 847 1286 Vlll.
865 1255 902 1269 -
920 1223 963 1284 De
984 1220 1075 1284 auocat
1097 1222 1132 1282 ia
1155 1221 1244 1284 catto.

502 1389 524 1405 ⁶
619 1430 641 1472 1.
666 1413 837 1476 Monachus
859 1414 928 1474 sine
944 1411 1034 1474 eausa
1050 1411 1163 1472 cellam
1180 1411 1330 1471 deserere

580 1523 644 1570 non
667 1509 779 1584 debet3

621 1621 654 1664 ιι.
679 1603 791 1680 Neque
804 1619 912 1664 secum
936 1601 968 1662 in
990 1599 1043 1662 illa
1059 1598 1203 1660 liabitare
1219 1611 1330 1674 quem-

580 1697 662 1774 piam
686 1696 892 1775 permitterc3

621 1809 668 1852 ιιι.
692 1791 804 1868 Neque
817 1791 922 1851 lratris
935 1789 1048 1851 cellam
1072 1787 1149 1848 citra
1165 1785 1262 1863 ipsius
1277 1801 1329 1844 an-

580 1892 695 1946 nutum
718 1885 856 1962 ingredi.

620 1997 661 2040 rv.
687 1978 718 2040 Si
741 1979 924 2056 quempiam
947 1977 1072 2038 adeum
1095 1973 1208 2034 venire
1230 1972 1329 2034 conti-

580 2073 673 2148 gerit,
691 2073 747 2134 illo
762 2073 794 2134 in
811 2070 889 2132 cella
913 2073 1082 2148 praesente
1105 2067 1197 2128 ianua
1213 2071 1325 2143 pateat,

580 2181 686 2243 neque
708 2165 904 2236 occludatur,
930 2164 1030 2226 donec
1054 2161 1108 2222 ille
1131 2159 1255 2220 abierit.

620 2278 649 2320 v.
674 2258 817 2320 Menaeni
840 2258 918 2319 cella
941 2258 982 2318 ita
1004 2256 1107 2318 clausa
1130 2259 1266 2322 maneat,
1293 2259 1329 2312 ut

579 2352 758 2423 communi,
789 2367 849 2428 qua
878 2349 1022 2428 reliquae
1052 2349 1186 2409 fratrum
1217 2346 1325 2416 cellae,

578 2448 667 2508 clave
688 2445 827 2507 reserari
849 2444 961 2505 valeat.

618 2558 660 2600 vr.
684 2539 791 2601 Cellae
808 2538 999 2599 munditiem
1016 2543 1049 2596 et
1061 2535 1207 2596 ordinem
1224 2537 1325 2594 curet.

668 2727 747 2790 Cae.
772 2727 824 2789 lll.
848 2759 886 2773 -
909 2726 953 2787 Dc
975 2726 1036 2786 iter
1059 2720 1238 2804 aparatibus.

619 2935 640 2978 ι.
665 2916 837 2978 Monachus
859 2931 925 2977 non
947 2915 1043 2976 debet
1070 2912 1139 2973 sine
1161 2909 1247 2972 socio
1275 2924 1327 2968 ex-

580 3015 626 3070 tra
648 3010 784 3072 claustra
799 3009 902 3084 abire,
927 3013 1121 3086 quapropter
1143 3012 1216 3066 ante
1232 3017 1327 3064 suum

579 3121 596 3164 e
613 3104 807 3164 monasterio
820 3117 989 3180 egressum
1002 3100 1154 3161 comitem
1166 3097 1203 3158 ab
1215 3096 1327 3158 abbate

579 3203 674 3274 petat.

617 3307 652 3351 ιι.
677 3289 810 3352 Nullum
833 3291 895 3351 iter
916 3288 1076 3366 suscipiat,
1091 3287 1151 3349 nisi
1175 3287 1213 3363 de
1230 3286 1326 3346 licen-

577 3384 617 3444 tia
641 3383 771 3445 abbatis

617 3493 665 3538 ιιι.
690 3477 733 3538 De
756 3475 950 3537 monasterio
963 3492 1028 3538 uon
1051 3481 1153 3546 exeat,
1171 3473 1230 3535 nisi
1247 3479 1327 3534 tem-

576 3585 655 3647 pere
677 3569 714 3630 ab
737 3569 849 3632 abbate
871 3569 1057 3632 constituto.

617 3681 659 3724 av.
685 3662 760 3724 Sino
783 3663 898 3724 litteris
925 3661 1045 3724 abbatis
1068 3661 1132 3734 sui,
1157 3662 1197 3722 de
1226 3661 1326 3722 altore

576 3757 609 3818 in
631 3757 769 3819 alterum
792 3757 1025 3832 monasterium
1048 3772 1112 3818 nen
1135 3763 1257 3834 pergat.

618 3849 901 3926 educatumque
931 3849 1161 3912 monasterium
1188 3849 1327 3910 intrave-

577 3944 629 4017 rit,
655 3945 723 4006 eius
746 3943 806 4006 loci
829 3943 932 4005 abbati
955 3959 1059 4021 usque
1081 3944 1116 4006 ad
1134 3959 1229 4004 suum
1252 3943 1326 4004 inde

578 4037 754 4100 discessum
778 4037 910 4100 omnine
932 4044 1049 4114 pareat.

616 4149 659 4192 ιι.
685 4131 774 4193 Neve
797 4147 879 4208 equo
895 4141 949 4192 aut
965 4131 1078 4207 quovis
1093 4130 1250 4202 iumento,
1266 4130 1326 4190 nisi

576 4225 689 4287 abbate
710 4231 884 4296 annuente,
907 4231 1028 4286 utatur.

618 4336 671 4380 var.
697 4317 795 4396 Sique
814 4317 884 4380 sieri
901 4323 1016 4396 potest,
1034 4318 1180 4379 iumento
1196 4325 1326 4380 eonten-

576 4419 627 4472 tus
650 4419 729 4474 esto.

743 4600 823 4664 Gar.
847 4601 885 4662 ll.
909 4633 946 4646 -
970 4600 1014 4662 De
1036 4600 1156 4662 aracussi.

616 4806 637 4850 1.
662 4787 769 4850 Mensa
786 4788 932 4850 monachi
950 4787 1019 4850 cibe
1036 4787 1130 4849 obvie
1147 4793 1179 4850 et
1194 4787 1324 4866 parabili

575 4883 766 4945 instruatur.

616 4995 649 5038 n.
674 4977 724 5038 Bis
746 4977 780 5038 in
802 4978 853 5039 die
876 4975 1040 5038 dumtaxat
1058 4977 1164 5039 cibum
1181 4993 1322 5050 sumere,

575 5071 745 5150 prandium
776 5071 897 5132 scilicet
918 5077 950 5132 et
976 5087 1125 5144 coenam,
1155 5079 1324 5133 contentus

575 5165 633 5240 sit;
656 5164 681 5225 si
704 5163 779 5242 quid
803 5163 938 5241 amplius
961 5180 1091 5226 sumere
1111 5181 1242 5227 necesse
1257 5165 1325 5227 lue-

575 5259 628 5330 rit,
652 5258 798 5320 abbatem
821 5259 975 5320 consulat.

615 5371 662 5414 ιιι.
687 5353 843 5415 Carnibus
876 5354 1047 5427 abstineat,
1080 5369 1137 5416 nec
1165 5355 1239 5426 illis,
1264 5355 1323 5416 nisi

574 5447 786 5525 aegritudinis
808 5449 916 5520 causa,
949 5448 1034 5510 vesci
1057 5447 1101 5508 las
1124 5455 1203 5512 esto.
1227 5449 1324 5525 idque

575 5543 614 5603 de
636 5540 762 5602 lieentia
785 5539 915 5602 abbatis.

615 5633 852 5696 inhominem
883 5635 1079 5697 saecularem
1109 5631 1145 5696 a'd
1179 5651 1323 5698 mensam

574 5729 658 5790 intra
680 5729 865 5790 monasterii
888 5729 1024 5790 claustra
1046 5735 1111 5791 neu
1133 5729 1291 5792 adhibeat.

616 5841 644 5883 v.
669 5823 715 5884 hd
733 5839 877 5885 mensam
894 5823 963 5884 sine
979 5823 1098 5884 abbatis
1115 5823 1241 5885 licentiat
1258 5840 1322 5885 non

574 5917 683 5978 sedeat
704 5933 799 5996 supra
820 5917 994 5980 seniorem.

1101 537 1166 584 11111.
1191 537 1282 586 PON'P.
1307 537 1347 586 bn
1370 539 1399 586 P.
1424 539 1453 586 F.
1478 541 1562 587 PARS
1584 539 1606 586 l.

1427 677 1469 721 vr.
1495 661 1621 724 Mensae
1650 662 1791 726 assidens
1814 661 1978 726 neminem
2008 661 2133 726 salutet.

1428 771 1483 816 ιιι.
1508 755 1583 817 Post
1604 755 1815 818 relectionem
1838 757 1881 819 las
1898 763 1965 819 este
1981 759 2136 836 tantisper

1387 849 1531 910 animum
1554 849 1710 922 relaxare,
1724 851 1777 912 vel
1792 849 1825 912 in
1838 850 1979 914 solitarie
1994 867 2135 924 secessu,

1387 943 1439 1003 ael
1462 944 1524 1004 unt
1547 959 1620 1004 cum
1644 943 1805 1006 iratribus.

1466 1131 1546 1193 Can.
1570 1131 1621 1192 lll.
1645 1164 1682 1176 -
1709 1131 1750 1192 lla
1772 1149 1862 1213 opere
1883 1149 2052 1196 maculam.

1427 1334 1448 1378 1.
1475 1318 1664 1381 Monachum
1684 1327 1812 1397 oportet
1827 1322 1917 1400 operi
1931 1339 1988 1382 seu
2006 1321 2137 1382 mentali

1386 1427 1444 1472 seu
1466 1412 1623 1490 corporali
1639 1429 1761 1485 vacare,
1786 1415 1973 1494 praesertim
1996 1415 2023 1475 si
2047 1414 2136 1475 firmat

1387 1505 1531 1582 corperis
1554 1506 1739 1568 valetudine
1760 1507 1874 1568 utitur.

1428 1613 1462 1658 ιι.
1487 1596 1571 1675 Opus
1594 1605 1701 1662 autem
1725 1600 1877 1663 iratribus
1900 1601 1979 1663 utile
2004 1607 2085 1662 este.

1427 1709 1474 1753 ιιι.
1499 1692 1581 1754 lllud
1602 1709 1693 1764 vere,
1711 1695 1770 1755 nisi
1794 1695 1833 1755 de
1855 1695 1980 1756 licentia
2003 1693 2135 1766 abbatis,

1387 1801 1451 1848 nen
1474 1787 1588 1864 capiat;
1612 1787 1705 1864 sique
1720 1804 1773 1848 res
1789 1787 1855 1865 ipsa
1871 1787 2021 1865 postulat,
2042 1787 2135 1848 etiam

1386 1879 1540 1950 ollicinae,
1565 1881 1597 1941 in
1627 1889 1759 1957 quaest
1784 1887 1989 1958 operaturus.
2015 1881 2137 1958 praele-

1385 1979 1472 2034 ctum
1495 1972 1651 2044 consulat,
1676 1973 1809 2050 eiusque
1832 1979 1989 2034 antrutum
2014 1979 2110 2051 petat.

1533 2160 1612 2222 Cae.
1638 2159 1702 2221 llll.
1726 2193 1764 2206 -
1788 2161 1832 2222 lle
1852 2161 1989 2222 silentio.

1425 2362 1446 2405 1.
1472 2345 1642 2408 Monachus
1675 2347 1771 2408 debet
1801 2348 1964 2409 silentium
1998 2347 2133 2408 discrete

1386 2437 1570 2500 observare.

1425 2550 1459 2594 ιι.
1484 2534 1582 2612 idque
1606 2535 1707 2596 tribus
1730 2536 1899 2612 praecipue
1916 2533 2132 2612 temporibus;

1385 2645 1401 2687 a
1423 2627 1643 2706 completorio
1665 2629 1820 2690 nimirum
1843 2629 1879 2690 ad
1908 2628 2050 2690 Tertiam
2073 2628 2133 2689 diei

1383 2723 1566 2798 sequentis3
1590 2729 1755 2800 praeterea
1776 2723 1809 2784 in
1833 2722 1963 2784 ecclesia
1986 2728 2082 2799 atque
2098 2723 2132 2784 ad

1385 2831 1546 2876 mensam:
1566 2823 1598 2877 et
1612 2817 1637 2876 si
1654 2817 1729 2894 quid
1747 2817 1918 2878 dicendum
1935 2816 2045 2888 luerit,
2063 2815 2133 2876 sub-

1385 2909 1479 2969 missa
1501 2924 1580 2970 voce
1603 2911 1736 2972 dicatur.

1434 3097 1514 3160 Cau.
1539 3097 1617 3160 Xlll.
1642 3131 1679 3144 -
1703 3098 1747 3160 lle
1769 3099 1916 3160 eratione
1937 3099 2082 3160 mentali.

1424 3301 1445 3372 r.
1470 3285 1640 3347 Monachus
1663 3302 1757 3348 mane
1779 3294 1811 3348 et
1832 3301 1968 3364 vespere
1997 3285 2132 3346 orationi

1386 3379 1517 3440 mentali
1532 3380 1567 3440 ad
1585 3379 1780 3442 semihoram
1793 3381 1846 3442 rel
1862 3381 1974 3442 horam
1992 3379 2130 3452 vacabit3

1383 3472 1481 3550 idque
1503 3473 1556 3533 liat
1577 3474 1629 3534 vel
1652 3470 1722 3552 pest
1744 3473 1902 3535 absolutas
1918 3473 2045 3535 recales
2065 3487 2132 3550 pre-

1383 3583 1446 3638 ces,
1470 3567 1523 3628 vel
1545 3575 1628 3639 ante,
1653 3569 1690 3629 ad
1713 3568 1832 3629 abbatis
1855 3575 1981 3630 nutum.

1424 3677 1458 3722 ιι.
1482 3659 1645 3732 oraturus,
1670 3661 1721 3722 vel
1743 3677 1815 3724 cum
1839 3661 1906 3722 aliis
1928 3661 2080 3722 tratribus
2100 3661 2131 3720 in

1383 3755 1514 3817 ecelesia
1536 3755 1715 3826 conveniat,
1734 3755 1787 3816 vel
1808 3756 1895 3816 solus
1911 3755 1944 3817 in
1967 3755 2047 3818 cella
2070 3771 2130 3815 ma-

1384 3854 1467 3910 neat.

1423 3959 1470 4002 ιιι.
1495 3942 1685 4004 Huiusmodi
1701 3950 1808 4004 autem
1822 3943 1932 4004 orandi
1949 3947 2053 4020 genus
2070 3957 2131 4002 non

1384 4037 1559 4114 suscipiant
1580 4036 1634 4112 qui
1657 4037 1822 4098 laboriosis
1837 4037 2027 4098 ministeriis
2049 4034 2131 4096 addi-

1384 4135 1512 4203 cuntur,
1536 4130 1596 4191 nisi
1618 4131 1657 4191 de
1679 4129 1805 4194 licentia
1828 4131 1958 4192 abbatie.

1449 4278 1529 4340 (lar.
1553 4277 1633 4340 XIV.
1658 4311 1695 4323 -
1719 4277 1763 4340 be
1784 4279 1930 4340 eratione
1952 4279 2066 4342 cocali.

1424 4429 1445 4474 ι.
1470 4413 1642 4474 Monachus
1654 4419 1779 4492 septem
1797 4413 1907 4476 orandi
1920 4421 2066 4492 tempera
2080 4413 2131 4474 ob·

1382 4514 1491 4568 servet
1512 4507 1600 4568 iuxta
1628 4507 1814 4568 monasterii
1843 4509 2127 4569 consuetudinem:

1384 4602 1537 4679 primum,
1561 4601 1784 4680 vespertinum
1808 4602 1947 4664 efficium
1963 4601 2023 4663 sub
2047 4617 2129 4663 occa-

1383 4710 1473 4771 sum3
1505 4695 1635 4768 deinde,
1667 4695 1916 4773 completorium
1945 4702 2019 4757 ante
2047 4694 2130 4756 cubi-

1384 4794 1471 4864 tum;
1495 4789 1603 4862 tertio,
1629 4789 1768 4852 officium
1797 4789 1921 4850 mediae
1951 4791 2053 4851 noctis
2073 4787 2129 4850 sub

1383 4883 1495 4944 horam
1519 4882 1696 4961 propriam3
1721 4888 1846 4959 quarto,
1872 4883 2010 4945 officium
2032 4887 2129 4946 matu-

1385 4977 1486 5038 tinum
1508 4977 1604 5038 simul
1626 4993 1699 5038 cum
1722 4977 1800 5038 horat
1818 4977 1930 5052 terum
1954 4983 2125 5056 pestremo,

1384 5071 1522 5134 ollreium
1544 5078 1652 5132 sextae
1673 5071 1769 5132 simul
1793 5077 1825 5132 et
1847 5089 1961 5134 nonae.

1423 5181 1457 5226 11.
1482 5165 1708 5226 turreeteuuae
1734 5171 1810 5226 sunt
1831 5165 2043 5243 completorio
2064 5165 2127 5226 lita·

1383 5259 1452 5320 niae
1464 5258 1626 5336 Deiparae,
1641 5259 1757 5336 quibus
1768 5259 1908 5320 succedit
1920 5257 2126 5321 conscientiae

1382 5367 1518 5413 eranaen
1544 5353 1581 5413 ad
1605 5357 1746 5413 octavam
1777 5352 1892 5426 horae,
1924 5353 2009 5430 quod
2035 5353 2124 5414 etiam

1382 5461 1475 5506 mane
1498 5445 1568 5506 heri
1591 5445 1688 5507 debet
1709 5451 1779 5523 post
1801 5447 1951 5506 Tertiam.

1422 5557 1474 5602 ru.
1494 5539 1584 5601 Ferit
1607 5540 1718 5616 quarta
1735 5540 1870 5601 etsexta
1888 5540 2009 5618 singuli
2022 5541 2053 5602 in
2068 5537 2125 5601 cel-

1381 5637 1426 5697 las
1448 5651 1521 5696 suas
1543 5635 1693 5696 secedant
1708 5634 1767 5694 sub
1783 5649 1950 5712 vesperam
1973 5642 2044 5713 post
2057 5647 2124 5695 cen-

1381 5729 1533 5792 scientiae
1549 5743 1700 5804 examen3
1718 5735 1749 5788 et
1762 5728 1918 5806 psalmum
1934 5731 2124 5806 quinquage-

1380 5823 1497 5884 simum
1512 5823 1658 5884 manibus
1674 5823 1707 5882 iu
1723 5823 1825 5883 crucis
1837 5823 1973 5898 liguram
1991 5817 2123 5884 extensis

1381 5917 1519 5978 recitent
1540 5916 1723 5993 quinquies.
