4788 6980
353 549 405 597 Au.
420 549 449 598 O.
472 550 540 600 1839
591 547 651 610 218

573 680 780 744 Acantbensis
809 685 894 747 illius
923 689 1086 750 coadiutor
1116 683 1315 765 persimiles

572 776 757 851 apostolicas
780 777 887 838 literas
909 780 971 842 iam
997 781 1188 842 constitutus
1210 781 1242 841 in
1265 779 1316 841 Vi-

572 869 706 929 eariatus
739 887 874 932 munere
904 874 1008 935 eidem
1041 875 1247 946 successerit,
1284 882 1317 935 61

572 961 629 1038 ipsi
652 961 790 1024 Aritistiti
807 963 965 1027 Clementi
982 968 1107 1028 adiutor
1124 973 1155 1027 et
1170 968 1317 1028 levamen

571 1053 751 1126 allerretur,
776 1071 920 1118 necnon
945 1066 1106 1135 pastorum
1129 1059 1317 1132 166611166-

572 1146 652 1206 11616
687 1149 878 1224 perennitati
910 1153 1153 1222 consuleretur.
1188 1151 1317 1213 attentis

472 1293 475 1300 .
574 1242 741 1318 praecipue
764 1245 934 1320 regionum
957 1246 1085 1308 illarum
1112 1247 1317 1307 circumstan-

574 1334 633 1404 tiis,
657 1335 813 1406 distautiai,
838 1353 872 1398 ac
901 1339 1133 1416 persecutionis
1162 1337 1317 1400 ferventis

573 1429 735 1504 periculis,
760 1431 798 1490 de
820 1431 953 1492 consilio
983 1448 1080 1493 venn.
1104 1432 1239 1493 fratrum
1263 1447 1318 1492 no-

572 1527 715 1582 strorum
745 1521 776 1582 S.
807 1522 842 1584 lt.
871 1523 905 1584 E.
935 1523 1150 1598 Cardinalium
1181 1524 1318 1600 negotiis

572 1615 795 1691 Propagandae
817 1616 903 1677 Fidei
927 1619 1182 1696 praepositorum
1205 1632 1318 1694 oppor-

575 1714 688 1768 tunum
704 1708 956 1772 existimavimus
971 1711 1017 1772 illi
1034 1712 1250 1773 coadiutorem
1267 1711 1318 1770 de-

574 1801 701 1877 signare
724 1819 796 1863 cum
812 1804 883 1865 iure
899 1803 1025 1865 futurae
1039 1805 1258 1875 successionis,
1275 1809 1318 1863 at-

574 1911 636 1972 que
658 1896 826 1974 episcopali
849 1897 1030 1958 charactere
1051 1898 1251 1974 insignitum.

613 1991 631 2064 ὃ
652 1989 681 2049 1.
705 1988 913 2066 Quapropter,
939 1991 978 2052 de
1001 1991 1190 2052 eorumdem
1212 1990 1319 2052 dardi-

574 2082 695 2144 nalium
711 2083 854 2154 consilio,
872 2083 1057 2144 auctoritate
1074 2087 1180 2145 nostrai
1196 2091 1319 2162 aposto-

575 2175 631 2235 licai
656 2191 711 2251 per
734 2175 825 2237 hasce
858 2177 965 2238 literas
989 2178 1078 2240 vobis
1100 2178 1223 2239 dilectis
1246 2177 1319 2238 liliis

574 2269 829 2329 moderatoribus
853 2269 1022 2332 Seminarii
1045 2271 1229 2332 Parisiensis
1247 2271 1319 2332 mis-

573 2360 700 2420 sionum
724 2362 759 2422 ad
777 2369 915 2434 exteros,
935 2365 984 2424 cui
1001 2363 1175 2425 vicariatus
1188 2363 1320 2442 Aposto-

575 2453 624 2514 lici
647 2454 679 2514 in
702 2455 874 2530 l'unquiuo
895 2454 1087 2518 Occidentali
1109 2457 1146 2518 ad
1163 2456 1253 2518 Sinas
1269 2457 1319 2518 ad-

574 2547 764 2608 ministratio
796 2549 906 2610 tradita
938 2557 998 2620 est,
1030 2551 1261 2611 committimus
1290 2559 1321 2612 et

574 2643 771 2712 mandamus,
797 2649 832 2703 61
854 2659 893 2702 61
916 2643 1013 2704 vestri
1037 2644 1199 2704 seminarii
1221 2645 1320 2705 alum-

574 2735 623 2794 nis
652 2736 804 2813 adlegatis
834 2752 931 2812 quem
961 2737 1150 2798 coadiutoris
1178 2738 1320 2814 partibus

574 2829 768 2890 sustinendis
790 2831 971 2906 digniorem
995 2830 1026 2890 in
1048 2829 1184 2892 Domino
1205 2830 1320 2891 iudica-

575 2923 696 2994 veritis,
720 2922 760 2982 ita
784 2929 889 2983 tamen
911 2930 946 2983 61
967 2925 1005 2983 ab
1034 2923 1102 2999 ipso
1132 2923 1176 2983 sic
1197 2923 1320 2984 adiecto

575 3033 610 3076 ea
634 3023 754 3076 tantum
784 3031 864 3091 quae
888 3015 1030 3078 vicarius
1053 3015 1252 3094 Apostolicus
1274 3017 1321 3077 illi

575 3108 777 3169 demandabit
802 3109 933 3170 omnino
958 3111 1109 3186 praesta-ri
1139 3117 1318 3180 teneantur,

575 3207 616 3272 et,
631 3217 732 3277 quum
746 3203 929 3263 huiusmodi
946 3218 1063 3262 munus
1079 3203 1321 3279 quomodolibet

574 3296 744 3366 vacaverit,
769 3297 919 3357 eumdem
942 3297 1160 3357 coadiutorem
1186 3297 1321 3358 auctori-

576 3395 638 3450 tate
660 3390 766 3450 nostrai
789 3389 1013 3450 renunciatum
1038 3389 1122 3450 illius
1145 3390 1214 3450 loce
1234 3389 1321 3451 Vica-

575 3482 659 3542 rium
683 3483 900 3560 apostolicum
923 3484 954 3544 in
979 3483 1149 3558 Tunquino
1172 3481 1320 3544 Occiden-

576 3575 629 3636 tali
651 3592 724 3635 cum
744 3576 893 3636 onmibus
909 3583 941 3635 et
955 3575 1091 3651 singulis
1107 3575 1319 3647 facultatibus,

575 3684 655 3744 (puae
677 3667 723 3728 illi
745 3670 867 3729 ratione
892 3670 985 3730 liuius
1009 3669 1100 3730 ollicii
1124 3687 1139 3729 a
1163 3667 1245 3730 Sede
1267 3670 1322 3729 bac

575 3760 753 3837 Apiostolicai
770 3763 920 3822 hactenus
937 3761 1180 3837 quomodolibet
1195 3777 1322 3822 conces-

575 3871 626 3914 sae
649 3862 734 3924 6661,
754 3857 812 3914 iam
836 3871 921 3916 nuuc
943 3856 1130 3916 auctoritate
1157 3862 1188 3915 el
1210 3862 1322 3916 tenore

576 3949 751 4025 praesentis
775 3949 905 4010 iacimus
928 3955 960 4009 et
981 3949 1215 4018 constituimus,
1239 3949 1322 4008 salva

576 4059 704 4121 scalper
727 4043 758 4103 in
786 4043 966 4120 praemissis
995 4043 1212 4105 Cardinalium
1240 4042 1322 4103 eius-

576 4137 649 4196 dem
670 4135 936 4210 Gongregationis
959 4137 1154 4195 auctoritate.

615 4231 633 4304 ἓ
656 4229 684 4290 3.
709 4230 886 4300 Praeterea,
911 4237 947 4291 ut
973 4230 1154 4290 charactere
1177 4237 1208 4290 et
1231 4230 1323 4291 titulo

577 4321 747 4398 episcopali
762 4321 933 4397 insignitus
957 4322 1101 4382 coadiuto
1118 4338 1176 4382 suo
1193 4338 1322 4398 operam

577 4416 708 4476 11116161
732 4414 938 4490 Turaquinum
962 4430 995 4474 se
1017 4413 1170 4485 conterat,
1196 4430 1269 4474 eum
1291 4415 1323 4475 in

577 4507 769 4584 Episcopum
792 4507 944 4568 ecclesiae
967 4507 1151 4577 Emessam,
1169 4522 1249 4582 quae
1264 4507 1324 4568 sub

578 4599 824 4678 drobiepiscopo
836 4600 1014 4661 caesarien.
1030 4599 1183 4672 consistit,
1194 4617 1228 4660 ac
1240 4617 1325 4661 66116

579 4709 635 4769 per
658 4693 780 4753 obitum
809 4692 914 4754 ultimi
944 4692 1028 4752 illius
1056 4692 1201 4770 Episcopi
1224 4699 1322 4764 vacat,

578 4787 689 4847 eidem
712 4787 897 4847 auctoritate
921 4786 1026 4846 nostra
1048 4785 1218 4862 apostolica
1234 4787 1324 4863 eligi-

579 4895 650 4940 mus
666 4897 699 4940 66
715 4881 923 4951 declaramus,
938 4879 1032 4956 eique
1050 4886 1084 4940 ut
1099 4880 1135 4942 ad
1154 4881 1324 4941 Ecclesiam

579 4973 781 5051 praedictam,
807 4973 957 5049 quamdiu
983 4974 1020 5034 ab
1042 4973 1225 5035 infidelibus
1248 4975 1325 5035 deti-

580 5069 718 5140 nebitur,
736 5069 897 5138 accedere,
917 5074 948 5128 et
963 5069 1043 5145 apud
1067 5083 1135 5128 eam
1154 5068 1325 5144 personali-

581 5169 629 5221 ter
650 5161 793 5222 residere
823 5160 955 5221 minime
985 5167 1141 5232 teneatur,
1172 5161 1325 5221 11161166-

579 5255 724 5314 ctoritate
754 5255 859 5315 nostrai
889 5252 1093 5314 concedimus
1124 5260 1154 5314 et
1180 5253 1326 5329 indulge-

580 5363 663 5408 mus.

620 5441 688 5516 51.
713 5440 911 5516 Cuicumque
934 5447 1041 5502 autern
1063 5439 1217 5500 catbolioo
1239 5439 1326 5500 Auti-

579 5535 644 5595 stiti
667 5535 799 5610 gratiam
822 5543 854 5596 et
876 5533 1138 5594 communionem
1168 5548 1240 5593 cum
1270 5533 1327 5594 bac

580 5627 759 5704 apostolica
782 5625 863 5689 Sede
885 5628 1026 5700 babenti,
1052 5633 1219 5704 postquam
1235 5628 1272 5688 ab
1288 5643 1326 5688 eo

581 5721 813 5796 professionem
832 5721 1004 5782 catholicae
1020 5721 1093 5782 fidei
1111 5721 1195 5781 iuxta
1212 5721 1326 5781 articu-

581 5815 629 5874 los
651 5831 667 5872 a
689 5812 770 5874 Sede
791 5813 897 5873 nostrai
914 5815 1103 5890 propositos,
1120 5829 1154 5873 ac
1170 5821 1280 5874 nostro
1296 5819 1327 5873 et

581 5905 739 5966 Romanae
762 5905 920 5966 Ecclesiae
943 5906 1073 5966 nomine
1095 5904 1254 5966 fidelitatis
1274 5905 1326 5965 de-

1090 573 1154 616 11111.
1179 569 1271 614 ΡΟΝΤ.
1296 569 1335 612 DE
1358 569 1387 613 P.
1412 571 1441 614 F.
1466 571 1550 616 PARS
1572 573 1593 615 l.

1374 687 1455 748 bitae
1477 689 1607 750 solitum
1631 689 1848 751 iuramentum
1865 689 2034 766 acceperit,
2053 703 2122 749 mu-

1374 799 1433 843 nus
1455 783 1702 845 consecrationis
1724 783 1911 844 auctoritate
1926 787 2123 858 6611166116-

1373 874 1481 936 stolica
1504 875 1550 936 illi
1571 876 1761 954 impendere
1786 874 1887 936 libere
1910 879 1942 934 et
1963 873 2123 934 116116111-

1374 967 1446 1038 leat,
1474 968 1580 1028 accitis
1609 968 1869 1044 adstantibusque
1898 967 2023 1028 duobus
2052 967 2123 1027 loco

1374 1059 1604 1136 Episcoperum
1622 1061 1818 1138 presbyteris
1834 1058 2048 1121 saecularibus
2063 1073 2122 1119 seu

1374 1153 1514 1214 cuiusvis
1536 1151 1673 1224 Ordinis,
1696 1153 1963 1230 congregationis
1986 1159 2019 1214 et
2033 1151 2124 1212 lusti·

1375 1245 1433 1306 tuti
1463 1246 1678 1322 regularibus,
1712 1245 1888 1324 praedictae
1916 1245 2010 1306 buius
2032 1243 2124 1306 Sedis

1375 1340 1507 1414 gratiam
1531 1347 1562 1400 61
1585 1339 1847 1401 cornmunienem
1871 1339 1990 1416 pariter
2007 1338 2125 1400 baben-

1375 1433 1470 1503 tibus,
1488 1433 1569 1494 dicta
1591 1433 1777 1508 auctoritate
1799 1434 1924 1510 plenam
1942 1438 1974 1494 et
1988 1431 2122 1493 liberam

1375 1524 1546 1586 tribuimus
1568 1523 1760 1588 facultatem.
1779 1526 1936 1588 Volumus
1952 1531 2058 1586 tamen
2074 1541 2125 1585 ea-

1375 1619 1513 1696 demque
1529 1621 1715 1680 auctoritate
1732 1619 1944 1697 praecipimus
1959 1627 2055 1695 atque
2070 1619 2124 1680 de-

1375 1712 1548 1784 cernimus,
1567 1721 1611 1784 ut,
1630 1713 1691 1773 nisi
1706 1712 1824 1774 emisso
1840 1729 1856 1772 a
1872 1728 1986 1774 recens
2001 1711 2125 1772 adiecto

1375 1804 1407 1864 in
1430 1805 1498 1866 eius
1518 1807 1664 1868 manibus
1680 1805 1861 1867 iuramento
1877 1813 1909 1867 et
1926 1805 2125 1882 professione

1375 1898 1449 1958 lidei
1474 1899 1667 1972 huiusmodi,
1693 1900 1771 1976 ipse,
1788 1907 1823 1960 61
1842 1899 2033 1976 praefertur,
2053 1897 2125 1975 Epi-

1375 2007 1489 2068 scopus
1518 1993 1764 2054 cousecrationis
1795 2008 1913 2053 munus
1943 1991 1971 2052 ei
2001 1991 2125 2068 impen-

1376 2083 1463 2156 dere,
1489 2101 1523 2146 ac
1544 2101 1656 2145 recens
1685 2084 1826 2145 adlectus
1855 2083 1934 2146 illud
1961 2085 2125 2162 suscipere

1376 2179 1661 2254 praesumpserint,
1690 2178 1775 2239 idem
1799 2176 1938 2238 Antistes
1961 2178 2124 2254 66661111-

1376 2271 1449 2330 calis
1473 2271 1563 2331 officii
1588 2271 1753 2342 exercitio,
1777 2277 1914 2346 uterque
1937 2285 2015 2332 vero
2038 2288 2053 2331 a
2075 2287 2125 2332 re-

1376 2357 1497 2438 g'imine
1520 2370 1550 2424 et
1578 2363 1853 2425 administratione
1883 2380 1995 2426 earum
2025 2365 2125 2426 eccle-

1376 2457 1495 2517 siarum
1518 2457 1664 2534 suspensi
1688 2457 1751 2518 sint
1773 2473 1811 2518 eo
1833 2457 1913 2533 ipso.

1416 2552 1433 2624 g
1455 2549 1483 2609 5.
1501 2550 2125 2626 116616616611166161661611116161611-

1377 2649 1443 2702 ctae
1471 2642 1672 2704 obedientiae
1701 2643 1849 2703 omatibus
1879 2649 1910 2703 et
1930 2643 2065 2719 singulis
2087 2644 2123 2704 ad

1377 2751 1457 2811 quos
1474 2741 1592 2814 spectat
1615 2751 1647 2795 ac
1670 2735 1823 2812 spectabit
1838 2751 1897 2814 pro
1915 2742 2071 2814 tempore,
2090 2743 2126 2798 61

1377 2828 1596 2889 coadiutorem
1619 2835 1653 2890 ut
1679 2845 1774 2906 supra
1802 2846 1818 2888 a
1848 2828 1939 2889 vobis
1965 2829 2124 2890 adlectum

1377 2922 1412 2982 ad
1436 2921 1575 2982 liberum
1599 2921 1743 2982 eiusdem
1767 2922 1911 2982 muneris
1934 2922 2125 2984 exercitium

1376 3015 1463 3076 iuxta
1493 3014 1710 3091 praesentium
1742 3021 1887 3076 tenorem
1916 3015 2069 3092 accipiant
2095 3022 2126 3076 et

1377 3107 1554 3178 admittant,
1585 3107 1696 3184 illique
1724 3109 1757 3169 in
1787 3109 1948 3181 omnibus,
1979 3123 2060 3185 quae
2088 3110 2124 3170 ad

1378 3203 1437 3262 1166
1460 3217 1577 3262 munus
1601 3202 1774 3278 pertinent,
1799 3209 1924 3279 praesto
1946 3202 2010 3263 sint
2031 3211 2126 3279 atque

1378 3295 1536 3365 obediant,
1552 3294 1686 3371 eiusque
1701 3294 1838 3356 salubria
1855 3295 1975 3356 monita
1992 3301 2125 3357 6161611-

1378 3389 1446 3448 11616
1474 3395 1665 3448 reverenter
1694 3388 1868 3465 suscipiant
1896 3394 1928 3449 et
1957 3389 2125 3451 efficaciter

1377 3480 1580 3558 adimpleant,
1598 3481 1740 3556 alioquin
1759 3481 1951 3542 sententiam
1968 3482 2036 3543 sive
2053 3499 2126 3560 poe-

1378 3589 1462 3644 nam,
1491 3589 1587 3650 quam
1616 3573 1676 3633 rito
1706 3573 1818 3634 tulerit
1845 3573 1878 3634 in
1907 3575 2047 3636 rebelles
2069 3591 2126 3636 seu

1378 3667 1535 3739 statuerit,
1566 3675 1666 3728 ratam
1697 3667 1885 3728 babebimus
1907 3675 1940 3729 et
1961 3667 2124 3740 iaciemus,

1378 3768 1561 3822 auctorante
1584 3761 1730 3832 Domino,
1755 3763 1918 3838 usquead
1944 3761 2127 3824 satisfactio-

1379 3871 1452 3916 nem
1480 3854 1670 3930 condignam
1699 3854 1927 3916 inviolabiliter
1950 3855 2124 3916 observari.

1418 3947 1486 4022 §b
1510 3947 1580 4008 Non
1613 3947 1811 4009 obstantibus
1844 3948 2127 4010 constitutionibus

1379 4047 1410 4101 et
1439 4040 1693 4102 ordinationibus
1725 4039 1917 4118 apostolicis,
1950 4041 2127 4118 privilegiis

1379 4147 1519 4208 quoque,
1547 4131 1691 4202 indultis
1715 4138 1748 4192 61
1769 4131 1871 4192 literis
1893 4134 2072 4210 apostolicis
2094 4135 2127 4195 in

1379 4224 1576 4284 contrarium
1605 4225 1857 4301 praemissorum
1886 4226 2129 4302 quomodolibet

1379 4317 1547 4390 concessis
1566 4318 1762 4379 confirmatis
1778 4325 1810 4378 et
1824 4318 1997 4391 innovatis,
2011 4319 2127 4394 quibus

1381 4411 1529 4473 omnibus
1547 4418 1579 4473 et
1593 4412 1730 4488 singulis
1745 4412 1879 4473 illorum
1895 4419 2024 4474 tenores
2040 4429 2128 4490 prae-

1380 4505 1524 4566 sentibus
1541 4521 1598 4582 pro
1622 4507 1717 4583 plene
1739 4513 1771 4567 et
1786 4507 1984 4568 sullicieuter
1999 4522 2129 4584 expres-

1380 4598 1422 4656 sis
1451 4614 1484 4657 66
1513 4598 1551 4658 de
1574 4597 1674 4658 verbo
1696 4598 1733 4658 ad
1757 4598 1894 4659 verbum
1921 4598 2050 4660 insertis
2076 4599 2129 4659 laa-

1382 4691 1505 4760 bentes,
1523 4690 1587 4750 illis
1609 4690 1683 4750 11166
1705 4689 1738 4750 16
1761 4707 1820 4751 666
1842 4691 1960 4753 robore
1983 4708 2129 4770 perman-

1381 4783 1475 4852 suris,
1493 4783 1529 4843 ad
1552 4783 1804 4859 praemissorum
1821 4783 1971 4845 6116616111
1987 4785 2044 4847 bac
2059 4786 2129 4847 vice

1382 4877 1545 4936 dumtaxat
1566 4875 1746 4952 specialiter
1768 4882 1800 4936 61
1822 4891 1975 4953 expresse
1997 4878 2129 4954 deroga-

1381 4985 1468 5040 mus,
1500 4969 1699 5044 caeterisque
1728 4969 1896 5029 contrariis
1924 4971 2129 5046 quibuscum·

1382 5079 1456 5139 que.

1421 5156 1534 5216 Datum
1564 5153 1679 5214 11611166
1709 5154 1790 5230 apud
1821 5153 1852 5216 S.
1879 5154 2006 5216 Mariam
2037 5155 2129 5218 11116-

1382 5263 1451 5309 16111
1474 5246 1533 5307 sub
1555 5245 1674 5307 annulo
1696 5245 1862 5307 Piscatoris
1885 5247 1935 5308 die
1951 5264 1986 5308 11.
2004 5249 2131 5325 augusti

1382 5355 1617 5410 uucccxxxrx.,
1643 5339 1842 5416 pontificatus
1869 5340 1967 5401 nostri
1991 5358 2041 5402 aa.
2065 5358 2108 5402 rx.

1709 5621 1809 5685 utltr.

1382 5809 1542 5872 Fidelibus
1569 5807 1726 5870 1611611111
1748 5815 1777 5871 61
1802 5807 2037 5871 Corbioclriooe
2051 5809 2129 5869 rcri-

1398 5933 1403 5944 ·
1421 5903 1465 5966 bit
1480 5902 1924 5982 desucoieotcpcrsecutiooe,
1938 5901 2131 5982 6611661161-

2155 553 2210 601 An.
2224 553 2255 604 (1.
2276 553 2339 604 1839
