4822 6986
584 597 644 660 tat

565 729 694 792 elesiam
716 731 768 794 vel
797 732 952 808 chorum3
976 733 1141 810 nequead
1171 748 1313 794 eommu-

566 839 640 884 nem
663 841 735 886 eum
765 824 916 887 iratribus
940 841 1084 888 mensam
1112 826 1311 898 admittatur,

566 933 671 996 neque
684 917 785 980 ollicio
798 919 866 981 ullo
878 925 932 981 aut
947 919 1099 998 dignitate
1116 919 1269 996 iungatur
1281 919 1314 981 in

565 1011 770 1084 monasterio,
785 1029 892 1090 neque
906 1024 1020 1075 vocem
1033 1014 1166 1076 activam
1179 1021 1233 1076 aut
1248 1029 1314 1092 pas-

563 1104 663 1165 sivam
686 1105 800 1168 lrabeat
821 1107 854 1170 in
884 1108 1113 1184 electionibus;
1144 1109 1312 1185 quinimo,

564 1199 717 1275 quamdiu
729 1201 773 1262 sic
789 1203 926 1274 steterit,
944 1202 982 1264 ab
999 1202 1148 1264 omnibus
1162 1203 1311 1274 evitetur,

564 1295 666 1356 slouec
695 1296 859 1374 resipiscat
881 1305 912 1359 et
933 1315 949 1360 a
970 1297 1117 1374 legitimo
1146 1297 1314 1376 superiore

563 1388 757 1462 absolvatur,
773 1397 939 1468 postquam
953 1391 995 1464 id,
1010 1391 1095 1468 quod
1108 1397 1314 1469 praeceptum

565 1489 622 1554 est,
647 1483 884 1563 adimpleverit.

597 1630 677 1693 Car.
701 1631 766 1694 XII.
783 1633 881 1694 -Dc
900 1633 1084 1712 priuatione
1098 1633 1193 1702 arenis,
1211 1632 1283 1702 loci,

765 1727 885 1789 cuculli
907 1731 937 1787 et
958 1742 1104 1792 corones.

346 1869 487 1924 duplicatio
501 1868 546 1914 bu·

333 1922 442 1967 iusmodi
465 1924 545 1979 priva·

331 1977 442 2022 tionum.

605 1876 625 1919 1.
650 1858 708 1932 eri
730 1859 874 1938 privatur
897 1875 976 1923 voce
1005 1861 1144 1940 passiva,
1170 1877 1228 1939 per
1254 1862 1315 1924 boc

564 1951 710 2014 redditur
731 1952 881 2014 inhabilis
896 1953 933 2016 ad
949 1955 1068 2016 maiora
1091 1955 1190 2018 officia
1209 1954 1242 2016 in
1259 1972 1314 2016 no-

564 2051 631 2107 stro
653 2043 790 2122 Ordine3
815 2049 938 2110 minora
961 2054 1069 2110 tamen
1095 2053 1200 2126 potest
1222 2065 1313 2110 exer-

564 2155 647 2210 cere,
671 2148 708 2201 ut
728 2148 804 2202 sunt
832 2141 1011 2215 infirmarii,
1036 2143 1194 2212 ianitoris,
1219 2143 1313 2219 coqui

530 2251 533 2258 ’
563 2239 596 2294 et
610 2233 737 2294 similia.
754 2235 900 2298 Privatus
915 2242 1023 2298 autem
1038 2251 1118 2298 voce
1133 2237 1233 2297 activa
1248 2251 1312 2298 non

562 2333 668 2405 potest
681 2329 871 2405 sullragium
884 2328 971 2391 ferre
993 2330 1026 2391 in
1038 2330 1142 2407 aliqua
1155 2331 1313 2394 electione

562 2429 616 2483 aut
637 2425 906 2500 congregatione:
933 2439 1039 2501 neque
1055 2431 1161 2501 potest
1183 2425 1313 2488 fieriac-

562 2522 689 2578 cusator
704 2523 758 2578 aut
772 2519 863 2580 testis
876 2518 1029 2580 adversus
1042 2517 1188 2580 tratrem.
1206 2519 1314 2583 Potest

562 2617 669 2672 tamen
691 2612 810 2673 assumi
824 2619 948 2674 secreto
964 2629 1022 2690 pro
1038 2612 1143 2689 aliqua
1162 2614 1313 2678 inlorma-

561 2705 649 2767 tiene
661 2707 709 2768 rei
723 2707 931 2768 necessariae.
956 2705 1101 2768 Privatus
1117 2723 1195 2770 voce
1212 2709 1313 2770 omni·

562 2800 666 2872 moda,
684 2800 811 2864 nullum
827 2801 959 2864 fratrem
975 2803 1095 2882 poterit
1106 2802 1237 2878 alloqui,
1252 2803 1312 2866 nisi

562 2893 651 2969 prius
674 2911 689 2954 a
711 2895 878 2973 superiore
905 2895 1032 2957 licentia
1059 2895 1156 2973 petita
1179 2911 1237 2973 pro
1259 2895 1313 2958 ali-

562 2987 624 3062 qua
646 3003 681 3048 re
703 2989 893 3051 necessaria.

603 3097 638 3140 ιι.
662 3080 777 3143 Nullus
799 3082 893 3144 abbas
908 3083 1022 3145 audeat
1037 3082 1170 3144 tratrem
1185 3083 1312 3161 privare

562 3189 653 3246 voce,
677 3174 738 3236 nisi
760 3175 793 3236 in
816 3176 939 3240 casibus
965 3177 1191 3254 suprapositis;
1215 3177 1313 3254 idque

562 3267 704 3330 abhibito
726 3269 860 3331 consilio
882 3275 915 3331 et
935 3285 1093 3332 consensu
1116 3276 1242 3348 patrum
1265 3287 1313 3333 se·

563 3360 703 3423 nicrum.

602 3471 650 3516 ιιι.
674 3455 820 3518 Privatus
842 3456 931 3529 loco,
955 3456 1108 3520 ultimum
1132 3459 1239 3521 locum
1263 3477 1312 3522 oc-

562 3557 657 3627 cupet
677 3549 712 3612 iu
733 3551 843 3624 choro,
859 3552 991 3614 ecclesia
1007 3559 1039 3615 et
1060 3553 1247 3629 refectorio:
1266 3572 1312 3617 sa-

562 3645 674 3706 serdus
696 3645 827 3722 quidem
842 3646 928 3708 iuter
943 3647 1136 3722 sacerdotes,
1161 3649 1312 3712 diaconus

561 3735 647 3800 inter
670 3739 829 3813 diaconos,
854 3740 951 3803 etsie
974 3741 1135 3820 deinceps.

601 3849 644 3894 ιι.
668 3831 727 3908 eat
749 3834 851 3912 poena
867 3835 929 3896 erit
943 3834 1056 3897 maiori
1073 3835 1201 3914 diguus,
1216 3854 1311 3916 quam

561 3927 603 3988 sit
623 3927 760 4006 privatio
782 3927 844 3990 loci
866 3935 920 3990 aut
940 3929 1040 4002 vocis,
1065 3937 1197 4009 propter
1222 3949 1311 3994 suam

561 4021 758 4099 proterviam
781 4028 814 4084 et
836 4023 1057 4099 gravissimam
1083 4024 1220 4103 culpam,
1244 4035 1313 4104 pot·

561 4114 624 4176 erit
644 4115 771 4178 cucullo
794 4122 826 4178 et
842 4117 959 4178 corona
973 4117 1104 4194 privari,
1122 4120 1204 4182 etad
1222 4121 1312 4182 obse·

561 4209 634 4285 quia
648 4209 759 4271 infima
773 4211 806 4272 in
822 4211 1018 4272 monasterio
1036 4211 1199 4286 destinari,
1217 4219 1253 4276 ut
1268 4214 1312 4276 di-

560 4308 648 4365 ctum
664 4309 714 4366 est
723 4319 829 4383 supra,
847 4320 914 4384 cap.
931 4322 974 4378 v.,
992 4322 1047 4378 vn,
1066 4323 1135 4380 viu,
1151 4324 1220 4368 ιιιιι.
1235 4313 1267 4369 et
1279 4325 1309 4370 ιι.

560 4449 640 4513 Car.
658 4449 736 4514 Xlll.
750 4483 788 4497 -
802 4451 845 4514 De
858 4452 1064 4533 suspensione
1076 4457 1105 4515 et
1119 4453 1312 4534 depositione

850 4544 889 4610 ab
911 4546 1021 4626 efficio.

381 4689 415 4734 ite
434 4699 541 4746 suspen-

327 4741 406 4788 saona.
600 4698 623 4743 1.
647 4680 762 4755 abbas,
776 4682 831 4760 qui
848 4680 1057 4760 suspenditur
1068 4681 1106 4743 ab
1122 4680 1236 4754 officie,
1254 4697 1311 4760 per

561 4776 622 4839 hoc
643 4776 793 4838 inhabilis
819 4775 967 4838 redditur
988 4775 1023 4836 ad
1051 4773 1132 4838 illud
1158 4791 1312 4838 exercen-

561 4871 638 4934 dum
660 4876 693 4932 et
713 4871 847 4948 insuper
868 4870 1005 4947 utraque
1020 4883 1100 4932 voce
1123 4869 1253 4932 carebit.
1279 4869 1311 4931 Si

559 4980 639 5028 vere
651 4971 803 5044 proterve
816 4964 956 5026 officium
969 4965 1163 5035 exercuerit,
1183 4965 1311 5042 procedi

559 5061 657 5124 debet
677 5061 715 5122 ad
731 5058 977 5138 depositionem,
995 5065 1027 5120 et
1041 5058 1190 5120 inhabilis
1206 5057 1311 5119 reddi-

511 5205 513 5208 .
559 5162 613 5218 tur
635 5171 693 5234 per
714 5153 975 5232 quinquennium
991 5153 1028 5214 ad
1045 5168 1141 5214 omne
1158 5152 1308 5226 cilicium,

560 5254 592 5309 et
612 5249 749 5325 utraque
771 5263 851 5309 voce
873 5246 1002 5308 carebit.

326 5357 539 5416 oeaeposnaone.
600 5360 634 5405 ιι.
658 5341 717 5416 Qui
732 5341 905 5419 deponitur
916 5341 954 5402 ab
971 5341 1084 5414 efficio,
1099 5357 1157 5420 per
1171 5341 1233 5404 hoe
1247 5341 1310 5420 pri-

559 5443 653 5500 vatur
675 5453 741 5498 non
762 5435 867 5498 solum
891 5451 929 5498 eo
952 5435 1070 5509 ellicio,
1095 5437 1181 5513 qued
1203 5435 1308 5497 statim

558 5531 652 5594 alteri
667 5530 825 5593 committi
841 5530 946 5604 debet,
959 5531 1015 5592 sed
1031 5531 1125 5592 etiam
1141 5545 1220 5594 voce
1236 5530 1310 5593 aeti-

558 5626 596 5686 va
619 5632 651 5688 et
672 5624 795 5703 passiva
816 5639 874 5702 per
896 5640 1017 5686 annum
1040 5625 1169 5687 carebit.

344 5733 509 5788 aegumenus
524 5743 540 5776 a
599 5735 646 5780 ιιι.
672 5716 766 5782 Solus
781 5717 875 5779 abbas
896 5719 1057 5796 generalis
1079 5735 1151 5782 cum
1175 5735 1309 5797 congre-

326 5785 540 5902 ῗιῖιξιιῗῗῧὲᾖὲξὲᾖ
561 5803 688 5890 gatione
711 5813 973 5889 begumenorum
990 5814 1189 5892 suspendere
1205 5819 1310 5891 potest

327 5893 365 5937 ‘'⁰¹
381 5892 474 5950 ⁰⁹l³⁰¹¹¹
488 5897 540 5950 ¹³⁰²·
559 5911 614 5968 aut
625 5906 787 5985 deponere
800 5906 1023 5984 hegumenum
1037 5915 1068 5970 et
1079 5906 1224 5969 abbatem
1237 5922 1309 5985 pre-

327 5949 373 5992 Μ’
559 5999 682 6064 vinciae
704 6018 738 6064 ac
760 6001 958 6065 monasterii.
982 6000 1137 6064 abbatem
1152 6015 1232 6064 vero
1255 6015 1308 6078 ge·

1087 615 1151 661 tun.
1176 615 1268 661 PON'l'.
1292 615 1333 660 DE
1354 615 1384 660 P.
1408 615 1438 660 F.
1463 615 1546 660 PARS
1568 615 1589 660 1.

1371 732 1513 794 ueralem
1529 732 1728 809 suspendere
1743 747 1777 792 ac
1793 732 1957 810 deponere
1973 749 2037 794 non
2053 737 2122 810 pot-

1371 832 1420 888 est
1441 826 1502 888 nisi
1525 826 1732 904 congregatio
1756 824 1926 902 generalis.

1411 937 1454 980 rv.
1471 919 1540 993 Qui,
1555 926 1683 997 praeter
1695 917 1839 980 abbatem
1855 919 2050 996 generalem,
2066 920 2121 980 lve-

1372 1029 1531 1091 gumenos
1554 1019 1585 1075 et
1607 1013 1735 1074 abbates
1765 1012 1949 1090 provinciae
1971 1012 2023 1074 vel
2053 1030 2121 1074 nro-

1371 1107 1586 1170 nasteriorum
1609 1106 1647 1168 ab
1670 1106 1772 1168 cilicio
1801 1107 2045 1184 suspenduntur
2067 1107 2121 1168 vel

1371 1201 1594 1279 deponuntur,
1620 1217 1684 1262 nou
1706 1199 1824 1262 idcirco
1847 1215 1927 1262 voce
1949 1201 2121 1278 privabun-

1371 1301 1434 1367 tur,
1460 1295 1519 1356 nisi
1541 1295 1574 1356 in
1597 1295 1721 1372 culpam
1739 1295 1921 1370 graviorem
1946 1301 1978 1356 et
2000 1295 2121 1372 gravis-

1370 1389 1481 1450 simam
1505 1389 1703 1451 incidissent.

1411 1501 1440 1544 v.
1465 1483 1567 1546 Nemo
1582 1499 1622 1544 es
1637 1483 1802 1545 abbatibus
1823 1485 1977 1561 suspendi
1999 1490 2053 1546 aut
2067 1485 2120 1546 de·

1371 1577 1446 1654 poui
1469 1577 1574 1648 debet,
1593 1576 1654 1638 uisi
1670 1576 1709 1637 ob
1725 1577 1862 1653 culpam,
1880 1578 1919 1639 de
1934 1593 1996 1654 qua
2010 1593 2117 1656 supra.
2373 1569 2374 1658 l

1410 1688 1452 1732 vr.
1471 1669 1502 1731 Si
1515 1669 1663 1732 acciderit
1674 1669 1802 1747 aliquod
1816 1686 1855 1731 ex
1867 1673 2001 1748 peccatis
2016 1669 2121 1750 (aver-
2166 1678 2312 1746 Praemium
2373 1695 2374 1748 γ

1370 1771 1414 1826 tat
1435 1765 1466 1826 id
1488 1762 1585 1842 Deus)
1609 1779 1690 1841 quae
1717 1763 1881 1824 sufficiunt
1906 1765 1941 1826 ad
1972 1765 2120 1826 abbatem
2141 1729 2315 1842 ffirssvbfmssi‘sslss

1371 1857 1555 1935 generalem
1582 1858 1619 1920 ab
1650 1858 1753 1920 officio
1781 1858 2043 1935 suspendendum
2066 1859 2120 1921 vel
2142 1837 2258 1884 ‘¹⁰¹¹“uffl‘

1370 1952 1577 2030 privandum,
1601 1951 1697 2014 simul
1727 1959 1823 2030 atque
1850 1967 1907 2029 per
1936 1952 2121 2014 testimonia
2373 1913 2374 1994 l

1370 2046 1569 2117 sufficientia,
1593 2047 1645 2108 vel
1667 2046 1766 2124 ipsius
1788 2046 2042 2118 confessionem,
2067 2053 2123 2107 aut

1369 2139 1439 2202 laeti
1468 2141 1694 2202 notorietatem
1728 2140 1950 2210 constiterint,
1982 2147 2122 2216 quatuor

1370 2235 1547 2311 hegumeni
1558 2235 1622 2296 una
1638 2235 1834 2311 congregati,
1849 2251 1931 2306 rem,
1949 2235 2052 2296 donec
2067 2250 2122 2296 ve-

1369 2329 1446 2390 ritas
1469 2329 1641 2401 elucescat,
1670 2335 1829 2390 secretam
1859 2335 2021 2402 tenentes
2047 2346 2121 2392 cen-

1370 2423 1593 2501 gregationem
1617 2421 1802 2500 generalem
1818 2422 1967 2484 abbatum
1991 2423 2122 2500 provin-

1369 2519 1490 2580 ciarum
1503 2523 1535 2580 et
1546 2517 1830 2587 monasteriorum,
1844 2515 1961 2578 litteris
1974 2518 2120 2579 omnium

1369 2611 1605 2690 subscriptione
1633 2610 1783 2688 signatis,
1813 2610 2055 2684 convocabunt,
2086 2619 2122 2674 ut
2373 2611 2374 2682 l

1370 2707 1490 2768 dictum
1512 2713 1559 2767 est
1573 2722 1678 2784 supra,
1696 2711 1786 2783 parte
1798 2721 1860 2775 ιιι.,
1877 2721 1943 2782 cap.
1958 2721 2014 2777 rv.,
2032 2723 2064 2767 n.
2083 2724 2119 2767 ιι.
2373 2693 2374 2746 l

1410 2799 1440 2862 Si
1464 2817 1542 2862 vero
1565 2816 1616 2861 res
1643 2799 1807 2876 divulgata
1830 2804 1862 2860 et
1884 2799 2051 2860 manifesta
2072 2817 2121 2862 es·

1369 2901 1429 2968 set,
1443 2912 1508 2956 non
1531 2895 1695 2972 expectata
1717 2893 1979 2970 liegumenorum
2003 2910 2122 2956 convo-

1370 2989 1492 3052 catione
1515 2989 1642 3050 abbates
1665 2987 1810 3049 locorum
1828 2995 1860 3048 et
1879 2989 2121 3065 provinciarum

1369 3084 1421 3146 alii
1443 3084 1521 3146 alios
1536 3083 1679 3145 vocando
1694 3081 1899 3144 conveniant.
1922 3081 1962 3142 Et
1976 3082 2121 3160 primum

1369 3178 1537 3240 audiantur
1561 3182 1778 3248 accusatores,
1804 3175 1919 3238 deinde
1941 3192 2033 3248 reus,
2059 3177 2122 3238 nisi

1369 3288 1422 3334 res
1444 3271 1569 3333 notoria
1584 3276 1679 3332 esset.
1703 3269 1769 3330 Ree
1791 3268 1874 3329 ieras
1896 3269 2039 3342 dimisso,
2056 3272 2122 3348 pri-

1370 3382 1442 3428 mus
1471 3365 1733 3441 begumeuorum
1761 3379 1834 3424 cum
1864 3363 2046 3440 antiquiore
2068 3364 2122 3426 ab·

1369 3459 1440 3522 bate
1463 3465 1496 3520 et
1517 3475 1589 3519 eum
1612 3456 1803 3529 secretario,
1827 3458 1863 3518 ad
1887 3457 1968 3520 lianc
1994 3475 2121 3519 eausam

1370 3553 1483 3624 electe,
1509 3553 1548 3613 de
1565 3557 1631 3613 toto
1647 3551 1779 3627 negotio
1799 3551 1992 3613 scrutinium
2014 3551 2120 3614 faciet.

1369 3647 1408 3709 Et
1425 3647 1529 3724 primo
1545 3651 1731 3722 quaeretur,
1745 3662 1785 3706 au
1797 3650 1923 3706 constet
1937 3645 1977 3706 de
1992 3653 2123 3724 peccato

1369 3743 1455 3819 quod
1478 3740 1640 3815 obiicitur3
1671 3739 1831 3810 seeundo,
1863 3755 1901 3800 an
1934 3739 2123 3802 huiusmodi

1369 3835 1410 3896 sit
1430 3841 1466 3896 ut
1480 3839 1613 3912 propter
1628 3831 1708 3894 illud
1723 3833 1760 3894 ab
1777 3831 1880 3893 cilicio
1903 3833 2055 3912 suspendi
2067 3841 2124 3895 aut

1369 3927 1486 4006 deponi
1503 3926 1633 4000 debeat;
1658 3932 1689 3986 et
1709 3924 1793 3986 idem
1811 3924 1962 4002 sutfragia
1977 3925 2123 4003 promul-

1370 4029 1434 4100 get,
1459 4037 1551 4098 quae,
1575 4029 1611 4082 ut
1632 4018 1799 4092 sufficiant,
1824 4019 1901 4080 duas
1922 4019 2032 4081 tertias
2051 4037 2123 4098 par-

1369 4123 1416 4177 tes
1439 4115 1614 4188 excedent3
1639 4119 1671 4174 et
1693 4119 1769 4175 tuuc
1790 4113 1895 4174 statim
1919 4113 1958 4175 de
1980 4113 2041 4174 alio
2065 4113 2124 4174 eli-

1370 4210 1475 4287 gendo
1491 4216 1614 4286 agatur,
1632 4215 1673 4280 et,
1692 4207 1715 4268 si
1733 4206 1804 4268 beri
1820 4213 1936 4284 potest,
1951 4224 2016 4269 non
2031 4207 2124 4285 prius

1368 4303 1444 4366 inde
1466 4301 1689 4379 egrediantur,
1714 4315 1810 4378 quam
1834 4301 2026 4364 electionem
2049 4317 2123 4380 per-

1369 4396 1515 4458 fecerint.
1547 4394 1582 4456 ln
1605 4410 1666 4472 qua
1688 4411 1724 4456 re
1746 4395 1808 4456 due
1835 4395 2121 4458 animadvertenda

1369 4497 1458 4553 sunt:
1485 4489 1639 4570 primum,
1656 4493 1703 4561 ut,
1722 4488 1747 4550 si
1763 4487 1907 4550 delectus
1927 4489 1964 4550 ad
1986 4504 2117 4568 suspen-

1369 4585 1494 4647 sionem
1517 4589 1570 4644 aut
1591 4582 1826 4661 depositionem
1843 4581 2039 4644 sufficientes
2056 4599 2118 4644 uon

1369 4677 1670 4758 deprehendantur,
1700 4675 1768 4737 aliis
1795 4675 1958 4738 derebus
1987 4683 2118 4753 agatur,

1368 4778 1500 4851 propter
1515 4787 1592 4849 quas
1608 4777 1778 4832 convocata
1794 4770 2002 4847 congregatio
2013 4771 2122 4832 videa-

1368 4871 1431 4939 tur,
1450 4872 1491 4938 et,
1510 4866 1596 4942 quod
1618 4865 1654 4926 ad
1677 4862 1823 4925 abbatem
1841 4863 2027 4939 generalem
2050 4865 2120 4925 atti-

1368 4965 1434 5031 net,
1459 4957 1700 5029 dissimuletur,
1728 4955 1895 5018 imovero
1925 4957 2016 5020 nulle
2039 4965 2119 5019 tem-

1369 5069 1447 5131 pere
1469 5052 1629 5129 divulgari
1652 5051 1756 5124 debet,
1775 5058 1806 5111 et
1821 5051 1876 5124 sic,
1894 5065 1967 5112 cum
1990 5052 2119 5114 abbates

1368 5152 1596 5218 convocantur,
1611 5145 1841 5223 praemonendi
1864 5151 1939 5206 sunt
1960 5144 1999 5206 de
2014 5161 2119 5205 secre-

1368 5247 1419 5317 to;
1436 5240 1626 5312 secundum,
1644 5240 1670 5300 si
1686 5238 1896 5300 coustitutum
1912 5237 2010 5300 luerit
2024 5238 2117 5299 illum

1367 5336 1405 5397 ab
1429 5335 1531 5397 ollieio
1553 5334 1753 5413 suspendere
1774 5339 1827 5394 aut
1849 5333 2117 5411 deponeremus

1368 5431 1464 5493 etiam
1486 5447 1559 5492 eum
1576 5430 1688 5491 eodem
1704 5429 1815 5490 abbate
1838 5427 1981 5505 generali
1992 5433 2115 5490 secreto

1367 5525 1529 5602 agendum
1552 5529 1610 5593 est,
1634 5527 1671 5583 ut
1692 5522 1830 5600 ipsemet
1851 5539 1885 5583 se
1908 5521 2010 5584 officio
2031 5521 2115 5582 abdi-

1367 5625 1432 5694 cet3
1446 5623 1492 5690 ut,
1508 5633 1580 5678 cum
1594 5616 1653 5678 boe
1668 5614 1909 5693 promulgatum
1923 5615 2031 5682 luerit,
2045 5631 2114 5692 pec-

1367 5719 1472 5775 eatum
1489 5717 1520 5774 et
1535 5711 1628 5773 oltieii
1650 5716 1782 5788 propter
1804 5715 1966 5786 peccatum
1981 5709 2114 5788 privatio

1368 5807 1557 5870 occultetur.

1407 5901 1440 5964 Si
1461 5909 1568 5964 autem
1592 5901 1735 5962 delectus
1750 5916 1815 5961 nora
1832 5897 1930 5960 luerit
1945 5898 2111 5969 eiusmodi,

1366 6004 1402 6061 ut
1423 5996 1596 6077 privandus
1624 5993 1806 6058 officiosae
1829 5994 1883 6068 sit,
1908 5993 1962 6056 sed
1990 5997 2111 6054 tantum
