4864 6994
923 621 1097 670 exedentes
1119 621 1168 666 1²1³.
1193 619 1258 669 XVI.

319 748 461 812 doctrina
490 745 667 826 plurimum
689 745 722 808 in
751 743 887 806 Domino
916 743 1063 804 fiduciam

318 842 485 914 babemus,
509 856 653 902 annuere
675 838 833 909 volentes,
851 843 947 913 teque
965 853 981 896 a
997 835 1064 912 qui-

319 935 429 997 busvis
458 931 815 1002 excommunicationis,
846 929 1064 1007 suspensionis

320 1035 352 1090 et
372 1027 546 1098 interdicti,
571 1027 705 1103 aliisque
720 1023 940 1087 ecclesiasticis
955 1039 1065 1084 censu-

320 1123 364 1183 ris
386 1128 418 1181 et
440 1121 552 1198 poenis
574 1120 688 1195 quovis
705 1117 801 1180 modo
818 1124 850 1178 et
865 1130 1066 1193 quacumque

321 1215 360 1276 de
376 1229 466 1276 causa
483 1213 564 1282 latis,
583 1212 609 1272 si
625 1228 702 1289 quas
718 1211 801 1272 forte
816 1209 991 1280 incurristi,
1010 1209 1066 1269 bu-

320 1308 369 1368 ius
392 1312 517 1367 tantum
539 1305 587 1365 rei
609 1306 708 1382 gratia
736 1304 939 1366 absolventes
963 1309 995 1363 et
1016 1301 1067 1362 ab·

321 1399 464 1460 solutum
487 1398 556 1459 fore
579 1405 759 1471 censentes,
784 1398 823 1459 de
846 1395 912 1457 Vl.
927 1395 984 1456 Fr.
999 1393 1065 1456 NN.

322 1493 354 1556 S.
377 1493 413 1555 ll.
437 1493 473 1554 E.
497 1493 712 1556 cardinalium
735 1492 877 1568 negociis
891 1491 1068 1568 Propagan-

322 1589 379 1650 dae
411 1587 499 1649 Fidei
531 1587 787 1664 praepositorum
820 1584 964 1656 consilio,
998 1583 1066 1655 tibi,

322 1696 397 1742 ren.
422 1680 474 1752 fr.,
498 1679 663 1740 facultates
686 1679 879 1741 necessarias
902 1683 934 1738 et
956 1691 1068 1755 oppor-

322 1781 415 1836 tunas
439 1773 495 1834 tibi
510 1773 651 1848 eligendi
667 1772 699 1833 in
715 1773 932 1834 coadiutorem
948 1787 1069 1858 memo·

323 1867 383 1928 rati
405 1866 499 1927 oflicii
528 1865 643 1927 Vicarii
665 1865 838 1942 Apostolici
860 1863 1069 1926 Concincinae

324 1977 411 2032 eum,
436 1975 532 2036 quem
555 1959 780 2034 dignissimum
808 1959 974 2035 magisque
996 1958 1070 2018 huic

323 2054 453 2114 muneri
474 2054 627 2114 idoneum
649 2069 707 2131 pro
729 2059 781 2114 tua
803 2051 973 2130 prudentia
991 2051 1070 2112 iudi-

325 2147 457 2218 caveris,
471 2147 658 2208 auctoritate
673 2145 842 2224 apostolica
855 2151 967 2206 tenore
983 2161 1071 2221 prae-

326 2238 466 2300 sentium
490 2239 662 2300 tribuimus
685 2245 717 2298 et
737 2237 955 2315 impertimur,
972 2238 1014 2298 ita
1029 2245 1071 2298 ta-

326 2347 402 2392 men
423 2339 460 2393 ut
481 2332 645 2393 coadiutor
666 2331 709 2391 sic
731 2345 788 2408 per
808 2337 839 2390 te
857 2330 978 2392 electus
994 2347 1072 2390 non-

328 2425 389 2486 nisi
411 2441 447 2485 ea
468 2440 549 2502 quae
571 2425 628 2485 bae
650 2425 683 2485 in
698 2439 734 2484 re
750 2429 784 2484 tu
800 2423 847 2484 illi
862 2424 1072 2485 demandave-

326 2518 371 2577 ris
400 2518 532 2579 omnino
561 2523 722 2595 praestare
750 2523 916 2591 teneatur3
947 2515 1073 2592 quando

327 2615 435 2671 autem
448 2625 566 2672 munus
579 2610 774 2682 huiusmodi,
789 2610 874 2686 quod
887 2617 920 2671 tu
934 2609 969 2670 ad
986 2624 1074 2687 prae-

326 2719 400 2766 sens
423 2704 520 2780 geris,
537 2704 780 2780 quomodolibet
802 2720 842 2764 ox
864 2719 1000 2781 persona
1021 2709 1074 2762 tua

329 2798 499 2868 vacaverit,
524 2797 743 2859 coadiutorem
764 2803 916 2874 utsupra
938 2803 1004 2857 ate
1020 2795 1075 2856 eli-

330 2892 473 2967 gendum
501 2891 571 2952 loco
601 2891 647 2951 tui
669 2889 829 2951 vicarium
856 2889 1075 2967 Apostolieum

329 2985 540 3047 Concincinae
562 2999 634 3051 cum
658 2983 806 3045 omnibus
829 2990 861 3044 et
876 2983 1012 3059 singulis
1034 2981 1076 3042 fa-

331 3077 502 3138 cultatibus
524 3092 605 3152 quae
627 3076 684 3137 tibi
706 3076 829 3138 ratione
852 3075 945 3138 officii
967 3075 1076 3138 buius-

330 3170 418 3232 modi
438 3189 453 3231 a
469 3169 550 3231 Sede
566 3170 622 3232 hae
638 3167 817 3247 Apostolica
833 3169 985 3230 haetenus
1001 3184 1078 3244 quo·

330 3263 508 3325 modolibet
539 3277 707 3324 concessae
735 3272 820 3334 sunt,
845 3278 992 3323 exnunc
1020 3278 1079 3340 pro

331 3363 408 3418 tunc
430 3355 616 3418 auctoritate
638 3362 670 3416 et
686 3363 800 3418 tenore
816 3355 992 3434 praesentis
1008 3355 1079 3416 faei-

332 3466 404 3511 mus
428 3456 460 3511 et
474 3449 710 3524 constituimus,
727 3449 813 3510 salva
830 3457 935 3510 tamen
951 3463 1080 3527 semper

333 3545 365 3605 in
394 3544 577 3622 praemissis
606 3545 793 3605 auctoritate
822 3543 1080 3621 congregationis

333 3636 524 3698 eorumdem
545 3634 772 3697 Cardinalium.

374 3731 393 3804 §
414 3730 443 3792 ἓ.
460 3729 638 3801 Praeterea,
655 3736 692 3791 ut
706 3736 903 3790 memoratus
918 3730 1081 3792 coadiutor

334 3840 350 3883 a
373 3829 404 3884 te
424 3821 593 3899 eligendus
609 3823 791 3884 charactere
808 3829 839 3884 et
853 3821 947 3884 titulo
963 3822 1081 3901 episco-

336 3915 397 3994 pali
413 3915 585 3992 insignitus
602 3917 722 3988 eradat,
737 3931 875 3978 exnunc
890 3915 1009 3992 pariter
1024 3931 1082 3992 pro

336 4016 413 4072 tunc
434 4009 526 4070 illum
542 4009 575 4070 in
591 4009 783 4088 Episcopum
800 4009 958 4070 Ecclesiae
974 4008 1082 4070 lletel-

336 4101 500 4180 lopolitan.
515 4109 585 4164 actu
601 4118 659 4180 per
676 4102 798 4163 obitum
813 4101 920 4163 ultimi
937 4101 1083 4180 Episcopi

338 4197 488 4268 vacantis,
506 4211 587 4272 quae
609 4196 642 4256 in
658 4195 799 4272 partibus
815 4193 995 4256 infidelium
1010 4213 1083 4258 con-

337 4289 430 4361 sistit,
455 4289 566 4350 eadem
588 4295 697 4350 nostra
711 4286 881 4364 apostolica
897 4288 1083 4350 auctoritate

338 4381 438 4458 eligas
470 4387 565 4457 atque
597 4381 756 4453 declares,
788 4386 824 4441 ut
851 4380 889 4442 ad
917 4381 1083 4444 ecclesiam

338 4474 509 4552 praefatam
533 4473 684 4550 quamdiu
707 4474 744 4534 ab
762 4473 946 4535 infidelibus
963 4474 1084 4537 detine-

337 4567 425 4628 bitur
446 4566 597 4628 accedere
619 4573 652 4627 et
672 4567 754 4644 apud
776 4582 846 4627 eam
872 4567 1084 4645 personaliter

338 4660 482 4721 residere
512 4659 645 4720 minime
674 4665 837 4730 teneatur,
868 4660 949 4720 dicta
977 4668 1085 4722 nostra

339 4753 526 4815 auctoritate
542 4753 695 4815 concedas
712 4758 743 4814 et
757 4751 936 4829 indulgeas.
951 4753 1084 4831 'libique

339 4846 469 4925 pariter,
483 4852 520 4907 ut
531 4845 636 4906 eidem
652 4845 828 4907 coadiutori
844 4863 859 4906 a
875 4853 907 4907 te
922 4847 1083 4924 eligendo,

341 4956 374 5000 ac
388 4945 498 5016 postea
508 4939 542 5000 in
554 4937 747 5016 Episcopum
759 4938 1019 5018 ltfetellopolitan.
1034 4959 1086 5002 au-

340 5033 486 5096 ctoritate
502 5039 534 5095 et
551 5040 664 5094 tenore
680 5035 857 5110 praesentis
872 5035 1086 5097 renuntiando

341 5135 413 5206 post
434 5143 529 5204 quam
551 5126 589 5188 ab
612 5143 650 5188 eo
666 5125 900 5204 professionem
915 5127 1087 5190 catholicae

342 5221 417 5283 fidei
438 5221 527 5282 iuxta
548 5220 699 5282 articulos
720 5237 737 5280 a
758 5220 834 5282 sede
850 5227 958 5282 nostra
974 5237 1087 5300 propo-

302 5317 307 5326 '
341 5314 430 5386 sitos,
454 5332 489 5377 ac
510 5321 622 5376 nostro
638 5331 671 5375 ac
686 5313 845 5376 Romanae
860 5314 1018 5377 Ecclesiae
1033 5331 1088 5378 no-

343 5407 430 5470 mine
452 5406 614 5469 fidelitatis
637 5407 761 5470 debitae
783 5407 914 5469 solitum
929 5408 1089 5472 iuramen-

343 5507 413 5562 tum
435 5501 608 5578 receperis
633 5515 751 5561 munus
774 5502 1022 5563 consecrationis
1037 5519 1089 5564 au-

344 5594 488 5655 ctoritate
504 5599 612 5654 nostra
623 5591 792 5671 apostolica
805 5594 993 5671 impendere
1005 5594 1090 5656 licite

344 5683 460 5760 valeas,
479 5687 595 5758 accitis,
613 5692 645 5746 et
665 5687 699 5748 in
720 5686 781 5748 boc
797 5685 853 5748 tibi
868 5686 1091 5748 assistentibus

346 5777 487 5852 duobus,
521 5779 592 5842 loco
613 5779 862 5858 Episcoporum,
894 5780 1091 5859 presbyteris

387 5999 415 6058 (1)
431 6001 468 6043 Ex
482 5998 682 6057 Reges-evium
697 5997 745 6043 rol.
762 6000 811 6052 lv.,
826 6008 850 6054 p.
864 5961 897 6042 eft

1121 741 1335 804 saecularibus
1367 757 1424 803 seu
1456 741 1687 818 cuiuscumque
1719 737 1863 810 Ordinis,

1121 831 1397 910 Congregationis,
1433 841 1464 897 et
1491 834 1630 896 instituti
1661 831 1865 910 regularibus

1122 926 1278 1004 praefatae
1301 927 1397 991 huius
1419 927 1502 990 sedis
1526 929 1659 1004 gratiam
1678 933 1710 988 et
1724 941 1867 988 commu-

1122 1019 1252 1108 nionem
1275 1019 1478 1092 habentibus,
1492 1021 1573 1082 dicta
1594 1020 1781 1082 auctoritate
1803 1018 1868 1097 ple-

1123 1129 1193 1173 nam
1218 1119 1250 1173 et
1271 1113 1404 1176 liberam
1426 1114 1598 1177 tribuimus
1621 1115 1813 1176 facultatem.

1164 1208 1182 1282 5
1203 1206 1232 1267 3.
1257 1205 1414 1269 Volumus
1437 1215 1543 1270 tamen
1566 1208 1742 1284 eademque
1765 1212 1869 1268 aucto-

1124 1299 1216 1360 ritate
1239 1301 1449 1378 praecipimus
1479 1309 1573 1378 atque
1596 1301 1811 1372 decernimus
1836 1305 1871 1362 ut

1125 1393 1184 1453 nisi
1212 1393 1349 1471 receptis
1371 1394 1486 1456 abillo
1515 1411 1572 1473 per
1596 1402 1626 1455 te
1654 1394 1760 1472 ipsum
1788 1393 1871 1454 iura·

1125 1493 1235 1548 mento
1258 1493 1290 1547 et
1311 1487 1509 1564 professione
1532 1488 1607 1550 fidei
1628 1487 1815 1549 huiusmodi
1836 1493 1870 1548 tu

1125 1579 1370 1641 consecrationis
1390 1595 1508 1642 munus
1523 1581 1607 1642 dicto
1623 1579 1798 1642 coadiutori
1814 1580 1871 1640 im-

1126 1673 1268 1750 pendere
1290 1681 1322 1733 et
1342 1673 1397 1734 ille
1420 1674 1539 1736 dictum
1562 1690 1679 1735 inunus
1708 1673 1871 1751 suscipere

1127 1766 1417 1844 praesumpseritis,
1449 1773 1482 1828 tu
1514 1784 1529 1827 a
1559 1766 1747 1844 pontificalis
1780 1765 1873 1828 officii

1127 1859 1280 1920 exercitio
1303 1865 1335 1920 et
1356 1867 1419 1920 tam
1436 1861 1503 1938 ipse
1519 1875 1614 1937 quam
1631 1867 1664 1922 tu
1681 1878 1697 1921 a
1713 1859 1873 1936 regimine

1128 1959 1160 2012 et
1179 1953 1452 2014 administratione
1468 1953 1674 2015 ecclesiarum
1691 1961 1873 2015 vestrarum

1127 2045 1274 2124 suspensi
1295 2047 1363 2106 sitis
1379 2063 1417 2107 eo
1433 2047 1512 2124 ipso.
1531 2047 1714 2109 blandemus
1730 2053 1875 2125 propter-

1128 2156 1164 2201 ea
1182 2139 1215 2200 in
1230 2140 1351 2200 virtute
1366 2146 1492 2202 sanctae
1509 2139 1709 2210 obedientiae
1725 2140 1874 2202 omnibus

1129 2239 1161 2294 et
1182 2233 1318 2309 singulis
1346 2234 1383 2294 ad
1407 2249 1487 2310 ques
1519 2241 1639 2313 spectat
1666 2233 1877 2312 respectabit

1129 2342 1186 2404 pro
1210 2333 1419 2404 temperent
1439 2327 1533 2389 illum
1555 2344 1612 2406 per
1634 2335 1665 2388 le
1688 2327 1875 2404 eligendum

1129 2421 1161 2480 in
1184 2421 1401 2482 coadiutorem
1423 2421 1461 2482 ad
1483 2421 1623 2483 liberum
1645 2421 1790 2484 eiusdem
1807 2436 1876 2481 mu·

1130 2513 1216 2574 neris
1238 2511 1428 2572 exercitium
1450 2511 1538 2572 iuxta
1553 2513 1770 2588 praesentium
1789 2517 1876 2572 tene-

1130 2623 1198 2666 rem
1212 2606 1367 2682 recipiant
1378 2611 1410 2664 et
1421 2603 1598 2676 admittant,
1607 2603 1719 2680 illique
1730 2604 1763 2664 in
1776 2603 1877 2664 omni-

1130 2700 1189 2761 bus
1209 2715 1289 2776 quae
1306 2699 1343 2759 ad
1360 2697 1499 2758 officium
1515 2697 1698 2759 huiusmodi
1714 2697 1878 2776 pertinent

1131 2799 1258 2872 praesto
1279 2791 1344 2852 sint
1365 2808 1398 2852 ac
1422 2790 1580 2862 obediant,
1604 2805 1725 2867 suaque
1739 2790 1879 2852 salubria

1133 2885 1252 2948 monita
1274 2891 1306 2945 et
1328 2883 1473 2945 mandata
1494 2891 1685 2946 reverenter
1706 2883 1880 2962 suscipiant

1133 2985 1165 3040 et
1187 2977 1355 3040 efficaciter
1375 2977 1579 3056 adimpleant,
1596 2977 1738 3054 alioquin
1752 2981 1879 3039 senten-

1133 3074 1209 3133 tiam
1231 3071 1299 3133 sixe
1322 3086 1456 3149 poenam
1480 3086 1574 3146 quam
1596 3071 1629 3132 in
1644 3071 1784 3134 rebelles
1799 3071 1881 3132 tule-

1134 3166 1177 3226 rit
1197 3165 1269 3238 rite,
1293 3171 1393 3226 ratam
1410 3163 1599 3226 habebimus
1615 3171 1647 3226 et
1661 3165 1813 3226 faciemus
1828 3180 1881 3224 au·

1134 3265 1278 3319 otorante
1300 3258 1435 3320 Domino
1456 3273 1559 3334 usque
1581 3257 1619 3318 ad
1633 3257 1882 3320 satisfactionem

1135 3352 1325 3428 condignam
1347 3350 1575 3412 invielabiliter
1597 3351 1773 3412 observari.

1176 3446 1245 3521 §ln
1274 3444 1344 3506 Non
1373 3443 1572 3506 obstantibus
1601 3444 1882 3506 constitutionibus

1137 3545 1170 3600 et
1191 3537 1444 3600 ordinationibus
1466 3535 1657 3616 apostolicis,
1681 3553 1740 3598 nec
1759 3553 1824 3600 non
1839 3537 1883 3599 di-

1137 3638 1260 3693 ctarum
1283 3629 1501 3702 eeclesiarum,
1526 3635 1559 3690 et
1572 3630 1754 3692 iuramento
1770 3629 1884 3691 contir-

1138 3725 1277 3786 matione
1309 3722 1479 3800 apostolica
1511 3721 1564 3782 vel
1593 3723 1704 3798 quavis
1733 3722 1884 3783 firmitate

1138 3817 1196 3878 alia
1218 3816 1373 3879 roboratis
1395 3815 1520 3876 statutis
1538 3821 1569 3876 et
1585 3814 1882 3886 consuetudinibus,

1139 3910 1315 3989 privilegiis
1331 3923 1471 3986 quoque,
1486 3908 1630 3980 indultis,
1648 3915 1681 3969 et
1695 3907 1797 3969 literis
1813 3923 1886 3986 apo-

1139 4003 1258 4066 stolicis
1281 4003 1314 4064 in
1336 4003 1533 4064 contrarium
1549 4001 1737 4064 facientibus
1753 4017 1885 4078 quomo-

1139 4097 1260 4158 dolibet
1288 4095 1456 4166 concessis,
1480 4096 1676 4156 confirmatis
1703 4103 1736 4156 et
1755 4095 1886 4157 innova·

1139 4192 1190 4263 tis,
1215 4189 1331 4267 quibus
1361 4187 1510 4250 omnibus
1540 4194 1572 4248 et
1592 4183 1728 4265 singulis
1757 4188 1886 4250 illarum

1140 4292 1269 4346 tenores
1299 4281 1520 4361 praesentibus
1546 4297 1603 4358 pro
1632 4281 1726 4358 plene
1749 4289 1782 4343 et
1802 4281 1887 4342 sulfi-

1132 4381 1263 4463 cienter
1285 4375 1445 4454 expressis
1467 4392 1500 4436 ae
1522 4375 1561 4436 de
1580 4373 1682 4436 verbo
1696 4375 1735 4435 ad
1749 4375 1886 4436 verbum

1140 4470 1268 4533 insertis
1290 4468 1455 4540 babentes
1472 4466 1536 4528 illis
1552 4466 1626 4527 alias
1648 4467 1680 4526 in
1696 4482 1754 4528 suo
1770 4467 1887 4528 robore

1141 4563 1371 4644 permansuris,
1395 4561 1432 4622 ad
1461 4560 1712 4638 praemissorum
1738 4561 1888 4622 effectum

1141 4657 1198 4718 hac
1219 4656 1289 4718 vice
1312 4654 1475 4716 dumtaxat
1495 4653 1675 4731 specialiter
1690 4659 1722 4714 et
1737 4669 1889 4732 expresse

1142 4751 1345 4828 derogamus
1363 4747 1561 4824 caeterisque
1576 4747 1744 4808 contrariis
1760 4747 1890 4824 quibus-

1141 4858 1291 4920 cumque.

1181 4936 1296 4997 Datum
1312 4935 1430 4997 Romae
1446 4934 1528 5012 apud
1545 4933 1576 4996 S.
1594 4934 1723 4996 Mariam
1739 4935 1891 4997 Maiorem

1143 5029 1202 5090 sub
1224 5029 1342 5090 annulo
1371 5028 1537 5089 Piscatoris
1559 5027 1610 5090 die
1632 5045 1676 5090 xx.
1699 5028 1892 5108 septembris

1144 5139 1355 5196 uncccxxxx.‚
1379 5121 1581 5201 pontificatus
1603 5121 1705 5184 nestri
1727 5139 1809 5184 anno
1828 5140 1849 5184 1.

1424 5283 1639 5292 .-..,.-----ι--ι-

1477 5405 1558 5468 xvi.

1150 5590 1273 5653 Vieurio
1295 5590 1402 5672 deest.
1424 5591 1583 5656 dicmensi
1604 5591 1746 5655 concedit
1766 5591 1895 5656 coadiu-

1187 5690 1286 5745 torem
1311 5685 1424 5765 ele'qere
1449 5702 1520 5746 cunt
1544 5685 1662 5765 [uteru
1687 5685 1894 5754 successione,

1189 5795 1318 5857 euinque
1340 5778 1530 5859 Episcopum
1552 5795 1737 5842 consecrare
1757 5777 1813 5860 (l).

1806 600 1844 664 21
1895 601 1949 656 Au.
1963 602 1993 656 d.
2015 600 2083 653 1831
