4822 6986
348 547 401 598 An.
418 545 446 596 O.
469 548 538 598 teto
588 544 647 608 360

570 701 628 746 333
644 686 682 746 de
705 685 836 748 consilio
859 700 956 747 venn.
975 685 1111 748 fratrum
1129 691 1317 746 nostrorum

572 777 603 840 S.
625 779 661 840 R.
679 779 714 839 E.
739 777 955 840 cardinalium
978 779 1116 856 negotiis
1139 780 1318 856 Propagan-

570 873 627 934 dae
656 871 743 934 fidei
774 873 1031 951 praepositorum
1061 879 1151 935 motu
1174 873 1316 950 proprio,

570 973 655 1028 33113
669 966 811 1039 33133113,
827 966 932 1044 deque
947 968 1137 1046 apostolicae
1153 969 1318 1046 potestatis

571 1060 782 1138 plenitudine,
804 1067 995 1124 memoratas
1012 1062 1191 1140 provincias
1207 1061 1319 1124 dividi-

571 1170 642 1216 mus
665 1171 698 1215 33
724 1154 1006 1228 11131331311133133,
1031 1172 1071 1217 ex
1098 1156 1208 1232 eisque
1239 1157 1319 1218 duos

570 1247 655 1310 inter
669 1265 703 1309 se
729 1248 893 1311 distinctos
915 1249 1086 1311 vicariatus
1109 1250 1265 1326 erigimus
1287 1254 1320 1310 et

570 1343 813 1416 constituimus,
845 1359 985 1420 quorum
1011 1344 1092 1406 alter
1122 1343 1318 1422 provinciam

570 1435 737 1513 lilang-Si,
752 1455 768 1498 a
781 1453 840 1515 qua
858 1453 978 1500 nomen
993 1437 1132 1514 accipiat,
1147 1438 1228 1500 alter
1240 1452 1319 1498 vero

570 1531 767 1607 provinciam
781 1531 982 1608 Tolle-Kiang
998 1532 1112 1594 eodem
1126 1531 1256 1594 nomine
1269 1548 1319 1610 ap·

570 1624 737 1703 pellandus
753 1625 994 1702 complectatur,
1008 1642 1071 1687 una
1086 1641 1159 1688 curn
1173 1625 1320 1687 districti-

570 1718 628 1780 bus
641 1718 824 1796 provinciae
837 1717 1036 1796 lliang-Sou,
1048 1736 1165 1798 nempe
1178 1720 1319 1796 1311333-

571 1811 762 1884 teneo-Son,
786 1812 1092 1890 liin-llovey-llien,
1117 1811 1317 1891 Ou-fv-Kien,

571 1913 602 1968 et
624 1907 899 1983 Kiang-in-fiiem,
918 1921 998 1986 quos
1015 1907 1169 1968 nimirum
1191 1908 1320 1969 vicaria·

572 1999 617 2060 tui
629 2000 837 2076 Tene-iliang
848 2001 1024 2073 adnuimus,
1040 2001 1252 2062 decernentes
1265 2001 1320 2062 1133

570 2093 692 2156 litteras
705 2095 823 2165 firmas,
841 2094 960 2156 validas
977 2101 1008 2156 et
1024 2095 1164 2156 efficaces
1181 2094 1320 2156 existere

571 2195 603 2249 et
624 2187 704 2260 fore,
718 2203 859 2264 suosque
881 2188 1041 2266 plenarios
1064 2194 1096 2248 et
1117 2189 1260 2264 integros
1277 2189 1320 2250 el-

570 2281 671 2342 lectus
699 2281 809 2342 sortiri
835 2288 867 2343 et
897 2281 1055 2352 obtinere,
1087 2289 1182 2358 atque
1210 2283 1259 2354 113,
1283 2284 1319 2346 311

570 2389 650 2450 quos
664 2381 785 2452 spectat
800 2391 857 2436 seu
873 2375 1039 2452 spectabit,
1054 2375 1240 2452 plenissime
1256 2376 1321 2437 suf-

570 2466 698 2544 lragari,
723 2475 755 2528 et
776 2466 813 2528 ab
837 2468 987 2529 omnibus
1014 2467 1242 2530 inviolabiliter
1268 2470 1321 2531 ob-

569 2560 708 2634 servari,
738 2560 849 2638 sicque
871 2561 903 2622 13
933 2561 1113 2638 praemissis
1144 2578 1201 2640 per
1228 2579 1321 2640 quos-

569 2670 709 2731 cumque
737 2654 859 2716 iudices
889 2655 1067 2716 ordinarios
1091 2663 1122 2716 et
1144 2656 1318 2732 delegatos,

569 2749 665 2809 etiam
681 2765 845 2810 causarum
860 2748 966 2826 palatii
981 2748 1145 2826 apostolici
1160 2749 1321 2812 auditores

570 2847 602 2902 et
625 2841 656 2904 S.
674 2843 709 2904 ll.
727 2841 763 2904 E.
788 2841 984 2914 Cardinales,
1009 2842 1133 2904 sublata
1155 2843 1200 2903 313
1223 2849 1255 2904 31
1271 2859 1322 2905 33-

569 2951 644 2996 1331
673 2936 805 2998 cuilibet
837 2935 948 3012 quavis
978 2935 1071 2996 aliter
1103 2936 1263 2997 iudicandi
1292 2943 1324 2998 et

570 3029 804 3108 interpretandi
819 3029 968 3092 facultate
984 3037 1016 3090 et
1027 3031 1226 3102 auctoritate,
1244 3031 1323 3092 iudi-

571 3123 634 3184 cari
651 3129 683 3184 et
694 3123 821 3184 definiri
835 3122 965 3194 debere,
980 3139 1014 3184 ac
1026 3121 1156 3184 irritum
1169 3131 1202 3185 et
1216 3124 1321 3196 inane,

571 3216 597 3276 si
620 3233 712 3278 secus
734 3233 830 3296 super
853 3217 901 3278 1113
923 3235 939 3278 3
962 3231 1122 3294 quoquam
1138 3219 1249 3294 quavis
1271 3235 1324 3280 au-

572 3311 719 3372 ctoritate
731 3310 871 3372 scienter
882 3311 936 3372 vel
951 3311 1140 3387 ignoranter
1152 3312 1325 3388 contigerit

572 3405 731 3466 attentari.
756 3403 826 3467 Non
850 3404 1050 3466 obstantibus
1073 3412 1181 3467 nostra
1199 3405 1323 3468 311133-

572 3497 719 3559 cellariae
734 3498 935 3576 apostolicae
954 3497 1078 3574 regulis
1092 3498 1130 3560 de
1146 3499 1217 3559 iure
1230 3513 1323 3576 quae·

572 3592 633 3652 sito
656 3608 721 3652 non
743 3591 904 3664 tollendo,
929 3591 1064 3668 aliisque
1090 3591 1324 3654 constitutioni-

572 3685 632 3746 bus
655 3690 687 3746 et
709 3684 963 3746 ordinationibus
986 3683 1177 3762 apostolicis,
1194 3686 1325 3748 ceteris-

573 3794 637 3856 que
659 3793 807 3856 expressa
836 3779 1002 3840 mentione
1026 3778 1130 3855 dignis
1157 3780 1324 3841 contrariis

573 3871 843 3949 quibuscumque.

613 3965 727 4027 Datum
749 3965 879 4036 Romae,
897 3965 978 4042 apud
996 3963 1027 4027 S.
1043 3966 1174 4028 Petrum
1191 3966 1250 4028 3311
1273 3984 1325 4029 an-

574 4059 651 4120 nulo
667 4060 777 4121 Piscat.
797 4059 848 4120 die
863 4075 964 4120 xxvn.
988 4059 1092 4120 martii
1115 4077 1322 4134 dccccxcvi,

574 4153 777 4230 pontificatus
803 4151 905 4213 nostri
927 4168 1010 4213 anno
1033 4169 1098 4213 avr.

832 4313 1072 4320 ——.-.-—....--—-

863 4435 1035 4499 CCLllllll.

575 4623 727 4704 Regiones
748 4623 843 4688 11131111
862 4629 956 4703 atque
971 4623 1138 4704 inferioris
1158 4621 1326 4686 1111131113

615 4719 811 4782 vicariatum
842 4737 892 4799 cp.
927 4718 1022 4798 cripit
1052 4735 1091 4779 ccc
1118 4717 1196 4781 111113
1227 4718 1328 4782 Lassa

616 4812 860 4876 continendum.

750 4983 970 5051 caesonius
994 4985 1054 5051 ΡΡ.
1080 4983 1150 5050 lllll.

694 5107 730 5173 ad
754 5113 931 5191 perpetuam
955 5107 999 5174 131
1023 5109 1207 5175 memoriam.

616 5283 664 5347 Ex
687 5283 795 5346 debito
817 5283 982 5362 pastoralis
1000 5285 1094 5347 oflicii
1115 5301 1255 5363 superna
1271 5283 1327 5346 Dei

577 5377 778 5456 providentia
800 5377 947 5439 humeris
964 5379 1082 5440 nostris
1105 5377 1247 5457 impositi
1263 5395 1327 5440 non

577 5473 650 5535 leve
672 5490 747 5535 sane
778 5489 857 5534 onus
885 5473 1027 5534 ferentes
1051 5473 1090 5534 311
1119 5489 1229 5534 curam
1258 5474 1328 5535 uni-

576 5569 662 5630 versi
686 5567 837 5630 dominici
861 5566 979 5644 gregis,
994 5565 1056 5628 illis
1079 5568 1246 5646 praecipua
1263 5568 1328 5629 ovi·

576 5663 648 5737 bus,
672 5677 753 5740 quae
775 5661 925 5739 regiones
947 5661 985 5723 ab
1007 5661 1064 5722 1133
1091 5659 1172 5723 Sede
1194 5660 1329 5740 Aposto-

578 5757 647 5828 lica,
671 5755 726 5820 ubi
748 5755 920 5819 catholicae
941 5761 1089 5818 centrum
1114 5755 1326 5828 emunitatis,

579 5851 676 5928 longe
699 5850 821 5912 dissitas
843 5849 999 5923 incolunt,
1024 5851 1137 5912 maiori
1160 5849 1329 5912 consulen-

579 5947 655 6010 dum
676 5943 846 6006 sedulitate
862 5945 1059 6018 censuimus,
1076 5951 1113 6007 ut
1133 5943 1166 6005 in
1188 5945 1328 6006 adventu

1088 564 1154 610 11111.
1179 562 1271 608 ΡΟΝΤ.
1295 561 1336 608 DE
1358 563 1387 608 P.
1412 565 1442 610 F.
1466 567 1550 612 PARS
1571 567 1593 612 1.

1375 685 1512 747 Pastoris
1535 685 1669 758 aeterni,
1687 691 1835 763 repertae
1858 685 1940 746 intra
1962 699 2125 746 13111133-

1375 779 1452 850 vilo,
1477 780 1513 841 ad
1538 796 1650 857 pascua
1670 779 1820 841 coelestia
1836 778 1972 864 feliciter
1994 778 2126 856 perduci

1377 873 1511 935 valeant.
1530 873 1638 950 ltaque
1654 888 1755 950 quum
1769 887 1844 934 ven.
1859 871 1958 933 113131
1973 871 2127 950 loseplrus

1376 967 1533 1029 Antonius
1556 967 1675 1044 Borghi
1698 965 1861 1028 1131331333
1884 965 2070 1046 Episcopus,
2095 982 2128 1026 ac

1376 1061 1538 1122 missionis
1551 1061 1668 1122 Tlribet
1683 1059 1873 1122 lndustanae
1885 1059 2029 1122 1113311113
2046 1057 2128 1137 Apo-

1376 1155 1519 1226 stolicus,
1537 1155 1629 1217 nobis
1652 1155 1879 1233 exponendum
1903 1154 2076 1225 curaverit,
2095 1170 2129 1215 33

1376 1249 1454 1310 adeo
1477 1249 1572 1327 ampli
1594 1249 1764 1310 vicariatus
1780 1265 1889 1310 curam
1913 1264 2028 1326 gerere
2044 1247 2130 1310 113311

1377 1357 1481 1420 posse,
1511 1341 1669 1420 nobisque
1691 1342 1931 1420 supplicaverit,
1957 1343 2130 1410 311111131-

1377 1442 1455 1498 nuto
1479 1435 1710 1498 nonnullarum
1732 1436 1905 1513 regionum
1928 1436 1987 1498 silai
2015 1451 2128 1508 onere,

1378 1529 1519 1589 33331113
1542 1529 1746 1590 Praesulibus
1769 1530 2059 1602 committeremus,
2088 1536 2130 1591 at-

1378 1639 1440 1699 que
1462 1623 1596 1696 interea,
1621 1640 1662 1685 ne
1689 1623 1840 1686 3113111131
1863 1624 2035 1686 catholicae
2059 1640 2130 1702 pro-

1378 1719 1556 1779 movendae
1593 1718 1720 1779 muneri
1754 1718 1897 1790 deesset,
1936 1719 2130 1780 remotiores

1378 1812 1527 1888 quasdam
1544 1813 1706 1887 regiones,
1724 1811 1818 1873 Medii
1838 1827 1955 1888 nempe
1970 1819 2068 1889 atque
2083 1811 2131 1872 ln-

1378 1904 1505 1966 ferioris
1534 1904 1660 1966 'llribeti
1689 1911 1901 1981 nuncupatas,
1926 1911 1959 1966 et
1984 1906 2131 1966 missioni

1379 1997 1572 2061 Sutchuensi
1589 1999 1749 2072 finitimas,
1769 1999 1889 2076 optime
1905 1999 2013 2060 meriti
2029 1997 2132 2060 Serni-

1378 2093 1458 2154 narii
1492 2092 1677 2154 Parisiensis
1710 2092 1900 2152 missionum
1934 2091 1969 2153 ad
2001 2098 2131 2154 exteros

1378 2187 1515 2248 alumnis
1527 2185 1681 2248 curandas
1696 2185 1982 2256 commendaverit,
1995 2201 2054 2246 nos
2066 2201 2132 2246 me-

1379 2281 1493 2341 morati
1503 2279 1664 2341 Betsaidae
1674 2279 1820 2357 Episcopi
1830 2281 1973 2340 studium
1986 2285 2018 2341 et
2031 2280 2132 2340 consi-

1378 2373 1458 2435 lium
1474 2373 1748 2444 commendantes,
1767 2389 1805 2434 ex
1824 2373 2009 2439 memoratis
2026 2373 2132 2449 regic-

1379 2466 1473 2528 nibus
1485 2466 1672 2528 vicariatum
1686 2466 1895 2544 apostolicum
1909 2483 1948 2528 31
1961 2466 2132 2545 praecipua

1378 2577 1412 2623 ac
1443 2560 1576 2622 centrali
1604 2560 1685 2622 urbe
1707 2560 1800 2621 Lassa
1822 2559 2048 2638 appellandum
2074 2563 2134 2622 eri-

1380 2671 1457 2732 gere
1480 2653 1717 2716 constituimus.
1741 2653 1804 2716 Nos
1820 2655 1920 2732 igitur
1935 2655 1974 2716 dc
1996 2655 2133 2718 consilio

1379 2763 1476 2810 venn.
1502 2747 1639 2810 fratrum
1665 2753 1853 2810 nostrorum
1882 2747 2035 2810 31111.
2061 2748 2134 2810 (lar-

1380 2843 1533 2906 dinalium
1547 2843 1690 2920 negociis
1706 2843 1930 2921 Propagandae
1942 2843 2031 2906 fidei
2046 2860 2133 2922 prae-

1380 2937 1571 3014 positorum,
1600 2943 1690 2998 motu
1713 2937 1854 3015 proprio,
1879 2943 1964 2998 certa
1986 2938 2131 3010 scientia,

1380 3029 1485 3108 deque
1498 3031 1667 3107 apostolica
1676 3032 1840 3108 potestatis
1852 3031 2056 3109 plenitudine
2068 3048 2134 3093 me-

1381 3129 1517 3185 moratas
1547 3124 1698 3200 regiones
1728 3125 1825 3186 medii
1847 3131 1942 3202 atque
1967 3124 2134 3187 inferioris

1382 3216 1508 3278 l'lribeti
1523 3224 1720 3295 nuncupatas
1733 3224 1765 3278 et
1777 3217 1920 3279 missioni
1937 3217 2134 3280 Sutcliuensi

1381 3310 1531 3372 finitimas
1553 3329 1569 3372 3
1591 3311 1744 3372 vicariatu
1764 3311 1923 3373 missionis
1947 3311 2134 3374 Thibet-ln-

1381 3405 1531 3468 dostanae
1547 3405 1828 3476 disrnenrliramus,
1843 3421 1960 3483 easque
1973 3407 2005 3468 in
2021 3407 2133 3468 distin·

1380 3505 1468 3559 ctiam
1490 3499 1678 3560 vicariatum
1700 3499 1910 3576 apostolicum
1933 3515 1973 3561 311
1997 3501 2135 3562 33311311

1380 3592 1462 3654 urbe
1482 3591 1572 3652 Lassa
1591 3592 1815 3670 appellandum
1840 3593 1995 3669 erigimus
2012 3599 2134 3656 31333-

1381 3687 1545 3749 stituimus
1567 3703 1583 3746 a
1605 3685 1730 3748 1133113
1753 3685 1935 3765 apostolico
1951 3687 1987 3748 ad
2004 3695 2133 3750 nostrae

1382 3788 1414 3842 31
1429 3779 1519 3843 Sedis
1535 3779 1734 3859 spostolicae
1756 3779 1992 3858 beneplacitum
2016 3781 2134 3858 guber-

1382 3875 1534 3946 nandum,
1559 3875 1771 3936 decernentes
1794 3875 1849 3934 1133
1871 3873 1994 3936 litteras
2010 3876 2132 3949 firmas,

1381 3969 1499 4029 validas
1522 3985 1556 4028 ac
1577 3968 1718 4029 efficaces
1742 3967 1882 4029 existere
1898 3969 2025 4042 311313,
2045 3985 2134 4030 suos-

1382 4077 1445 4138 que
1468 4059 1628 4139 plenarios
1652 4067 1684 4122 31
1706 4061 1851 4137 integros
1875 4063 2007 4124 effectus
2023 4063 2134 4125 sortiri

1383 4163 1415 4217 et
1437 4155 1595 4224 obtinere,
1614 4161 1708 4231 atque
1724 4155 1773 4227 iis,
1791 4156 1829 4217 ad
1845 4171 1924 4232 quos
1940 4162 2064 4234 spectat
2077 4175 2133 4219 seu

1382 4248 1547 4328 spectabit,
1565 4248 1752 4326 plenissime
1767 4249 1947 4326 suflragari,
1966 4256 1998 4311 et
2012 4250 2052 4311 ab
2069 4266 2134 4312 om-

1383 4343 1476 4405 nibus
1498 4341 1727 4404 inviolabiliter
1758 4342 1943 4418 observari,
1964 4343 2075 4420 sicque
2101 4345 2133 4405 in

1383 4437 1565 4515 praemissis
1587 4451 1645 4515 per
1667 4451 1889 4513 quoscumque
1910 4435 2031 4498 iudices
2052 4437 2135 4499 ordi-

1383 4532 1489 4593 narios
1502 4537 1534 4592 31
1547 4531 1721 4608 delegatos,
1737 4530 1832 4592 etiarn
1848 4545 2016 4592 causarum
2029 4533 2134 4610 palatii

1383 4625 1547 4704 apostolici
1563 4625 1724 4686 auditores
1740 4630 1772 4686 et
1788 4623 1819 4686 S.
1834 4623 1869 4686 R.
1884 4623 1920 4685 ii.
1938 4624 2132 4700 Cardinales,

1383 4719 1506 4780 sublata
1522 4717 1567 4779 eis
1584 4725 1744 4779 eteorum
1765 4717 1897 4780 cuilibet
1915 4718 2026 4794 quavis
2042 4719 2135 4781 aliter

1383 4812 1544 4874 iudicandi
1568 4818 1599 4873 et
1611 4812 1845 4890 interpretandi
1869 4810 2020 4874 facultate
2036 4819 2069 4875 et
2083 4829 2135 4874 au·

1384 4907 1543 4978 ctoritate,
1558 4907 1690 4968 iudicari
1707 4913 1739 4968 et
1751 4907 1880 4968 deliniri
1900 4908 2030 4982 debere,
2045 4925 2080 4972 ac
2093 4908 2133 4968 ir-

1384 5003 1484 5062 ritum
1507 5007 1539 5063 et
1560 5001 1665 5074 inane,
1684 5001 1710 5061 si
1725 5017 1817 5062 secus
1839 5019 1937 5081 super
1959 5004 2009 5065 his
2025 5021 2041 5065 a
2057 5019 2133 5080 quo-

1385 5111 1479 5172 quam
1497 5095 1607 5171 quavis
1620 5095 1807 5157 auctoritate
1823 5097 1962 5160 scienter
1977 5097 2030 5160 vel
2045 5098 2133 5175 igno-

1383 5196 1494 5250 ranter
1516 5189 1688 5266 contigerit
1710 5191 1869 5251 attentari.
1894 5191 1964 5253 Nou
1984 5193 2133 5255 obstanti-

1384 5283 1444 5344 bus
1467 5290 1574 5344 nostra
1598 5289 1630 5344 et
1644 5281 1858 5345 Cancellariae
1870 5283 2069 5362 spostolicae
2084 5301 2132 5346 re·

1386 5377 1459 5455 gula
1472 5377 1511 5439 de
1521 5377 1591 5440 iure
1605 5378 1749 5456 quaesito
1762 5393 1826 5439 non
1837 5377 1990 5452 tollendo,
2001 5379 2132 5456 aliisque

1385 5471 1667 5534 constitutionibus
1690 5477 1721 5533 et
1743 5471 1997 5534 ordinationibus
2012 5479 2132 5552 aposto-

1384 5565 1463 5638 licis,
1478 5565 1677 5642 caeterisque
1690 5581 1840 5644 expressa
1853 5567 2018 5629 mentione
2031 5565 2132 5644 dignis

1385 5661 1552 5722 contrariis
1575 5660 1845 5738 quibuscumque.

1425 5753 1539 5814 Datum
1562 5753 1680 5815 Romae
1702 5753 1785 5832 apud
1808 5751 1839 5816 S.
1864 5753 1994 5816 Petrum
2009 5754 2067 5816 sub
2082 5769 2132 5815 an·

1386 5847 1463 5910 3313
1479 5848 1602 5922 Piscat,
1617 5848 1668 5911 die
1689 5863 1790 5909 111111.
1808 5848 1912 5910 1331111
1926 5865 2129 5920 1133331111,

1386 5943 1588 6021 pontificatus
1611 5943 1713 6006 nostri
1739 5960 1822 6005 anno
1845 5960 1909 6006 xvi.

2152 551 2199 603 An.
2212 551 2237 602 C.
2256 557 2306 610 title
