4788 6980
350 532 402 584 An.
419 535 447 585 C.
471 533 539 584 1840
589 533 648 594 2511

610 683 685 728 oum
706 666 901 729 vicariatum
921 665 1140 746 apostolicam,
1156 665 1248 727 66166
1263 681 1316 726 66-

609 777 682 822 ram
693 758 862 820 6666111111
872 758 1044 822 seminario
1053 757 1233 822 Perisiemsi
1244 758 1317 820 mis-

609 853 735 916 616666
758 852 955 916 6116616666.

742 1021 962 1090 anfiaottttts
986 1023 1044 1092 ΡΡ.
1068 1023 1138 1092 iiiii.

688 1146 725 1214 ad
747 1150 921 1229 perpetuam
944 1147 987 1213 rei
1014 1146 1195 1214 memoriam.

608 1325 677 1401 gl.
701 1323 783 1387 Cum
812 1324 849 1388 ad
878 1324 1057 1400 augendam
1085 1337 1317 1401 usquequaque
1338 1383 1341 1392 ,

569 1418 823 1496 firmandamque
845 1433 915 1478 rom
941 1416 1127 1480 catholicam
1149 1415 1194 1478 nil
1217 1415 1317 1492 magis

568 1512 717 1576 conterre
732 1516 786 1578 aut
797 1509 932 1572 validius
944 1525 1086 1587 unquam
1098 1509 1206 1582 luerit,
1220 1524 1317 1586 66616

568 1607 799 1685 Episcoporum
818 1620 898 1682 quos
914 1603 1050 1682 Spiritus
1066 1603 1197 1668 Sanctus
1212 1603 1318 1683 posuit

569 1715 685 1778 rogero
707 1698 879 1762 Ecclesiam
902 1698 968 1770 Dei,
994 1713 1168 1760 numerum
1183 1712 1314 1774 augere,

569 1793 624 1871 qui
634 1793 730 1856 satius
742 1790 1006 1854 christifidelium
1018 1791 1255 1854 necessitatibus
1268 1807 1317 1852 oc-

569 1893 686 1959 currat,
712 1887 785 1948 hinc
807 1887 846 1948 de
864 1901 961 1948 venn.
978 1885 1114 1947 fratrum
1130 1891 1316 1948 nostrorum

570 1981 601 2044 S.
625 1981 661 2044 ii.
685 1979 721 2042 E.
744 1979 960 2042 cardinalium
982 1979 1120 2056 negotiis
1139 1979 1316 2058 Propagan-

569 2076 625 2137 dae
646 2075 734 2138 Fidei
756 2073 1011 2154 praepositorum
1034 2074 1176 2145 consilio,
1198 2073 1317 2135 attenta

567 2169 736 2231 vicariatus
770 2168 932 2247 apostolici
965 2167 1171 2230 Sutciruensis
1207 2167 1316 2246 ampli-

570 2261 697 2335 tudine,
731 2263 928 2340 provineiam
960 2262 1135 2340 lion-nan,
1166 2261 1203 2323 ab
1232 2277 1316 2324 anno

568 2373 766 2420 nnocnxxnn
791 2355 941 2432 gravibus
964 2356 1002 2418 de
1025 2355 1123 2418 causis
1143 2355 1248 2418 eidem
1270 2357 1314 2416 vi-

568 2450 698 2513 66616161
720 2449 757 2512 ad
779 2449 874 2512 buius
897 2448 1315 2527 166616116668611611666-

568 2543 719 2622 piacitum
740 2543 954 2615 coniunctam,
970 2543 1202 2620 segregandam
1219 2549 1315 2620 atque

567 2636 796 2714 seiungendam
817 2635 899 2698 6616
921 2637 1106 2700 distinctum
1127 2636 1314 2698 vicariatum

568 2731 774 2809 apostolicum
806 2730 993 2807 erigendam
1024 2747 1091 2792 esse
1118 2730 1312 2802 consuimus,

568 2831 663 2901 atquc
695 2823 828 2886 huiusce
860 2823 935 2886 novi
967 2823 1135 2886 vicariatus
1167 2825 1315 2901 regimen

567 2917 704 2979 alumnis
734 2917 853 2996 optime
875 2916 984 2980 meriti
1009 2917 1173 2980 seminarii
1196 2917 1315 2979 missio-

567 3028 647 3075 num
669 3013 707 3074 ad
729 3017 856 3074 exteros
878 3012 1145 3076 committendum
1164 3013 1315 3075 duximus

568 3122 641 3168 cum
663 3105 776 3168 iisdem
798 3105 1043 3178 conditionibus,
1060 3106 1176 3183 quibus
1193 3113 1315 3170 cetero·

568 3215 641 3260 rurn
669 3199 744 3279 ipsis
765 3199 975 3262 vicariatuum
1002 3215 1077 3262 cura
1106 3199 1166 3262 iuit
1186 3217 1315 3264 concre-

568 3293 642 3356 dita.

606 3389 625 3464 5
646 3387 675 3450 2.
701 3387 787 3450 Μ616
808 3387 909 3465 igitur
925 3387 1066 3466 proprio,
1084 3395 1170 3450 corta
1184 3388 1316 3450 scientia

567 3485 600 3544 et
621 3482 745 3544 matura
772 3481 1014 3554 deliberatione,
1038 3482 1142 3559 doque
1169 3483 1314 3562 apostoli-

566 3592 620 3638 cae
647 3581 774 3638 nostrae
803 3575 967 3654 potestatis
1000 3575 1200 3654 plenitudine
1229 3576 1314 3639 bisce

566 3669 668 3731 literis
689 3668 886 3747 provinciam
909 3669 1067 3732 Yun-nau
1088 3684 1315 3734 acommemo-

567 3769 635 3824 rato
662 3763 815 3826 vicariatu
844 3764 1014 3842 apostolico
1045 3762 1236 3828 Sutchuensi
1263 3781 1316 3844 66-

568 3857 653 3919 61166
673 3857 884 3935 seiungimus,
906 3857 1136 3932 subtrahimus,
1160 3875 1193 3921 66
1215 3860 1247 3920 16
1263 3875 1315 3938 pe-

567 3952 721 4014 culiarem
743 3969 777 4014 ac
799 3951 983 4015 distinctum
1012 3952 1197 4015 vicariatum
1221 3954 1316 4031 erigi-

568 4064 639 4110 mus
655 4053 688 4110 et
702 4046 936 4118 constituimus,
953 4052 1049 4123 atque
1070 4046 1254 4109 huiusmodi
1269 4047 1315 4108 vi-

566 4144 700 4206 cariatus
720 4142 869 4218 regimen
898 4140 1035 4202 alumnis
1058 4141 1221 4203 seminarii
1244 4142 1315 4202 mis-

565 4237 693 4301 sionum
720 4235 758 4298 ad
787 4241 914 4297 exteros
943 4235 1173 4297 committimus
1201 4235 1314 4297 iisdem

566 4347 638 4394 cnm
661 4329 907 4402 conditionibus,
932 4328 1047 4406 quibus
1065 4328 1165 4390 ceteri
1187 4329 1316 4391 vicaria·

565 4431 617 4487 tus
631 4425 705 4504 ipsis
720 4423 880 4486 commissi
895 4427 981 4497 sunt,
999 4429 1094 4499 atque
1109 4422 1162 4494 ita,
1182 4428 1216 4484 ut
1230 4423 1316 4485 inter

566 4535 619 4581 cos
642 4518 697 4596 qui
716 4517 843 4594 dignior
859 4517 892 4578 in
908 4515 1094 4592 evangelico
1110 4531 1247 4594 munere
1263 4517 1316 4578 ha-

566 4611 672 4682 betur,
686 4609 723 4671 ab
739 4608 919 4687 Apostolict
935 4609 991 4672 1166
1008 4607 1091 4672 Sede
1106 4609 1140 4670 in
1152 4608 1314 4672 Vicarium

566 4703 785 4782 apostolicum
814 4703 951 4780 eligatur
979 4719 1052 4766 curu
1079 4703 1262 4766 charactere
1284 4712 1316 4766 et

566 4797 660 4860 titulo
689 4797 859 4876 episcopali
888 4796 920 4858 in
949 4803 1029 4875 part.
1060 4797 1163 4871 infid,
1188 4805 1220 4860 ot
1241 4815 1315 4861 cum

565 4891 766 4954 facultatibus
779 4889 965 4953 necessariis
978 4897 1010 4952 ot
1022 4893 1220 4971 opportunis,
1234 4907 1314 4970 quae

566 4986 651 5048 hisce
674 4983 804 5048 vicariis
825 4984 863 5046 ab
885 4984 942 5047 hac
956 4985 1022 5064 1666
1037 4985 1216 5064 1666161161
1233 4985 1315 5050 Sede

565 5079 696 5144 concedi
717 5079 832 5142 soient.
857 5077 939 5141 llaec
960 5079 1111 5142 volumus
1134 5085 1193 5142 otc.

604 5173 719 5235 Datum
741 5173 774 5234 in
796 5171 878 5234 Arce
906 5171 1086 5250 Ganduipiri
1114 5173 1173 5236 sub
1195 5176 1314 5239 annulo

565 5267 740 5350 Piscatoris,
765 5267 815 5330 die
844 5283 957 5329 nxvrrr.
982 5267 1109 5342 augusti
1140 5284 1312 5344 nocuerim,

565 5364 767 5443 pontificatus
789 5360 891 5424 nostri
913 5376 995 5422 anno
1018 5375 1049 5421 x.

844 5526 910 5532 --.—
930 5523 1061 5530 -u-—n—

859 5645 1019 5709 cinxit.

567 5835 731 5918 Superiori
761 5837 930 5900 6616166611
965 5835 1159 5898 Parisieaso's
1194 5835 1314 5896 missio-

606 5947 684 5994 6661
713 5930 754 5994 od
782 5933 904 5993 661666
936 5929 1105 5992 committit
1135 5929 1314 5991 eiectionem

1089 548 1153 592 lun.
1178 547 1269 592 ΡΟΝΤ.
1294 548 1335 592 DE
1358 548 1387 592 Ρ.
1411 549 1440 592 F.
1466 548 1549 593 PARS
1570 549 1592 592 1.

1418 663 1537 752 Viturii
1556 664 1727 744 1666161161
1752 663 1919 734 Yam-rma,
1936 664 2122 728 charactere

1412 757 1582 838 6616666611
1613 757 1786 820 decorandi
1794 803 1803 828 ,
1838 775 1877 820 ero
1907 757 2123 822 missiamariia

1413 852 1551 916 eiusdem
1586 851 1753 914 seminarii
1785 853 1820 913 16
1852 849 1939 914 Simia
1973 849 2122 914 laboram-

1412 945 1507 1010 tibus.

1434 1131 1551 1199 Dilecto
1573 1131 1638 1198 titio
1665 1131 1813 1214 superiori
1840 1147 1895 1198 seu
1919 1129 2063 1197 directuri

1467 1225 1619 1293 seminarii
1642 1223 1815 1292 missionum
1837 1224 1873 1292 ad
1897 1229 2029 1302 exteros,

1547 1411 1768 1482 caedamus
1792 1411 1852 1478 ΡΡ.
1878 1411 1950 1478 titt.

1654 1601 1771 1668 diiecto
1791 1600 1843 1680 iiii,

1408 1698 1535 1766 satutem
1558 1701 1590 1764 ot
1610 1695 1808 1780 apostoticam
1836 1695 2089 1762 benedictionem.

1412 1887 1493 1950 Cum
1516 1904 1574 1967 per
1594 1887 1715 1950 similes
1736 1885 1921 1966 apostolicas
1937 1887 2048 1950 literas
2065 1888 2125 1950 boe

1372 1982 1442 2060 ipso
1464 1982 1515 2044 (116
1545 1983 1629 2043 (16166
1651 1982 1690 2043 de
1711 1997 1809 2042 vonn.
1840 1980 1976 2044 fratrum
2000 1987 2126 2043 nostro-

1372 2091 1446 2138 rum
1469 2074 1500 2137 S.
1524 2076 1559 2138 11.
1584 2077 1619 2136 Ε.
1644 2075 1860 2138 Cardinaliuru
1888 2075 2028 2152 negotiis
2051 2076 2125 2138 Pro-

1373 2169 1533 2248 pagandae
1548 2169 1636 2232 Fidei
1653 2169 1909 2247 praepositorum
1925 2168 2062 2231 corrsilio
2080 2168 2125 2231 Si-

1373 2279 1507 2326 nensem
1543 2263 1740 2342 provinciam
1776 2263 1934 2326 Yon-nau
1969 2263 2008 2324 ab
2041 2281 2125 2326 anno

1372 2373 1570 2420 noccnuxxr.
1589 2355 1714 2419 Vicurio
1730 2355 1913 2436 ,1666161166
1930 2355 2125 2420 Sutchuensi

1371 2451 1405 2512 16
1426 2451 1736 2514 administrationem
1758 2451 1916 2521 traditam,
1934 2451 1967 2512 in
1987 2451 2125 2529 6666116-

1372 2561 1442 2606 rem
1475 2551 1507 2606 61
1538 2544 1724 2606 distinctum
1752 2544 1962 2621 apostolicum
1995 2545 2125 2606 vicaria-

1371 2646 1441 2700 tum
1464 2639 1651 2715 origendam
1680 2654 1737 2700 sou
1760 2638 1995 2700 restituendam
2026 2639 2125 2701 dune-

1372 2732 1494 2804 rimus,
1529 2731 1663 2808 eiusque
1695 2747 1805 2792 curam
1837 2731 1926 2794 istius
1958 2731 2125 2794 seminarii

1356 2825 1509 2888 alumnis
1532 2825 1795 2888 committendam
1812 2825 2123 2901 existimaverimus3

1371 2920 1447 2982 novi
1469 2919 1603 2981 huiusce
1632 2919 1800 2981 vicariatus
1827 2919 1978 2996 regimini
2001 2921 2125 2999 prospi-

1371 3029 1445 3075 cere
1470 3003 1678 3090 summopere
1703 3013 1880 3090 cupientes,
1912 3013 2020 3076 eidem
2042 3015 2124 3078 vicass

1371 3107 1465 3170 riatui
1486 3107 1640 3169 idoneum
1662 3106 1844 3185 praesulem
1870 3107 2125 3184 praeficiendum

1370 3201 1540 3264 statuimus
1569 3217 1642 3262 cum
1675 3200 1858 3262 charactere
1888 3202 2063 3280 6616666611
2092 3220 2126 3265 66

1371 3295 1466 3356 111616
1486 3294 1638 3356 ecclesiae
1653 3295 1686 3354 in
1702 3299 1782 3372 part.
1800 3294 1889 3355 iniid.
1907 3294 2125 3368 Quamobrem

1373 3389 1411 3451 de
1433 3389 1622 3450 eorumdem
1645 3387 1861 3450 cardinalium
1877 3391 2039 3452 sententia
2056 3391 2123 3464 tibi,

1372 3483 1487 3546 dilecte
1509 3483 1565 3555 iiii,
1590 3482 1646 3559 qui
1668 3482 1758 3544 istius
1782 3480 1952 3544 seminarii
1973 3485 2125 3562 superior

1370 3594 1427 3639 seu
1460 3577 1600 3640 director
1632 3576 1760 3649 existis,
1793 3577 1982 3640 auctoritate
2014 3579 2125 3642 nostrai

1369 3671 1539 3750 apostolica
1572 3670 1657 3732 bisce
1690 3671 1791 3732 literis
1824 3672 2060 3734 committimus
2094 3679 2126 3736 61

1370 3767 1573 3838 mandamus,
1604 3771 1641 3827 61
1662 3781 1737 3826 oum
1759 3765 1844 3828 inter
1876 3771 1948 3827 tuos
1972 3767 2123 3844 probatos

1370 3860 1586 3923 missionarios
1607 3859 1640 3922 in
1665 3859 1747 3921 Sinis
1766 3858 1947 3920 iab'orantes
1963 3859 2065 3938 eligas
2081 3868 2124 3923 61-

1370 3970 1433 4032 que
1455 3954 1600 4032 deputes,
1625 3969 1723 4032 quem
1746 3954 1783 4016 ad
1805 3953 1836 4014 id
1858 3954 2001 4016 muneris
2019 3955 2123 4032 magis

1369 4049 1523 4111 idoneum
1546 4066 1579 4110 ac
1601 4049 1784 4125 digniorem
1806 4046 2123 4112 16116611661611166-

1370 4143 1468 4214 veris,
1492 4158 1590 4220 quem
1613 4141 1745 4219 quidem
1766 4159 1783 4204 6
1804 4149 1836 4204 16
1857 4143 2122 4206 6661661161666-

1368 4238 1433 4300 stra
1455 4237 1596 4300 electum
1612 4238 1645 4298 16
1661 4235 1823 4299 liicorium
1839 4235 2060 4315 Apostolicum
2077 4235 2123 4300 Si-

1370 4330 1477 4392 nensis
1500 4329 1682 4408 provinciae
1704 4329 1863 4390 Yun-nan
1885 4329 2075 4394 auctoritato
2091 4337 2124 4392 61

1370 4431 1484 4486 tenore
1514 4422 1689 4501 praesentis
1716 4421 1940 4484 constituimus
1962 4429 1995 4484 et
2022 4425 2122 4502 depu-

1370 4523 1474 4579 tamus
1497 4532 1569 4578 curn
1593 4515 1740 4578 omnibus
1763 4522 1795 4578 et
1815 4515 1952 4594 singulis
1967 4517 2122 4580 facultati·

1370 4611 1428 4672 bus
1445 4610 1632 4672 necessariis
1648 4617 1681 4670 et
1695 4609 1895 4687 opportunis,
1912 4611 1997 4672 saiva
2014 4619 2122 4673 tamen

1370 4719 1498 4783 semper
1524 4704 1558 4765 in
1587 4703 1769 4782 praemissis
1797 4701 2015 4768 Cardinalium
2038 4705 2120 4767 eius·

1369 4799 1443 4861 dem
1465 4797 1731 4875 Congregationis
1754 4798 1953 4860 auctoritate.

1409 4893 1522 4956 Datum
1545 4893 1578 4954 in
1600 4891 1681 4954 Arce
1709 4892 1889 4970 Gandulpbi
1919 4894 1978 4956 sub
2001 4896 2120 4958 annulo

1368 4987 1547 5059 Piscatoris,
1571 4986 1623 5048 die
1653 5001 1765 5046 xuvrn.
1797 4987 2118 5063 augustinensem,

1369 5083 1571 5162 pontificatus
1595 5079 1696 5142 nostri
1718 5095 1801 5140 anno
1823 5097 1853 5142 x.

1656 5362 1830 5426 dtxxvn.

1370 5549 1565 5631 Mompoiiom
1591 5552 1685 5641 cripit
1711 5553 1746 5613 16
1764 5553 1960 5632 pacatiorem
1982 5554 2118 5616 vicaria-

1410 5650 1477 5707 1661
1496 5645 1703 5726 apostolicam
1723 5665 1743 5708 6
1758 5646 1921 5710 vicariatu
1936 5645 2118 5725 Leno-tarra

1408 5739 1617 5810 disiunctum,
1641 5739 1768 5817 6166666
1789 5755 1902 5803 caram
1925 5739 2118 5803 1161111666-

1409 5833 1589 5914 prepotiori
1612 5831 1773 5897 Missiortis
1796 5832 2118 5896 8666111166661116

1409 5927 1523 5991 Ponto.

2057 555 2061 562 ·
2148 536 2234 592 1166,
2253 547 2304 599 itit
2353 547 2354 586 1
