1290 1823
313 179 318 192 Ι
344 178 373 195 ut

333 212 391 228 etesiae
405 212 448 228 illam
463 217 492 232 pro
506 213 541 229 eius
555 213 599 228 cultu
610 217 627 228 ac
639 213 706 229 tuitione

334 235 393 254 dotem,
401 239 442 255 quae
452 236 466 252 ei
474 236 531 256 partim
540 240 560 252 ex
567 236 639 254 decimis,
648 236 706 256 partim

334 263 354 274 ex
365 259 438 275 censibus
449 263 467 275 ao
477 259 523 275 bonis
533 259 616 275 stabilibus
627 259 658 275 iarn
669 263 706 275 con-

333 282 387 302 stituta
396 283 483 302 reperitur.
491 283 540 299 simili
548 282 596 299 modo
604 282 706 302 adsignamus

333 307 381 325 atque
392 306 483 322 tribuimus.

315 330 324 341 ἱ·
353 330 363 348 ἓ
374 329 398 345 17.
410 329 474 346 Eisdem
490 333 555 350 quoque
571 330 629 345 tuturis
643 334 661 345 ac
677 334 706 350 pro

314 352 317 355 ⁴
334 354 407 372 tempore
417 353 524 369 existentibus
538 353 589 369 tribus
602 353 706 373 dignitatibus

334 378 350 392 et
360 378 395 392 octo
406 377 485 392 canonicis
500 376 584 396 praedictis
595 378 613 392 ut
625 376 655 396 ipsi
666 376 706 396 capi-

334 399 407 415 tulariter
414 400 508 419 congregati
514 404 543 420 pro
551 402 649 416 memoratae
656 400 706 416 eccle-

333 422 365 438 siae
376 423 476 441 cathedralis.
488 427 506 439 ac
516 423 559 439 illius
570 427 635 439 mensae
647 423 706 443 capitu-

333 446 371 462 laris
378 446 441 462 sacrarii
450 448 465 462 et
473 446 546 465 fabricae,
553 450 642 466 earumque
650 450 706 462 rerum

333 474 350 485 ac
361 470 441 486 bonorum
456 474 533 490 prospero
548 470 623 489 felicique
637 472 679 486 statu
689 474 707 486 ac

333 493 419 512 regimine.
431 495 447 509 et
458 497 526 509 onerum
541 494 563 509 eis
577 493 706 509 incumbentium

334 516 444 536 implemento,
457 517 534 533 horarum
545 517 658 533 canonicarum
668 517 706 532 alio-

334 544 403 560 rumque
414 540 506 556 divinorum
516 541 605 556 officiorum
613 540 706 556 celebratio-

334 568 363 582 ne,
376 564 459 580 fructuum
473 564 585 580 distributione
599 566 615 580 et
629 568 706 583 quorum-

333 591 403 606 cumque
410 587 560 603 emolumentorum
566 587 651 607 partitione
658 589 706 607 atque

333 611 476 629 administratione.
485 615 606 631 poenarumque
614 615 643 631 per
650 611 706 626 absen-

333 636 357 650 tes
368 636 395 650 aut
405 634 508 654 negligentes
519 634 665 650 contrahendarum
677 634 706 650 im-

333 657 417 677 positione.
429 661 541 677 quaecumque
548 659 611 676 statuta,
620 657 706 673 ordinatio-

333 685 362 697 nes
376 685 393 696 ac
407 681 476 699 decreta,
491 681 540 696 sacris
552 683 606 697 tamen
618 681 706 697 canonibus

332 705 399 721 Concilii
407 704 497 720 Tridentini
504 704 573 720 decretis
584 706 599 720 et
607 704 706 720 constitutio-

333 728 380 744 nibus
391 728 481 748 apostolicis
492 732 524 744 nou
536 728 619 746 contraria.
627 728 706 744 condendi

333 756 350 767 ac
361 752 418 768 edendi
430 751 460 767 sul>
471 751 544 771 Episcopi
559 754 612 767 tamen
623 756 652 771 pro
666 753 706 767 tem-

333 779 373 795 pore
387 775 470 791 existentis
484 775 590 795 praesidentia
603 776 620 791 et
630 775 706 795 approba-

333 799 376 815 tione
388 799 451 818 plenam
462 803 479 814 ac
490 798 599 814 omnimodam
611 800 706 818 potestatem

333 822 436 839 concedimus
446 824 463 838 et
473 822 581 842 impartimur.
593 822 678 838 Praeterea
685 822 706 838 ei-

333 847 370 862 dem
385 845 454 865 capitulo
468 847 484 861 et
494 845 573 861 canonicis
588 850 617 865 pro
633 848 706 866 tempore

333 869 439 885 existentibus
446 868 551 888 indulgemus
560 870 608 888 atque
617 869 706 889 elargimur

333 893 358 909 ius
368 892 424 908 utendi
435 896 452 907 ac
460 891 524 908 [ruendi
532 892 607 908 omnibus
614 894 631 908 et
638 892 706 912 singulis

333 919 365 932 tam
374 915 483 936 spiritualibus
491 919 540 935 quam
548 916 663 935 temporalibus
671 920 706 936 gra-

333 940 364 958 tiis,
376 939 471 959 privilegiis.
483 938 618 957 immunitatibus.
627 940 706 959 praeemi-

333 963 392 979 nentiis
403 964 419 978 et
426 962 513 980 iavoribus,
522 962 580 981 quibus
588 962 655 978 aliarum
663 963 706 978 simi-

332 987 373 1003 lium
383 986 400 1002 in
411 985 484 1001 America
494 985 594 1001 Meridionali
602 986 706 1002 existentium

333 1009 448 1026 cathedralium
459 1008 564 1025 ecclesiarum
573 1009 646 1029 capitula.
655 1010 706 1029 digni-

333 1035 372 1049 tates
384 1035 400 1048 ει
410 1032 511 1049 canonicatus
525 1032 567 1050 iure.
582 1033 705 1051 consuetudine.

333 1056 427 1077 privilegio,
443 1057 470 1071 aut
480 1055 518 1071 alias
529 1056 660 1075 quomodolibet,
674 1061 706 1073 non

333 1082 387 1096 cumen
398 1079 445 1095 titulo
453 1083 528 1097 oneroso.
536 1081 563 1094 aut
570 1079 633 1095 indulto
640 1080 667 1096 vel
675 1080 706 1100 pri-

332 1103 393 1123 vilegio
409 1102 486 1122 peculiari
502 1104 570 1118 utuntur
586 1107 603 1118 ac
619 1102 705 1122 truuntur,

333 1126 422 1143 dummodo
432 1126 484 1142 adhuc
495 1125 527 1141 sint
537 1125 553 1141 in
563 1130 600 1144 usu,
609 1128 625 1142 et
633 1130 665 1142 non
673 1127 707 1142 iue-

333 1151 366 1166 rint
377 1151 455 1168 revocata,
467 1153 497 1165 nec
507 1149 556 1165 sacris
567 1150 660 1168 canonibus.
670 1154 707 1166 con-

333 1173 444 1190 stitutionibus
454 1174 471 1189 et
481 1173 550 1189 decretis
561 1173 652 1193 apostolicis
660 1178 707 1193 repu<

334 1199 390 1217 gnent.

313 1221 324 1246 Ἰ-
353 1221 363 1240 g
375 1220 398 1236 18.
410 1220 431 1236 Ut
441 1223 481 1236 vero
494 1219 604 1236 adolescentes
619 1220 635 1236 in
646 1222 707 1236 sortem

320 1241 324 1243 “
334 1244 398 1260 Domini
408 1243 460 1259 vocati
471 1247 504 1259 non
515 1243 569 1259 minus
583 1244 647 1263 pietate,
659 1248 707 1263 quam

334 1267 456 1284 humanioribus
467 1266 518 1282 literis
529 1267 610 1286 sacrisque
620 1267 707 1287 disciplinis

334 1291 438 1307 instituuntur
452 1294 469 1306 ac
480 1290 599 1308 informentur,
614 1290 707 1307 ecclesiasti-

333 1319 371 1330 cum
385 1314 481 1330 clericorum
496 1313 601 1329 seminarium
616 1314 632 1330 in
643 1314 707 1330 civitate

334 1338 387 1354 Sancti
398 1337 460 1353 loannis
472 1337 556 1356 erigimus,
568 1337 615 1357 eique
626 1338 674 1353 aedes
683 1341 708 1353 ec·

334 1362 391 1378 clesiae
403 1361 455 1377 Sancti
466 1361 555 1377 Clementis
565 1361 615 1381 Papae
625 1363 641 1377 et
648 1363 708 1381 marty-

334 1385 356 1401 ris
367 1385 450 1404 contiguas
461 1384 573 1402 adscribimus,
580 1384 657 1404 illamque
665 1385 708 1400 dota-

334 1409 405 1427 tionem,
417 1412 458 1428 quae
469 1408 522 1424 eidem
532 1408 564 1423 iam
575 1408 661 1424 constituta
672 1408 707 1426 [uit.

334 1432 394 1452 pariter
405 1431 507 1447 attribuimus
518 1433 535 1447 et
545 1431 658 1447 adiudieamus.

313 1458 324 1471 ε’·
354 1457 364 1475 5
376 1456 399 1471 19.
415 1455 499 1475 Pei-pensis
516 1457 570 1471 autem
586 1455 675 1471 redditibus
691 1459 709 1471 ac

313 1472 325 1494 ιἰῗ
335 1479 414 1495 [ructibus
421 1479 497 1494 eeclesiae
505 1478 598 1498 episcopalis
605 1478 657 1494 Sancti
665 1478 708 1494 loan-

314 1505 317 1507 ’
335 1502 360 1518 uis
367 1503 387 1518 de
394 1502 445 1522 Guyo.
453 1503 471 1518 ut
478 1506 531 1522 supra,
540 1502 626 1520 attributis.
634 1502 708 1518 eandem

335 1525 419 1541 ecclesiam
429 1525 522 1545 Guyensem
531 1526 548 1541 in
555 1525 620 1541 florenis
628 1525 680 1541 aureis
688 1525 708 1541 de

592 183 625 195 lun.
637 183 684 195 PONT.
695 183 716 195 DE
726 184 742 195 Ρ.
753 183 768 195 l?-
780 184 822 195 PARS
833 184 844 195 1.

734 217 797 229 camera
808 213 873 233 triginta
885 213 936 229 trihus
948 217 965 229 ac
972 213 989 229 in
997 213 1044 228 tertia
1052 213 1109 228 lloreni

735 238 779 256 parte
790 237 810 252 de
820 240 866 252 more
878 236 933 255 taxari,
941 240 959 252 ac
969 236 1049 252 eiusmodi
1057 238 1109 252 taxam

734 260 751 275 in
762 260 807 275 libris
817 264 890 276 camerae
900 260 996 280 apostolicae
1004 259 1073 276 describi
1081 264 1109 275 vo-

734 283 788 299 lumus
800 287 817 299 ac
827 283 939 303 praecipimus.

754 307 763 325 ἓ
773 306 798 322 20.
810 306 855 325 Quod
869 310 909 322 vero
924 308 985 326 spectat
998 306 1017 322 ad
1031 306 1109 326 provisio-

735 334 772 346 nem
784 330 856 346 eiusdem
868 334 919 346 norae
929 330 1025 346 cathedralis
1032 330 1109 346 ecclesiae

735 353 787 369 Sancti
798 354 861 370 loannis
872 354 892 370 de
902 353 953 373 Guyo.
966 357 995 369 nos
1005 353 1032 369 illa
1044 355 1109 369 utentes

735 377 817 397 potestatis
825 377 931 397 plenitudine.
940 381 988 396 quam
996 379 1050 396 pastor
1057 377 1109 393 coele-

735 400 763 416 stis
774 402 790 416 et
797 401 885 421 Episcopus
893 400 983 416 animarum
991 400 1037 416 nobis
1045 400 1110 416 tradidit

734 428 784 443 super
794 424 875 440 universis
886 424 963 441 ecclesiis.
974 425 990 439 et
1001 424 1109 443 peculiaribus

735 447 799 463 attentis
806 447 935 465 circumstantiis.
943 447 1017 463 eamdem
1025 447 1109 463 ecclesiam

735 471 764 486 liac
773 471 824 491 prima
832 471 867 487 vice
875 471 894 487 de
902 475 970 490 persona
979 470 1025 486 nobis
1032 470 1109 486 benevisa

735 494 821 514 providere
832 494 937 512 intendimus.
949 494 1028 513 nobisque
1036 498 1109 509 reserva-

735 521 779 536 mus;
788 518 804 533 in
812 518 871 533 tuturis
878 519 932 533 autem
940 517 1019 537 praelatae
1026 517 1069 533 sedis
1076 518 1109 537 epi-

734 541 802 560 scopalis
809 541 917 557 vacationibus
925 542 986 556 matura
993 540 1109 557 deliberatione

735 564 854 584 perpendentes
868 566 924 580 cuncta
935 566 952 580 et
962 564 1035 583 singula.
1049 568 1090 583 quae
1100 569 1109 580 a

735 589 824 603 memorato
830 587 892 603 vicario
899 587 996 607 apostolico.
1003 589 1019 603 et
1024 587 1044 603 ab
1049 587 1074 605 ns.
1081 588 1109 607 qui

734 611 805 631 Guyensi
812 612 889 631 praesunt
896 611 958 629 ditioni,
965 610 1036 630 exposita
1042 612 1085 629 sunt,
1092 611 1109 627 in

734 634 828 654 postulanda
839 634 905 650 nomine
914 634 987 650 universi
995 634 1050 654 populi
1058 638 1109 650 novae

734 658 812 674 dioecesis
826 658 914 676 erectione,
925 662 942 673 ac
953 657 1032 673 rationem
1046 657 1109 677 pot-issi-

735 685 779 697 roum
785 681 863 697 habentes
870 685 933 699 eorum,
940 685 981 700 quae
987 681 1065 701 promissa
1071 683 1109 697 sunt

734 705 754 720 de
765 705 824 720 tuenda
835 704 904 724 puritate
915 704 1002 720 catholicae
1013 704 1108 724 apostolicae

734 728 814 744 Romanae
824 727 913 747 religionis,
926 728 946 743 de
957 727 1014 747 quovis
1025 728 1057 743 alio
1064 728 1109 744 cultu

734 752 798 771 penitus
809 751 903 769 inhibendo.
915 751 968 771 deque
979 751 1046 767 caeteris
1057 751 1108 767 omni-

734 775 764 791 bus
775 775 815 790 circa
827 774 906 790 moralem
913 774 1013 794 disciplinam
1021 774 1107 793 Ecclesiae.

734 798 828 817 iuriumque
842 798 982 814 conservationem
997 800 1013 813 et
1023 798 1108 818 amplitica-

734 822 795 839 tionem
807 822 850 837 iuxta
858 821 910 837 datam
918 821 967 837 fldem
975 823 1054 841 perpetuo
1062 823 1078 837 et
1085 821 1108 837 in-

734 845 831 862 violabiliter
846 845 944 864 praestandis
955 845 972 861 in
985 845 1108 861 benevolentiae

735 869 828 888 gratiaeque
838 868 978 887 significationem.
985 868 1055 884 libenter
1062 870 1108 884 motu

734 892 805 912 proprio,
817 893 860 907 certa
871 891 942 910 scientia.
954 896 972 907 ac
982 892 1002 908 de
1013 891 1108 912 apostolicae

735 915 817 936 potestatis
824 915 925 935 plenitudine
932 915 1018 931 statuimus
1026 917 1074 935 atque
1081 916 1108 931 de-

735 939 817 955 cernimus
828 943 836 954 a
847 938 893 954 nobis
907 941 923 954 et
934 943 942 954 a
952 939 1027 955 Romanis
1044 939 1108 954 Pontifi-

735 962 779 978 cibus
790 962 910 978 successoribus
924 962 984 978 nostris
995 964 1077 982 acceptum
1088 962 1108 978 iri

734 986 778 1002 illam
790 985 913 1001 ecclesiasticam
924 989 1015 1005 personam.
1024 989 1065 1005 quae
1072 990 1080 1001 a
1088 985 1108 1001 ci-

735 1009 763 1025 vili
774 1009 854 1029 gubernio
866 1013 894 1029 pro
904 1009 989 1029 episcopali
997 1009 1063 1025 ecclesia
1071 1009 1108 1025 San-

735 1033 755 1048 cti
767 1032 829 1048 loannis
840 1032 860 1048 de
871 1032 916 1052 Cuyo
931 1032 981 1048 luerit
991 1033 1107 1051 commendata.

735 1056 823 1072 dummodo
838 1057 892 1071 tamen
902 1056 929 1071 illa
940 1056 1004 1072 dotibus
1017 1060 1045 1076 per
1056 1060 1108 1072 sacros

735 1083 804 1095 canones
818 1081 834 1095 et
849 1083 878 1098 per
892 1079 982 1095 Concilium
996 1079 1108 1095 'tridentinum

735 1103 817 1123 requisitis
832 1102 936 1122 praefulgeat,
952 1104 968 1118 et
978 1102 1067 1122 praelatum
1080 1107 1108 1122 gu-

735 1127 811 1143 bernium
825 1126 893 1146 eiusque
909 1126 990 1146 praesides
1000 1126 1053 1146 ipsum
1064 1126 1108 1142 exbi-

735 1150 791 1166 bentes
803 1150 820 1165 in
831 1149 916 1165 catholicae
927 1149 1022 1169 apostolicae
1029 1149 1109 1165 Romanae

735 1173 819 1193 religionis
830 1173 939 1193 protessione,
955 1175 971 1188 et
981 1173 998 1188 in
1009 1173 1109 1193 Apostolicae

736 1197 781 1213 Sedis
791 1196 907 1212 communione
917 1198 965 1216 atque
976 1196 1066 1212 obedientia
1073 1200 1109 1216 per*

736 1222 816 1236 maneant.
828 1219 906 1235 Similiter
917 1219 1019 1235 decernimus
1030 1221 1078 1239 atque
1085 1219 1109 1235 in-

736 1244 831 1263 dulgemus.
846 1245 865 1259 ut
878 1243 966 1263 Episcopus
981 1243 1033 1258 Sancti
1046 1243 1109 1259 loannis

736 1268 792 1283 eadem
803 1266 865 1282 ratione
876 1266 968 1282 canonicam
980 1266 1038 1282 tribuat
1047 1266 1109 1282 institu-

736 1291 796 1306 tionem
808 1290 839 1306 illis
850 1290 912 1306 idoneis
922 1289 1033 1305 ecclesiasticis
1040 1290 1085 1308 viris.
1094 1292 1110 1305 et

736 1315 752 1330 in
758 1314 806 1330 sacris
813 1313 896 1329 ordinibus
902 1313 998 1332 constitutis,
1005 1317 1045 1333 quos
1051 1314 1110 1333 guber-

736 1338 781 1354 uium
796 1337 915 1353 commendabit
926 1337 945 1352 ad
955 1336 1054 1352 canonicales
1065 1341 1109 1356 prae

736 1361 796 1377 bendas
811 1360 913 1378 obtinendas.
929 1360 994 1380 praevio
1008 1361 1062 1376 tamen
1073 1364 1110 1376 eon-

736 1388 784 1400 cnrsu
795 1384 814 1400 ad
822 1384 938 1404 praescriptum
946 1383 1013 1399 Concilii
1020 1383 1110 1399 Tridentini

737 1408 886 1428 et,apostolicarum
895 1407 1028 1423 constitutionum
1036 1407 1110 1423 habendo

737 1435 766 1451 pro
776 1431 861 1447 collatione
876 1432 911 1446 tum
923 1430 1005 1449 dignitatis
1019 1430 1109 1448 decanatus,

737 1455 767 1472 cui.
776 1456 849 1474 utsupra
859 1454 967 1471 decrevimus,
975 1453 1065 1469 animarum
1073 1457 1111 1469 cura

737 1478 785 1494 debet
796 1478 893 1495 adhaerere.
905 1479 939 1492 tum
951 1477 1036 1496 utriusque
1047 1476 1110 1492 canoni-

736 1501 774 1517 calis
785 1501 885 1521 praebendae
897 1499 993 1519 theologalis
1004 1502 1020 1515 et
1027 1500 1111 1520 poeniten·

737 1524 797 1543 tiariae,
809 1528 826 1540 ac
834 1524 899 1544 praevio
906 1523 954 1540 etiam
962 1527 991 1543 pro
998 1523 1066 1543 reliquis
1073 1527 1110 1539 con>

1125 180 1153 192 An.
1161 179 1178 192 C.
1191 180 1224 192 1834

1126 310 1203 322 nesea-vatio
1213 313 1229 321 ιιι-

1119 324 1136 335 ris
1146 323 1228 335 nominandi,
