4828 6974
924 611 1100 662 duaoonltls
1121 617 1172 662 PP.
1196 615 1261 664 XVI.
1352 635 1354 638 ’

321 733 428 812 gregis
451 750 532 798 onus
554 731 707 804 terentes.
730 735 792 798 illis
811 734 981 814 praecipue
997 733 1063 795 ovi·

320 828 378 888 bus
401 843 481 905 quae
503 829 654 906 regiones
670 847 686 890 a
702 828 783 892 Sede
800 828 856 890 hac
872 826 1062 905 apostolica,

320 920 374 982 ubi
395 921 567 982 catholicae
582 929 731 984 centrum
746 928 795 984 est
808 920 950 992 unitatis,
968 920 1065 996 longe

321 1012 443 1074 dissitas
465 1012 621 1086 incolunt,
638 1014 751 1076 maiori
767 1011 1001 1076 consulendum
1016 1027 1065 1074 se-

321 1105 452 1166 dulitate
474 1121 655 1179 censemus,
672 1113 709 1166 ut
727 1106 760 1168 in
775 1105 914 1168 adventu
931 1105 1065 1181 pastoris

321 1198 441 1259 aeterni
463 1205 621 1276 repertae,
645 1199 728 1262 sicut
753 1205 890 1276 oportet,
915 1212 972 1275 per
994 1211 1066 1274 apo-

321 1291 463 1354 stolicam
484 1307 594 1354 curam
616 1291 698 1354 iutra
719 1306 836 1354 verum
859 1290 943 1352 ovile
962 1289 1000 1350 ad
1015 1305 1066 1368 pa·

320 1502 438 1546 vicarius
453 1501 618 1558 apostolicos
632 1502 715 1548 lulius
730 1507 827 1550 Caesar
845 1504 954 1560 eiusque
969 1512 1067 1548 succes·

321 1579 391 1614 sores
406 1570 507 1625 possint
521 1581 549 1614 se
564 1582 610 1627 pro
625 1570 756 1626 dignitate
771 1573 923 1616 sustentare
936 1569 1066 1614 reditibus

320 1647 437 1682 samniae
451 1636 591 1693 rupiarum
606 1641 712 1682 eentum
727 1639 852 1692 millium,
863 1649 929 1694 quas
940 1636 1066 1682 nobilitas

321 1705 367 1747 tua
381 1703 503 1747 munillce
518 1703 545 1748 in
560 1715 620 1748 eum
637 1704 715 1749 finem
730 1704 848 1750 donavit.

360 1769 497 1824 sigutncas
511 1770 604 1816 deinde
622 1771 769 1816 destinasse
784 1775 809 1816 te
823 1771 891 1816 aliae
905 1770 996 1827 rupias
1010 1780 1067 1814 cen·

322 1839 377 1880 tum
399 1837 472 1880 mille
493 1836 580 1881 tribus
600 1837 743 1894 provinciis
764 1838 902 1894 Bengalae,
919 1837 1067 1892 Madraspa-

321 1903 376 1946 tani
390 1905 417 1946 et
431 1901 585 1957 Bomboynl,
599 1901 626 1946 in
642 1903 789 1948 utilitatem
810 1903 911 1948 scilicet
926 1903 964 1947 rei
979 1903 1067 1947 catho-

319 1968 385 2014 licae
405 1968 563 2024 erogandas:
585 1969 617 2014 de
637 1969 713 2014 cuius
733 1970 859 2026 pecuniae
878 1969 1066 2016 distributione

320 2045 350 2079 ac
363 2046 411 2080 usu
427 2039 555 2089 nostram,
570 2046 617 2092 pro
633 2035 678 2082 turi
695 2035 802 2090 pietate,
816 2036 933 2082 consulis
953 2035 1067 2080 auctori·

321 2103 410 2146 tatem.
432 2101 511 2145 Nobis
532 2113 595 2158 ergo
616 2101 729 2156 uidetur,
751 2103 820 2147 banc
840 2101 978 2158 pecuniam
996 2104 1067 2146 recte

320 2178 394 2223 posse
408 2168 530 2224 deputari
545 2169 631 2213 tribus
646 2168 885 2214 ecclesiasticorum
896 2168 1066 2214 alumnorum

319 2233 470 2279 seminariis
485 2233 512 2278 in
527 2233 680 2280 civitatibus
702 2235 849 2290 calcrrttae,
871 2234 1067 2292 Madraspatani

320 2301 347 2345 et
363 2299 505 2356 Eombayni
519 2301 661 2356 erigendis,
675 2304 723 2347 aut
737 2303 832 2347 saltem
846 2301 1010 2346 institutioni
1020 2302 1068 2346 cle-

320 2368 435 2412 ricorum
452 2367 606 2412 memoratis
620 2367 647 2411 ιιι
662 2367 726 2413 locis
740 2368 792 2414 alisi
807 2368 896 2413 stabili
911 2368 1015 2414 ratione
1030 2368 1067 2413 iu·

319 2433 426 2479 vandae.
441 2437 523 2483 Quem
539 2434 565 2478 in
586 2433 666 2478 tinem
688 2435 794 2479 tradere
813 2435 914 2491 poteris
928 2434 1067 2490 pecuniam

319 2500 403 2556 ipsam
418 2499 530 2544 vicariis
548 2500 647 2544 nostris
662 2500 827 2556 apostolicis,
847 2500 976 2545 nimirum
992 2511 1065 2545 venn.

319 2566 397 2611 tratri
411 2569 489 2610 Petro
498 2566 531 2610 ab
541 2566 683 2612 dicantara
693 2568 818 2623 Episcopo
828 2567 1012 2622 Antilt'ellensi,
1022 2567 1068 2624 qui

319 2633 464 2689 Bombayni
478 2637 527 2687 est,
541 2631 637 2678 dilecto
660 2633 716 2678 lilio
731 2633 856 2690 religioso
876 2635 934 2678 siro
953 2635 1069 2680 ltoberto

319 2699 395 2744 saint
410 2702 492 2754 begar
506 2699 661 2755 presbytero
675 2700 702 2742 et
718 2701 771 2743 Soc.
788 2702 846 2744 lesu
860 2699 906 2754 qui
918 2704 959 2744 est
969 2700 1069 2745 Calcul-

320 2769 371 2818 tae,
386 2769 413 2810 et
426 2776 501 2810 reon.
514 2765 593 2810 fratri
607 2765 708 2810 Danieli
727 2765 755 2808 0'
766 2769 868 2810 donner
881 2765 1007 2822 Episcopo
1017 2767 1069 2812 Sal·

318 2833 418 2887 ditano,
432 2831 478 2889 qui
491 2833 524 2877 ad
543 2833 739 2888 Madraspatani
761 2833 854 2877 urbem
869 2833 1068 2889 quamprimum

319 2902 448 2944 venturus
462 2903 510 2944 eet.
526 2899 558 2943 iii
572 2899 700 2944 nimirum
712 2897 809 2944 vicarii
819 2900 913 2954 nostri,
923 2900 945 2944 si
956 2900 1006 2944 tibi
1016 2901 1069 2958 pla·

319 2965 413 3019 cuerit,
428 2965 565 3010 habebunt
579 2965 606 3008 in
622 2964 753 3010 mandatis
768 2969 798 3010 ut
812 2977 870 3012 eam
884 2977 1016 3012 summam
1028 2967 1069 3012 vel

319 3032 348 3075 in
362 3032 526 3088 praedictum
543 3043 621 3077 usum
637 3031 730 3077 statim
749 3033 912 3090 impendant,
927 3035 968 3079 rel
983 3033 1067 3078 aldem

321 3098 381 3143 usui
396 3097 519 3153 religiose
533 3103 678 3143 reservent.

359 3165 438 3212 addis
449 3169 588 3220 praeterea
597 3168 623 3210 te
637 3177 688 3211 non
704 3167 780 3212 modo
789 3167 891 3213 solvere
903 3173 1068 3214 menstruam

320 3232 461 3288 quamdam
472 3231 623 3288 pensionem
634 3237 781 3278 memorato
791 3233 934 3279 Esbonensi
943 3235 1068 3292 Episcopo

320 3299 424 3345 vicario
438 3299 586 3355 apostolico
599 3303 684 3355 agree
705 3299 840 3355 residenti,
856 3301 900 3346 sed
921 3301 1069 3348 destinasse

321 3367 430 3424 iusuper
443 3367 471 3412 in
485 3367 632 3412 utilitatem
647 3367 777 3414 Ecclesiae
791 3369 916 3425 Agrensis
935 3380 1068 3417 summam

321 3435 461 3490 rupisrum
482 3433 595 3490 triginta
616 3431 744 3478 millium:
766 3445 880 3490 quarum
900 3436 964 3480 item
979 3447 1069 3492 eroga-

321 3501 421 3545 tionem
442 3511 494 3546 non
508 3499 565 3545 sine
581 3503 672 3544 nostro
692 3500 803 3546 consilio
824 3501 909 3546 facere
925 3501 1068 3548 desideras.

321 3570 354 3611 Et
368 3566 443 3612 nobis
457 3566 563 3623 quidem
577 3567 701 3623 placeret,
717 3569 746 3612 ut
762 3567 789 3611 in
804 3567 863 3624 ipsa
877 3568 941 3613 urbe
951 3573 1022 3624 Agra
1032 3569 1069 3613 in·

321 3635 483 3680 stitueretur
495 3645 606 3690 parvum
628 3633 734 3689 piarum
749 3634 908 3680 feminarum
928 3636 1068 3692 collegium

321 3712 389 3757 quae
402 3701 554 3746 castitatem
569 3703 705 3745 servantes
720 3711 750 3746 ac
759 3701 882 3756 religiose
892 3701 1008 3747 virentes
1019 3703 1069 3748 uti·

321 3769 374 3812 lem
389 3768 469 3812 simul
489 3777 596 3823 operam
619 3769 714 3812 navent
734 3767 829 3824 puellis
848 3769 881 3814 ad
895 3768 1069 3826 christianam

321 3835 499 3890 virtutem,ad
508 3834 640 3881 elementa
649 3833 888 3892 literarumatque
898 3836 932 3882 ad
942 3847 1069 3882 manuum

322 3901 425 3958 opificia
440 3899 600 3945 erudiendis.
616 3900 724 3950 Quodsi
740 3901 899 3958 magistram
919 3903 981 3946 huic
995 3903 1071 3948 colle·

322 3968 366 4024 gio
379 3967 577 4024 praeualentem
598 3978 650 4012 non
669 3967 744 4012 facile
759 3967 786 4012 in
802 3967 874 4013 lndiri
896 3968 1015 4014 invenire
1031 3980 1071 4015 ra·

321 4035 386 4084 leae,
401 4045 448 4080 nos
468 4034 520 4091 ipsi
540 4034 650 4090 probam
670 4033 789 4090 aliquam
812 4035 953 4080 mulierem
968 4036 1071 4093 anglici

322 4101 454 4150 sermonis
468 4101 582 4158 peritam
596 4105 624 4146 et
638 4105 784 4146 memorato
795 4102 900 4146 rnuneri
910 4101 1028 4149 idoneam
1039 4115 1070 4150 ex

324 4169 428 4226 Europa
440 4179 499 4213 oum
514 4167 620 4224 scriptis
631 4167 730 4224 regulis
741 4167 899 4213 mittendam
909 4169 1070 4216 curabimus.

324 4238 362 4280 'ru
377 4234 494 4289 iuterim,
503 4233 678 4280 dilectissima
691 4234 719 4278 in
732 4235 837 4280 Cbristo
852 4233 907 4280 fllia
921 4241 1022 4292 nostra,
1032 4249 1073 4293 pe·

323 4303 430 4348 cuniam
445 4301 473 4346 in
487 4301 558 4346 bunc
578 4301 657 4346 linem
679 4300 823 4358 sepositam
843 4312 951 4348 servare
972 4304 1072 4359 poteris

324 4369 394 4426 apud
408 4370 434 4414 te
447 4368 495 4414 aut
511 4371 569 4414 tuto
583 4367 672 4424 aliquo
687 4368 713 4412 in
729 4368 785 4412 loco
799 4368 937 4424 deponere.

364 4439 425 4480 Post
438 4435 503 4480 haec
517 4435 648 4490 maximis,
658 4438 689 4480 ut
704 4445 752 4491 par
762 4439 810 4490 est,
820 4436 1007 4493 prosequimur
1016 4437 1072 4482 lau·

323 4501 401 4547 dibus
416 4505 490 4547 tuam
503 4511 594 4546 seram
614 4501 779 4558 praeclaram
801 4501 1013 4549 munificentiam
1033 4505 1072 4548 tot

324 4569 459 4626 tantisque
479 4569 645 4624 argumentis
666 4569 872 4626 comprobatam,
893 4570 970 4616 euius
991 4570 1072 4616 etiam

324 4635 439 4680 fructum
453 4635 573 4680 extitisse
592 4635 772 4680 intelleximus
787 4640 845 4680 tum
864 4647 967 4681 sacram
983 4637 1073 4681 aedem

324 4713 393 4758 qnae
407 4701 461 4746 tuis
476 4701 626 4757 sumptibus
639 4701 667 4746 in
683 4703 748 4747 urbe
763 4703 882 4748 Meeruttt
898 4703 1074 4759 construitur,

325 4771 383 4814 tunt
397 4768 562 4825 amplissima
575 4768 703 4823 subsidia,
717 4769 813 4824 quibus
828 4779 956 4826 pauperes
968 4769 1073 4818 Sirdba-

326 4845 383 4890 nae,
398 4835 533 4880 Calcuttae
547 4837 574 4878 et
589 4834 665 4890 regni
685 4835 795 4890 angliae
816 4834 943 4881 iuvandos
964 4837 1073 4882 curasti.

326 4903 359 4946 Et
373 4905 454 4946 Deum
475 4901 610 4957 optimum
633 4901 778 4946 Maximum
800 4901 942 4948 humilium
965 4915 1073 4960 precum

326 4967 494 5014 contentione
507 4979 642 5024 rogamus,
657 4972 688 5013 ut
702 4968 751 5013 tibi
766 4979 813 5024 pro
832 4969 985 5016 huiusmodi
999 4972 1074 5016 bene-

327 5035 402 5082 factis
416 5033 609 5092 amplissimam
624 5045 654 5080 ae
669 5046 804 5092 nunquam
820 5035 993 5083 interituram
1008 5049 1074 5082 mer·

326 5102 416 5148 cedem
430 5101 573 5148 retribuat.
587 5105 659 5147 Hanc
671 5102 765 5158 igitur,
777 5102 951 5149 dilectissima
965 5104 992 5148 in
1003 5104 1075 5148 Chri·

327 5171 369 5212 sto
383 5167 439 5212 lilia
460 5169 560 5222 nostra,
580 5177 641 5212 cum
662 5165 816 5213 humilitate
837 5168 923 5214 cordis
945 5171 1024 5226 atque
1045 5169 1073 5214 iu

326 5234 402 5281 bonis
421 5233 545 5291 operibns
565 5233 763 5290 perseverantis
783 5238 897 5291 expecta.
918 5237 968 5282 Nos
983 5239 1074 5282 autem

327 5301 395 5346 nillil
409 5304 532 5358 optamus
554 5301 647 5356 magis,
662 5312 741 5356 quam
757 5303 786 5346 ut
802 5301 851 5346 tibi
867 5305 994 5358 paternae
1007 5303 1074 5348 cari·

327 5367 392 5414 tatis
406 5371 514 5413 nostrae
528 5367 635 5423 signum
649 5367 757 5422 aliquod
771 5368 950 5424 praebeamus.

333 5449 337 5458 ·
366 5437 459 5490 ltaque
472 5432 676 5479 dilectissimum
691 5433 718 5478 in
733 5433 837 5479 christo
852 5435 937 5480 lilium
952 5437 1075 5481 nostrum

328 5500 460 5554 basidem,
472 5499 603 5556 inclytum
614 5502 735 5556 nepotem
745 5502 821 5545 tuum
831 5499 1006 5558 futurumque
1016 5502 1076 5546 hae-

327 5567 416 5612 redem
431 5567 472 5612 tui
486 5565 661 5623 principatus,
675 5566 791 5623 equitem
806 5567 956 5614 creavimus
966 5567 1075 5614 Militiae

327 5636 386 5680 lesu
408 5633 516 5688 christi,
530 5632 702 5690 dedimusque
716 5633 743 5678 iu
758 5644 816 5680 eam
838 5645 896 5679 rem
917 5635 1075 5692 apostolicas

328 5700 422 5746 literas
435 5712 503 5756 quae
517 5711 570 5746 una
584 5711 644 5746 cum
663 5699 814 5756 insignibus
828 5701 886 5746 eius
900 5702 1005 5748 ordinis
1019 5713 1076 5758 pro·

328 5767 395 5824 priis
415 5767 449 5812 ad
467 5770 494 5812 te
508 5768 684 5824 perferentur.
705 5767 811 5813 Utinam
833 5779 904 5822 vero,
919 5769 988 5825 quod
1003 5769 1077 5814 celsi·

328 5833 393 5879 tudo
409 5835 455 5880 tua
464 5833 520 5878 sore
528 5833 645 5888 conlidit,
655 5835 711 5891 ipse
722 5833 823 5881 invenis
833 5834 954 5892 princeps
965 5839 1075 5880 Romam

328 5899 471 5956 aliquando
493 5899 520 5945 in
541 5904 709 5958 conspectum
734 5904 856 5948 nostrum
880 5905 1009 5947 venturus
1032 5901 1075 5948 sit.

328 5969 401 6013 Tunc
414 5966 530 6026 prolecto
544 5967 771 6024 superabundaret
785 5968 882 6026 gaudio
891 5979 936 6016 cor
946 5971 1076 6026 nostrum,

1119 750 1192 796 scus
1214 735 1360 800 caelestia
1381 739 1488 802 vocari
1510 738 1647 812 valeant,
1664 738 1867 816 leliciterque

1120 828 1263 904 perduci.

1159 920 1228 994 ξι.
1252 921 1331 986 Hinc
1352 941 1425 986 cum
1447 926 1485 988 ad
1507 926 1678 989 catholicae
1700 925 1868 1004 religionis
1902 933 1988 996 ‘norro
2002 941 2100 977 eonces-

1119 1012 1357 1078 ineremcntum
1379 1016 1412 1080 in
1433 1017 1529 1080 Indiis
1545 1016 1758 1080 Orientalibus
1774 1019 1868 1080 latius

1120 1108 1369 1183 comparandum
1399 1109 1430 1170 in
1453 1110 1565 1188 primis
1595 1119 1814 1190 opportunum
1837 1119 1869 1173 et

1119 1196 1199 1259 utile
1221 1215 1291 1261 esse
1313 1201 1471 1274 videatur,
1495 1211 1622 1282 praeter
1651 1212 1794 1266 caeteros
1817 1203 1868 1266 Vi-

1122 1291 1222 1352 carios
1244 1291 1443 1370 apostolicos
1465 1296 1556 1358 iniis
1586 1299 1774 1374 regionibns
1796 1313 1869 1359 con-

1119 1512 1232 1559 eumque
1247 1505 1431 1562 singularibus
1445 1509 1569 1556 omnibns
1583 1511 1781 1556 benevolentiae
1792 1511 1870 1567 signi·

1120 1569 1296 1628 ficationibus,
1311 1573 1352 1618 tui
1372 1575 1455 1620 etiam
1476 1577 1565 1629 causa,
1581 1589 1811 1635 prosequeremur.
1826 1583 1875 1624 lle-

1119 1635 1199 1691 uique
1220 1637 1353 1685 mittimus
1376 1641 1512 1688 nobilitati
1528 1647 1589 1688 tuae
1608 1647 1764 1702 argenteam
1780 1658 1872 1703 capsu-

1119 1701 1173 1746 lam
1187 1714 1247 1748 cum
1262 1708 1419 1753 venerandis
1438 1709 1560 1766 reliquiis
1581 1717 1765 1757 sacrosanctae
1780 1713 1871 1758 crucis

1121 1770 1147 1812 ll.
1163 1772 1190 1814 N.
1206 1773 1264 1816 lesu
1286 1773 1393 1829 christi,
1407 1785 1438 1819 ac
1453 1776 1504 1820 reli
1528 1776 1607 1822 Bibae
1629 1779 1726 1824 Mariae
1747 1779 1870 1834 Virginis,

1120 1837 1147 1879 et
1161 1846 1192 1880 ex
1202 1838 1306 1883 ossibus
1318 1843 1359 1884 SS.
1371 1841 1556 1896 apostolorum
1571 1844 1643 1890 Petri
1654 1849 1680 1890 et
1693 1845 1776 1890 Pauli.
1788 1849 1821 1890 Et
1831 1847 1871 1890 be-

1120 1903 1295 1950 nedictionem
1310 1907 1482 1962 apostolicam
1498 1920 1558 1954 curn
1573 1921 1651 1956 verae
1665 1912 1752 1958 omnis
1768 1923 1872 1970 prospe·

1120 1969 1210 2015 ritatis
1225 1973 1285 2018 voto
1305 1973 1473 2018 coniunctam
1490 1975 1546 2030 tint,
1568 1977 1742 2024 dilectissima
1757 1979 1784 2024 in
1800 1979 1872 2024 chri·

1121 2039 1162 2080 sto
1178 2035 1232 2082 lilia
1253 2041 1353 2094 nostra,
1367 2051 1398 2084 ac
1413 2041 1524 2098 principi
1546 2051 1592 2088 tuo
1608 2043 1707 2099 nepoti,
1728 2045 1871 2102 domuique

1122 2105 1183 2148 tuae
1198 2105 1337 2150 universae
1351 2107 1536 2153 arrlautissime
1551 2109 1729 2166 impertimur.

1161 2173 1256 2216 Datum
1277 2175 1384 2228 Romae,
1406 2175 1476 2231 apud
1497 2177 1520 2218 s.
1541 2177 1652 2222 Mariam
1672 2177 1807 2233 Maiorem,
1823 2180 1872 2224 sub

1122 2237 1221 2282 annulo
1230 2238 1379 2294 Piscatoris,
1387 2239 1429 2284 die
1439 2253 1503 2286 xvrr.
1513 2244 1671 2300 septembris
1682 2255 1872 2300 succensura,

1122 2303 1291 2358 pontificatus
1307 2307 1390 2352 nostri
1405 2318 1475 2353 auno
1489 2321 1524 2354 rv.

1125 2507 1201 2550 Creat
1222 2509 1342 2560 Equitem
1363 2511 1473 2554 Mtttttae
1494 2515 1553 2556 lesu
1571 2515 1670 2556 Cbrtsli
1686 2515 1812 2558 ,Davidem
1830 2517 1873 2557 Bc·

1162 2585 1228 2624 pum
1250 2577 1357 2618 Salubre
1378 2583 1500 2629 nepotem
1521 2584 1546 2622 et
1561 2583 1757 2623 actnstntstrmu
1773 2583 1874 2624 Princi-

1161 2643 1251 2690 pasce
1270 2644 1428 2686 sarabaitae
1442 2647 1472 2688 tn
1487 2647 1573 2689 Indus
1589 2647 1776 2690 Orientalibus.

1337 2749 1517 2792 absconsus
1537 2752 1581 2794 PP.
1597 2752 1659 2794 XVI.

1424 2843 1518 2886 ninere
1532 2847 1579 2896 prs,

1212 2909 1327 2950 satutem
1341 2911 1366 2950 et
1379 2912 1553 2959 apostolarum
1573 2912 1783 2956 benedictionem.

1163 3039 1191 3081 In
1207 3037 1256 3084 boc
1270 3037 1435 3096 amplissimo
1450 3039 1591 3095 dignitatis
1609 3043 1690 3099 atque
1704 3043 1875 3089 auctoritatis

1124 3103 1208 3159 gradu
1230 3105 1314 3149 nullis
1328 3109 1400 3150 certe
1421 3107 1521 3152 nostris
1536 3118 1583 3163 pro
1598 3109 1702 3154 meritis
1718 3110 1763 3154 sed
1778 3121 1875 3156 arcano

1123 3171 1227 3216 divinae
1242 3172 1398 3228 prudentiae
1413 3173 1524 3218 consilio
1541 3174 1673 3228 collocati,
1687 3186 1718 3220 ac
1733 3179 1875 3232 propterea

1123 3238 1281 3292 gravissima
1304 3240 1386 3284 totius
1407 3240 1529 3285 catholici
1545 3241 1617 3286 orbis
1635 3243 1745 3298 regendi
1760 3243 1876 3288 solicitu-

1123 3303 1184 3348 dine
1197 3305 1365 3350 continenter
1379 3306 1497 3350 districti
1511 3317 1542 3351 ac
1556 3319 1621 3364 pene
1630 3308 1730 3364 obruti,
1740 3309 1808 3354 nihil
1818 3321 1876 3366 pro·

1123 3373 1190 3416 lecto
1210 3372 1322 3427 gratius,
1344 3372 1412 3418 nibil
1432 3373 1578 3430 optabilius
1598 3375 1753 3432 contingere
1774 3379 1874 3432 potest,

1124 3448 1203 3494 quarn
1225 3438 1391 3494 amplissima
1411 3441 1541 3484 bonorum
1563 3452 1676 3488 munera
1692 3444 1719 3487 et
1734 3443 1876 3500 praecipua

1124 3506 1230 3549 nostrae
1245 3503 1443 3550 benevolentiae
1458 3506 1612 3552 testimonia
1631 3507 1664 3552 iis
1679 3509 1875 3564 praestantissi-

1124 3571 1175 3616 mis
1189 3571 1263 3628 viris,
1277 3571 1323 3628 qui
1337 3571 1409 3618 avita
1424 3573 1529 3628 generis
1544 3574 1685 3620 nobilitate
1698 3575 1765 3620 clari
1779 3587 1810 3621 ac
1825 3576 1875 3620 vir·

1124 3639 1213 3682 tutum
1235 3637 1313 3682 laude
1335 3637 1456 3695 spectati,
1471 3637 1502 3684 de
1517 3651 1547 3684 re
1567 3640 1698 3686 catholica
1719 3642 1803 3699 deque
1827 3643 1876 3687 bac

1124 3704 1271 3761 apostolica
1286 3705 1350 3750 Sede
1370 3705 1505 3762 praeclare
1520 3707 1617 3750 mereri
1638 3718 1805 3764 summopere
1820 3709 1874 3764 glo·

1125 3771 1238 3816 riantur.
1255 3771 1382 3828 Equidem
1395 3771 1470 3816 nobis
1479 3776 1644 3828 compertum
1655 3774 1876 3832 exploratumque

1126 3842 1175 3892 est,
1191 3843 1217 3884 te
1231 3839 1263 3882 de
1277 3838 1444 3884 nobilissima
1454 3841 1542 3884 ortum
1554 3839 1655 3886 familia
1664 3851 1695 3886 ac
1705 3841 1785 3886 rebus
1794 3842 1877 3886 omnl-

1125 3905 1174 3950 bus
1189 3903 1354 3958 institutum,
1369 3907 1396 3948 et
1414 3903 1528 3962 egregiis
1543 3905 1626 3950 animi
1640 3906 1793 3964 ingeniique
1811 3907 1877 3952 doti

1124 3971 1174 4016 bus
1188 3973 1322 4023 ornatum,
1337 3970 1469 4026 singulari
1484 3971 1511 4016 in
1526 3983 1573 4016 nos
1588 3975 1614 4016 et
1629 3973 1656 4017 in
1672 3973 1740 4018 banc
1753 3975 1823 4019 Petri
1833 3979 1876 4020 Ca-

1126 4037 1248 4084 thedram
1264 4038 1389 4094 obsequio
1404 4039 1594 4094 praestantem,
1604 4049 1635 4084 ac
1649 4039 1839 4086 dilectissimae
1847 4041 1876 4086 in

1125 4104 1230 4148 christo
1252 4103 1322 4148 ssliae
1344 4102 1471 4160 Principis
1492 4104 1622 4150 foeminae
1643 4107 1742 4160 Regum
1765 4107 1874 4151 Sombre

1126 4169 1289 4214 Sardbaniae
1303 4169 1403 4226 pietate
1418 4172 1445 4213 et
1459 4169 1589 4225 religione
1610 4170 1727 4215 illustris
1745 4174 1874 4228 nepotem,

1126 4239 1152 4282 et
1171 4236 1289 4292 primum
1309 4245 1325 4280 a
1347 4235 1459 4292 publicis
1480 4235 1554 4280 illius
1575 4236 1741 4293 principatus
1762 4238 1877 4294 negotiis

1126 4307 1184 4348 turn
1198 4301 1321 4348 civilibus
1337 4305 1394 4347 tum
1410 4301 1574 4348 militaribus
1593 4303 1791 4358 administrum,
1806 4315 1877 4350 eum·

1127 4369 1171 4414 ma
1184 4369 1248 4414 cura
1263 4371 1290 4414 et
1308 4368 1396 4414 studio
1410 4369 1438 4413 in
1453 4369 1599 4414 catholicae
1620 4369 1756 4426 religionis
1778 4371 1876 4416 bonum

1127 4436 1323 4492 procurandum
1339 4435 1451 4480 mirifice
1465 4435 1627 4490 incumbere,
1638 4439 1664 4480 et
1678 4435 1767 4482 omnia
1777 4437 1877 4493 conari,

1127 4507 1158 4548 ut
1172 4503 1204 4548 de
1219 4503 1294 4548 nobis
1308 4503 1392 4559 deque
1414 4503 1462 4547 hac
1477 4501 1626 4556 apostolica
1641 4503 1705 4548 sede
1718 4513 1798 4559 quam
1813 4504 1879 4560 opti-

1128 4581 1169 4614 me
1185 4569 1282 4614 mereri
1302 4567 1393 4626 possis.
1409 4569 1535 4620 Quocirca
1555 4569 1672 4626 aliquam
1688 4570 1715 4614 in
1731 4573 1757 4615 te
1770 4574 1878 4616 nostrae

1126 4635 1273 4682 voluntatis
1288 4635 1511 4692 significationem
1526 4647 1605 4692 quam
1620 4636 1797 4682 libentissime
1807 4637 1877 4681 erbi-

1126 4705 1238 4750 bendam
1252 4703 1412 4748 certauimus.
1429 4702 1558 4748 Peculiari
1579 4714 1643 4758 ergo
1659 4704 1758 4749 bonore
1773 4704 1877 4750 adicere

1128 4771 1257 4826 voleutes,
1278 4773 1334 4815 tea
1353 4769 1491 4826 quibusvis
1512 4771 1807 4826 excommunicationis,
1823 4782 1878 4816 sus·

1127 4835 1260 4894 pensionis
1274 4838 1301 4882 et
1315 4835 1461 4890 interdicti,
1482 4833 1594 4892 aliisque
1615 4836 1802 4882 ecclesiasticis
1821 4848 1878 4881 cen·

1128 4903 1199 4948 euris
1213 4905 1239 4948 et
1252 4903 1343 4960 poenis
1353 4901 1445 4958 quovis
1456 4901 1533 4946 modo
1543 4905 1569 4946 et
1579 4911 1745 4959 quacumque
1755 4903 1787 4947 de
1796 4913 1877 4948 causa

1127 4970 1198 5024 latis,
1213 4969 1237 5014 si
1251 4980 1317 5025 quas
1328 4967 1395 5014 torte
1406 4967 1553 5024 incurristi,
1565 4968 1643 5014 buius
1654 4971 1760 5014 tanturn
1770 4969 1809 5014 rei
1819 4980 1878 5025 gra·

1128 5036 1166 5081 tia
1180 5036 1344 5081 absolventes
1360 5037 1386 5080 et
1400 5035 1554 5080 absolutum
1569 5035 1623 5080 fore
1638 5038 1783 5092 censentes,
1793 5037 1825 5081 de
1834 5036 1879 5081 Mi·

1127 5101 1203 5146 litiae
1218 5105 1275 5147 lesu
1291 5100 1390 5146 Christi
1406 5101 1527 5157 Equitem
1550 5101 1744 5156 renuntiamus,
1759 5104 1837 5158 teque
1851 5103 1878 5147 in

1127 5179 1188 5212 eum
1202 5167 1382 5213 clarissimum
1398 5167 1521 5212 ordinem
1536 5166 1697 5213 auctoritate
1713 5169 1804 5214 nostra
1820 5180 1878 5226 apo·

1129 5234 1222 5280 stolica
1237 5234 1308 5280 nisce
1322 5233 1408 5280 literis
1422 5235 1585 5290 cooptamus.
1598 5237 1624 5280 et
1636 5235 1800 5290 splendidam
1812 5236 1879 5282 eius·

1128 5300 1187 5344 dem
1198 5299 1302 5345 ordinis
1311 5309 1417 5344 crucem
1428 5299 1476 5344 tibi
1486 5300 1644 5346 mittendam
1656 5301 1810 5347 statuimus.
1821 5305 1879 5346 Pro

1128 5367 1217 5423 prium
1232 5377 1293 5412 vero
1309 5367 1447 5411 hominum
1463 5367 1537 5411 illius
1552 5367 1658 5412 Ordinis
1677 5369 1799 5413 habiturn
1814 5369 1879 5414 acci·

1128 5434 1192 5490 pies,
1207 5443 1224 5479 a
1237 5443 1289 5490 quo
1304 5432 1354 5478 tibi
1368 5433 1400 5478 ad
1415 5433 1522 5478 libitum
1536 5433 1666 5478 catholico
1680 5445 1818 5480 sacrorum
1829 5440 1878 5480 nu·

1129 5499 1213 5546 tistite
1227 5499 1412 5546 communione
1427 5510 1487 5544 cum
1500 5499 1630 5546 cathedra
1640 5501 1759 5547 Romana
1770 5502 1878 5556 sociato,

1129 5569 1170 5613 rel
1186 5567 1219 5612 ab
1241 5577 1294 5612 uno
1314 5579 1346 5612 ex
1366 5567 1461 5623 primis
1483 5567 1668 5622 missionariis,
1690 5568 1713 5613 si
1735 5568 1879 5626 Episcopus

1128 5636 1235 5690 praesto
1249 5643 1307 5678 esse
1321 5644 1372 5678 non
1385 5631 1482 5689 poterit
1495 5633 1530 5688 (in
1542 5633 1569 5678 id
1579 5634 1649 5678 enim
1660 5633 1715 5679 illie
1726 5634 1879 5680 facultatem

1129 5701 1304 5756 opportunam
1319 5697 1484 5754 tribuimus),
1495 5697 1587 5744 accitis
1601 5699 1822 5756 adstantibusque
1832 5712 1880 5758 pro

1128 5765 1205 5811 libito
1220 5765 1322 5822 pariter
1336 5775 1352 5810 a
1368 5769 1393 5810 te
1407 5765 1517 5810 delectis
1531 5765 1632 5811 duobus
1650 5769 1698 5812 aut
1716 5767 1812 5812 saltem
1827 5779 1880 5814 uno

1129 5845 1160 5878 ex
1175 5833 1309 5889 equitibus
1330 5831 1441 5878 Militiae
1456 5835 1514 5878 lesu
1534 5831 1642 5887 christi,
1656 5836 1704 5878 aut
1719 5834 1831 5880 Militiae
1845 5835 1881 5879 nl-

1130 5898 1223 5955 terius,
1237 5899 1278 5944 rel
1293 5899 1394 5944 duobus
1409 5899 1531 5953 testibus,
1546 5900 1569 5944 si
1584 5909 1661 5944 uerno
1671 5901 1784 5957 reperiri
1794 5904 1881 5958 potest

1131 5966 1251 6026 equitum
1270 5970 1325 6013 tam
1340 5965 1444 6012 ordinis
1459 5965 1484 6010 in
1500 5978 1579 6024 quern
1596 5966 1737 6024 adlegeris,
1751 5978 1831 6026 quam
1846 5969 1880 6016 al·

1792 598 1849 668 lta
1897 605 1996 662 nuo.
2018 605 2088 664 rest

1888 997 1974 1031 8101113.
