4828 6974
94 546 140 599 alu.
154 543 184 598 d.
207 543 286 598 1835

272 675 275 679 ’
324 684 385 740 tam
407 691 465 756 per
487 682 530 748 te,
554 689 649 753 quam
679 690 736 754 per
769 673 899 737 eosdem
931 673 1066 736 vicarios

321 771 451 833 visitare
469 775 539 832 tum
554 769 587 830 in
602 768 832 848 spiritualibus
853 774 922 830 tum
938 767 971 829 in
987 773 1066 829 tem-

322 863 495 944 poralibus,
517 879 576 925 seu
599 861 811 926 oeconomicis
835 861 940 923 omnia
956 866 989 922 et
1004 860 1067 923 sin-

323 957 396 1034 gula
410 955 574 1028 coenobia,
588 961 778 1026 conventus,
793 955 997 1027 monasteria,
1011 955 1067 1016 ho·

321 1051 429 1130 spitia,
460 1050 612 1127 collegia,
644 1064 771 1112 eremos
794 1055 826 1114 et
849 1064 1067 1127 quascumque

322 1145 395 1206 alias
417 1144 529 1205 domos
551 1143 707 1220 cuiusque
729 1143 889 1219 regularis
916 1142 1065 1215 instituti,

322 1253 402 1315 quae
420 1237 453 1298 in
468 1235 556 1298 Nova
570 1235 704 1298 Granata
720 1235 873 1298 existunt.
891 1234 1067 1298 Facultates

322 1345 411 1401 vero,
436 1329 475 1390 de
503 1327 620 1404 quibus
641 1326 747 1390 habita
769 1333 818 1388 est
843 1327 976 1398 mentio,
1000 1333 1068 1404 pot-

323 1422 386 1484 eris
406 1421 460 1483 vel
481 1435 540 1499 per
561 1426 593 1482 te
614 1421 720 1499 ipsum
750 1435 916 1492 exercere,
940 1419 993 1482 vel
1015 1435 1067 1481 eas

323 1513 489 1596 praedictis
510 1512 636 1575 vicariis
656 1512 806 1574 conterre
821 1527 895 1574 cum
910 1512 943 1573 in
958 1512 1068 1588 singu-

323 1608 362 1671 lis
389 1606 524 1678 casibus,
547 1605 580 1666 in
608 1605 725 1682 quibus
755 1619 834 1684 opus
863 1604 972 1677 luerit,
997 1609 1067 1666 tum

323 1699 510 1770 universim,
534 1698 626 1761 brevi
653 1703 761 1758 tamen
787 1698 943 1776 temporis
965 1697 1067 1776 spatio

324 1808 364 1854 ex
386 1798 440 1854 tuo
461 1790 594 1853 arbitrio
615 1789 846 1868 praeficiendo.

119 1894 304 1956 ¹correlationes
362 1887 381 1959 ἓ
400 1883 430 1944 6.
453 1883 487 1945 ld
509 1889 616 1944 tamen
638 1898 674 1944 ea
695 1881 769 1959 lege
801 1897 990 1944 concessum
1012 1898 1067 1945 vo-

87 1949 204 1995 ²⁰¹⁸⁰¹²⁴³'
323 1978 441 2048 lumus,
463 1985 501 2037 ut
528 1974 588 2054 ipsi
616 1974 726 2036 vicarii
749 1975 788 2037 de
816 1975 1003 2038 earumdem
1025 1976 1067 2038 la-

322 2069 476 2132 cultatum
503 2083 564 2130 usu
586 2067 745 2129 rationem
773 2067 910 2137 reddere
936 2068 993 2130 tibi
1015 2069 1067 2131 de-

322 2163 428 2232 beant,
451 2161 548 2238 idque
570 2159 781 2237 delegationis
803 2176 860 2221 seu
877 2161 1066 2239 apostolicae

321 2255 510 2318 visitationis
531 2255 607 2316 actis
629 2253 691 2315 erit
716 2254 981 2330 consignandum.
1006 2253 1067 2317 Vo-

322 2347 430 2408 lumus
460 2349 568 2407 autem
596 2351 645 2417 te,
676 2353 815 2422 tuosque
843 2345 980 2408 vicarios
1008 2362 1066 2409 seu

322 2439 546 2516 subdelegatos
567 2439 601 2500 in
619 2438 805 2500 huiusmodi
819 2440 906 2511 actis,
925 2445 957 2500 et
971 2439 1067 2502 lacul-

321 2540 422 2596 tatum
443 2538 628 2608 acuatque
650 2531 805 2594 exercitio
830 2532 991 2594 declarare
1014 2549 1067 2596 au·

321 2626 466 2689 ctoritate
487 2624 657 2702 apostolica
679 2625 785 2687 omnia
803 2639 932 2703 semper
948 2626 1064 2703 egisse.

321 2717 392 2780 Nou
413 2717 595 2780 dubitamus
620 2716 775 2795 prolecto,
799 2718 878 2794 quin
899 2724 945 2791 tu,
969 2734 1067 2781 vene-

321 2809 429 2872 rabilis
450 2809 565 2882 irater,
596 2815 725 2872 nostrae
756 2809 914 2872 voluntati
936 2812 1067 2872 nostris-

321 2918 383 2980 que
399 2901 566 2964 desideriis
588 2917 684 2980 quam
706 2901 952 2978 diligentissime
968 2910 1000 2967 et
1014 2921 1067 2967 cu-

319 2995 530 3058 mulatissime
544 2995 749 3074 respondeas,
763 3001 916 3072 tuamque
931 2997 965 3058 in
978 3013 1066 3060 men-

321 3095 386 3150 tem
407 3103 597 3152 revocamus
619 3087 656 3150 ab
677 3087 791 3150 ultima
819 3089 1007 3166 antiquitate
1029 3093 1067 3154 ad

319 3183 406 3244 hunc
432 3196 537 3260 usque
565 3181 669 3254 diem,
694 3197 806 3243 omnes
831 3181 1002 3262 Episcopos
1024 3193 1067 3246 at-

319 3291 383 3353 que
404 3274 516 3342 fideles
544 3275 598 3336 rel
619 3273 657 3335 ab
684 3273 940 3337 disiunctissimis
970 3279 1065 3340 etiam

319 3367 507 3445 regionibus
535 3382 664 3446 semper
692 3367 899 3430 consuevisse
926 3369 964 3430 ad
986 3369 1066 3433 hanc

319 3461 406 3523 Petri
426 3460 610 3523 cathedram
632 3459 842 3522 ecclesiarum
858 3461 1004 3524 omnium
1019 3479 1066 3524 ca-

320 3561 377 3633 put
405 3559 437 3615 et
458 3561 596 3616 matrem
617 3559 713 3630 atque
738 3553 935 3630 magistram,
967 3563 999 3618 et
1019 3573 1066 3618 ca·

319 3645 456 3708 thelicae
471 3645 639 3722 religionis
654 3650 803 3707 centrum
819 3646 980 3724 supplices
992 3664 1066 3710 con-

319 3738 452 3815 sugere,
482 3744 519 3800 ut
546 3738 580 3799 in
608 3737 713 3800 dubiis
740 3738 939 3815 trepidisque
968 3740 1064 3802 rebus

319 3823 647 3902 llomani'Pentiticis‚
663 3829 720 3908 qui
740 3829 860 3892 Christi
879 3831 1017 3894 vicarius
1034 3841 1066 3896 et

319 3924 405 3987 Petri
426 3938 603 3996 successor,
620 3923 735 3985 iudicia
754 3933 960 4001 quaererent,
978 3929 1066 3990 auxi-

320 4017 360 4079 lia
386 4017 599 4096 implorarent
626 4023 659 4078 et
691 4017 819 4079 decreta
850 4019 1063 4097 susciperent.

319 4109 429 4174 Omnia
440 4111 541 4188 igitur
553 4110 678 4174 coneris
691 4115 829 4189 oportet,
842 4117 879 4174 ut
890 4128 948 4174 nos
964 4115 1065 4177 omni-

320 4205 379 4268 bus
401 4204 559 4268 derebus
587 4219 713 4266 summa
743 4219 818 4266 cura
840 4212 872 4267 et
898 4206 1065 4284 diligentia

320 4297 474 4360 certiores
502 4295 606 4369 facias,
631 4303 663 4358 et
688 4297 890 4373 gravioribus
912 4298 946 4360 in
967 4315 1065 4378 nego-

320 4389 370 4452 tiis
392 4405 433 4452 ex
453 4403 546 4452 more
566 4389 779 4468 institutoque
804 4391 963 4454 maiorum
984 4393 1065 4456 hanc

319 4481 533 4561 Apostolicam
546 4480 663 4546 Sedem
676 4483 833 4558 consulas,
847 4483 982 4562 eiusque
994 4503 1065 4549 sen·

320 4575 452 4638 tentiam
474 4582 634 4655 expectes.

91 4683 302 4737 praeceptumde
358 4671 377 4746 g
398 4669 426 4732 7.
444 4669 513 4731 Tibi
525 4675 634 4732 autem
646 4669 859 4749 praecipimus
871 4677 966 4748 atque
978 4687 1065 4735 man-

90 4735 302 4854 ξῗιοξὲἓὲἧξᾶῗξ
319 4763 441 4837 damus,
463 4769 501 4826 ut
521 4777 719 4840 unoquoque
748 4762 889 4825 triennio
918 4766 1063 4828 eamdem

90 4846 251 4889 '¹⁵¹²³2¹⁰⁰¹⁸·
318 4855 532 4935 Apostolicam
545 4855 662 4920 Sedem
675 4855 919 4933 diligentissime
932 4858 1063 4922 edoceas

318 4949 480 5026 quomodo
501 4965 537 5012 se
557 4965 610 5011 res
640 4949 788 5023 habeant,
817 4955 913 5027 atque
933 4952 972 5014 ad
993 4967 1064 5016 eam

317 5043 506 5120 apostolicae
540 5043 730 5106 visitationis
764 5057 821 5105 seu
853 5043 1063 5122 delegationis

317 5143 391 5198 tuae
411 5141 477 5204 acta
499 5136 654 5200 mittenda
675 5151 768 5198 cures
782 5136 820 5198 iis
836 5151 910 5200 cum
925 5138 1063 5200 animad-

316 5227 532 5302 versionibus,
556 5243 633 5306 quas
654 5244 713 5307 pro
735 5235 788 5292 tua
809 5230 978 5308 prudentia
998 5231 1063 5292 exi-

316 5322 509 5386 stimaveris.
533 5321 677 5398 Denique
695 5322 888 5385 venerabilis
905 5322 1014 5398 irater,
1032 5330 1063 5386 te

316 5417 530 5478 vehementer
551 5415 586 5478 in
611 5415 747 5479 Domino
776 5416 946 5478 hortamur
967 5424 1062 5495 atque

317 5510 503 5582 excitamus,
526 5515 564 5570 ut
592 5509 681 5570 omni
708 5525 794 5582 cura,
817 5509 957 5582 solertia,
981 5511 1062 5589 vigi-

316 5603 421 5675 lantia,
446 5602 615 5681 prudentia
635 5602 861 5680 gravissimum
876 5603 1062 5666 huiusmodi

315 5711 434 5758 munus
457 5695 547 5758 obire
561 5697 701 5770 studeas,
719 5711 783 5774 quo
798 5697 876 5758 haec
890 5697 1062 5776 apostolica

316 5789 475 5866 delegatio
507 5805 564 5851 seu
595 5789 735 5852 visitatio
765 5789 828 5851 illis
857 5790 1061 5868 regularibus

316 5881 482 5945 ordinibus
510 5897 665 5962 prospere
693 5881 894 5960 leliciterque
923 5884 1059 5948 eveniat.

420 6027 473 6076 lter.
492 6028 561 6074 Pont.
577 6027 607 6074 de
624 6029 696 6090 l'rep.
714 6027 775 6074 vtae
789 6029 871 6076 Partis
884 6031 903 6078 1.
918 6029 971 6076 vol.
987 6031 1014 6077 v.

927 556 1101 602 nnuoonttts
1122 556 1173 604 PP·
1197 557 1262 603 XVI.

1793 533 1850 600 lati
1899 534 1998 589 Aac.
2020 533 2088 587 reas

1120 671 1184 736 Nos
1206 681 1292 736 certe
1314 675 1347 736 in
1368 675 1549 738 humilitate
1571 674 1675 739 cordis
1698 673 1800 734 nostri
1817 687 1868 751 pa-

1122 773 1205 829 trem
1233 768 1544 842 misericordiarum,
1577 774 1610 830 et
1636 767 1739 830 Deum
1769 765 1867 829 totius

1122 859 1345 922 consolationis
1361 876 1476 938 rogare
1491 876 1556 923 non
1572 860 1768 928 desinemus,
1781 863 1819 918 ut
1832 873 1868 919 ea

1121 953 1178 1014 tibi
1208 953 1313 1016 divina
1346 954 1495 1032 praebeat
1525 952 1658 1026 auxilia,
1693 951 1810 1029 quibus
1832 967 1868 1012 ea

1123 1047 1228 1110 omnia
1249 1047 1404 1126 perficere
1426 1048 1538 1126 possis,
1562 1061 1643 1124 quae
1665 1045 1703 1108 ad
1722 1045 1868 1123 spiritua-

1121 1141 1186 1202 lem
1209 1141 1399 1204 eorumdem
1420 1139 1620 1218 regularium
1642 1139 1779 1202 salutem
1796 1153 1867 1218 per-

1122 1234 1226 1297 tinere
1249 1250 1342 1312 posse
1363 1233 1527 1296 videntur.

1162 1329 1181 1402 ξ
1202 1325 1231 1387 8.
1255 1327 1337 1389 Haec
1361 1326 1523 1398 volumus,
1547 1323 1751 1388 concedimus
1772 1333 1868 1403 atque
1887 1327 2100 1428 racc'aaufflssieiffi'ss

1122 1420 1308 1482 mandamus
1331 1420 1540 1483 decernentes
1560 1419 1615 1480 has
1634 1427 1816 1497 praesentes
1831 1419 1867 1481 li·
1886 1440 1943 1484 tum
1958 1435 2071 1482 irritans.

1122 1519 1204 1574 teras
1216 1513 1334 1586 firmas,
1348 1513 1466 1574 validas
1481 1519 1513 1574 et
1528 1512 1667 1576 efficaces
1683 1513 1868 1576 existere-ac

1122 1605 1202 1677 lore,
1225 1621 1365 1683 suosque
1386 1604 1546 1684 plenarios
1572 1611 1604 1666 et
1628 1605 1772 1682 integros
1794 1607 1868 1668 elie-

1122 1705 1190 1760 ctus
1217 1699 1326 1762 sortiri
1348 1705 1380 1760 et
1402 1697 1559 1770 obtinere,
1589 1704 1684 1774 atque
1705 1697 1743 1759 ab
1766 1698 1867 1760 omni-

1122 1793 1181 1855 bus
1203 1793 1240 1856 ad
1263 1808 1342 1870 quos
1369 1797 1489 1870 spectat
1510 1797 1542 1854 et
1563 1791 1596 1852 in
1618 1791 1765 1852 luturum
1790 1806 1868 1869 quo-

1122 1885 1298 1948 modolibet
1324 1884 1488 1964 spectabit,
1511 1883 1740 1946 inviolabiliter
1762 1883 1868 1946 obser-

1121 1979 1207 2054 vari3
1229 1979 1338 2056 sicque
1360 1977 1393 2040 in
1415 1977 1594 2054 praemissis
1620 1992 1678 2054 per
1700 1991 1868 2054 quoscum-

1122 2087 1185 2150 que
1206 2073 1325 2134 iudices
1341 2069 1517 2133 ordinarios
1532 2075 1565 2132 et
1581 2069 1755 2146 delegatos,
1772 2071 1868 2132 etiam

1121 2179 1287 2227 causarum
1303 2163 1408 2240 palatii
1423 2161 1586 2240 apostolici
1600 2162 1770 2235 auditores,
1787 2163 1868 2225 iudi-

1121 2259 1185 2321 cari
1206 2265 1239 2320 et
1260 2257 1387 2319 deliniri
1402 2255 1532 2327 debere,
1550 2272 1584 2317 ac
1598 2255 1727 2317 irritum
1750 2263 1782 2318 et
1802 2257 1867 2318 ina-

1121 2368 1173 2423 ne,
1196 2351 1222 2412 si
1243 2365 1334 2413 secus
1355 2364 1452 2426 super
1474 2348 1522 2410 his
1544 2366 1561 2410 a
1579 2361 1740 2424 quoquam
1757 2351 1867 2426 quavis

1121 2443 1308 2506 auctoritate
1328 2441 1467 2504 scienter
1489 2441 1541 2502 vel
1562 2440 1751 2518 ignoranter
1768 2444 1867 2506 conti-

1122 2537 1206 2614 gerit
1227 2535 1387 2598 attentari.

1160 2631 1179 2704 ς
1200 2627 1230 2690 9.
1246 2627 1317 2690 Nou
1333 2625 1543 2698 obstantibus,
1561 2631 1717 2704 quatenus
1733 2643 1811 2706 opus
1826 2629 1868 2690 sit
1894 2639 2099 2700 ncrcgacocon-

1121 2720 1222 2782 lelicis
1244 2717 1472 2780 recordationis
1494 2716 1658 2780 Benedicti
1672 2717 1753 2780 lllV.
1778 2735 1866 2798 prae·
1884 2693 2032 2738 ΝΟΜ·

1121 2811 1296 2876 decessoris
1319 2809 1421 2872 nostri
1437 2823 1534 2887 super
1549 2809 1706 2872 divisione
1722 2813 1867 2874 materia-

1121 2921 1206 2976 rum,
1229 2905 1362 2980 aliisque
1383 2901 1564 2981 apostolicis
1579 2907 1674 2981 atque
1688 2904 1722 2966 in
1737 2906 1867 2968 univer-

1119 2998 1237 3060 salibus
1266 2994 1579 3075 provincialibusque
1601 3001 1633 3057 ot
1660 2998 1866 3075 synodalibus

1121 3089 1262 3152 conciliis
1279 3089 1371 3151 editis
1388 3087 1593 3164 generalibus
1607 3089 1661 3151 rel
1676 3090 1866 3168 specialibus

1120 3181 1401 3246 constitutionibus
1415 3187 1447 3242 et
1458 3181 1723 3256 ordinationibus,
1734 3200 1793 3246 nec
1802 3201 1867 3248 non

1120 3276 1320 3354 regularium
1336 3273 1497 3346 ordinum,
1515 3275 1796 3349 monasteriorum,
1813 3279 1866 3340 do·

1120 3383 1315 3447 morumque
1347 3381 1628 3444 quorumcumque
1660 3368 1756 3431 etiam
1784 3370 1867 3432 iura-

1121 3469 1243 3536 mento,
1260 3460 1502 3524 confirmatione
1524 3461 1695 3538 apostolica
1716 3462 1769 3524 vel
1792 3477 1866 3541 qua-

1119 3557 1168 3618 vis
1189 3555 1341 3618 tirmitate
1357 3555 1415 3616 alia
1430 3554 1587 3617 roboratis
1602 3555 1728 3616 statutis
1746 3563 1778 3618 et
1793 3573 1866 3619 con-

1120 3648 1361 3723 suetudinibus;
1382 3646 1559 3725 privilegiis
1575 3661 1716 3724 quoque,
1733 3648 1866 3712 indultis

1120 3749 1153 3805 et
1171 3741 1273 3804 literis
1289 3740 1471 3818 apostolicis
1492 3739 1725 3816 superioribus,
1749 3747 1782 3804 et
1796 3759 1867 3821 per·
1950 3767 1954 3774 ·

1120 3836 1206 3898 sonis
1225 3835 1284 3896 sub
1300 3833 1558 3910 quibuscumque
1574 3834 1740 3897 tenoribus
1757 3843 1790 3898 et
1803 3837 1867 3899 lor-

1120 3931 1191 4003 mis,
1215 3945 1250 3992 ac
1268 3943 1342 3991 cum
1357 3927 1524 4005 quibusvis
1539 3926 1635 3989 etiam
1651 3927 1867 4006 derogatoria-

1119 4039 1194 4085 rum
1216 4021 1445 4098 derogatoriis,
1475 4018 1610 4097 aliisque
1638 4021 1867 4086 efficacioribus

1120 4115 1354 4187 efficacissimis,
1378 4129 1412 4176 ac
1440 4113 1578 4176 insolitis
1606 4113 1769 4196 clausulis,
1796 4115 1868 4179 irri-

1119 4208 1336 4283 tantibusque,
1350 4213 1383 4268 et
1398 4205 1466 4268 aliis
1482 4205 1619 4268 decretis
1630 4206 1664 4268 in
1680 4221 1801 4284 genere
1813 4208 1866 4270 vel

1119 4301 1153 4363 iu
1174 4300 1290 4379 specie,
1307 4317 1342 4362 ac
1363 4298 1431 4360 aliis
1454 4299 1487 4360 in
1502 4300 1700 4362 contrarium
1715 4302 1867 4378 praemis-

1118 4409 1230 4456 sorum
1251 4390 1495 4470 quomodolibet
1523 4391 1691 4466 concessis,
1715 4393 1867 4471 approba-

1120 4489 1169 4561 tis,
1183 4485 1379 4550 confirmatis
1394 4491 1427 4546 et
1440 4484 1611 4546 innovatis.
1628 4483 1748 4558 Quibus
1766 4488 1867 4549 omni-

1119 4581 1178 4644 bus
1201 4587 1234 4642 et
1254 4577 1391 4656 singulis
1413 4577 1545 4640 illorum
1567 4583 1698 4640 tenores
1718 4594 1867 4656 praesen-

1120 4674 1205 4737 tibus
1227 4689 1285 4752 pro
1313 4671 1408 4750 plene
1430 4675 1463 4732 et
1483 4669 1680 4732 sufficienter
1706 4673 1867 4750 expressis

1119 4783 1153 4830 ac
1174 4767 1214 4829 de
1233 4757 1335 4827 verbo
1350 4764 1387 4826 ad
1401 4763 1540 4826 verbum
1554 4763 1683 4826 insertis
1698 4763 1865 4839 babentes,

1118 4860 1182 4922 illis
1205 4859 1279 4921 alias
1301 4858 1334 4920 iu
1355 4872 1415 4919 suo
1433 4857 1551 4919 robore
1573 4858 1804 4936 permansuris,
1828 4860 1867 4921 ad

1119 4953 1372 5032 praemissorum
1387 4950 1537 5012 ellectum
1550 4949 1608 5012 hac
1619 4949 1689 5013 vice
1702 4950 1868 5014 dumtaxat

1118 5045 1298 5126 specialiter
1321 5050 1353 5106 et
1374 5059 1527 5122 expresse
1543 5043 1748 5120 derogamus,
1765 5050 1866 5107 caete-

1117 5139 1227 5216 risque
1249 5137 1416 5200 contrariis
1439 5135 1708 5214 quibuscumque.

1156 5229 1246 5306 §lh
1270 5228 1428 5293 Volumus
1460 5235 1568 5291 autem
1590 5235 1626 5292 ut
1647 5230 1866 5306 praesentium
1897 5243 2097 5308 mcesnacpnca

1118 5325 1285 5386 literarum
1299 5322 1455 5402 exemplis
1468 5323 1564 5384 etiam
1576 5323 1753 5401 impressis,
1768 5337 1864 5386 manu
1885 5299 2059 5355 transumptis.

1117 5423 1170 5479 tua
1199 5422 1306 5479 tamen
1332 5415 1520 5494 subscriptis
1541 5431 1575 5476 ac
1596 5415 1689 5492 signo
1711 5415 1862 5489 munitis,

1117 5511 1229 5574 eadem
1251 5525 1384 5588 prorsus
1403 5509 1481 5572 fides
1497 5508 1663 5581 habeatur,
1681 5523 1762 5585 quae
1777 5508 1864 5572 hisce

1116 5603 1235 5665 nostris
1256 5602 1358 5664 literis
1382 5601 1517 5664 ostensis
1539 5600 1725 5662 haberetur.

1155 5696 1270 5757 Datum
1291 5695 1409 5757 Romae
1428 5693 1510 5772 apud
1526 5691 1558 5756 S.
1576 5693 1708 5756 Petrum
1730 5693 1790 5755 sub
1812 5710 1864 5756 an-

1116 5789 1193 5852 nulo
1214 5788 1381 5852 Piscatoris
1401 5787 1452 5849 die
1467 5803 1534 5849 xrx.
1552 5785 1627 5849 maii
1641 5801 1862 5860 uncccxxxv.,

1115 5881 1316 5963 pontificatus
1337 5879 1439 5944 nostri
1460 5895 1543 5943 anuo
1564 5897 1595 5944 v.

1734 6029 1759 6070 17
