4822 6986
120 1261 213 1308 shhes
232 1273 306 1318 gene·

82 1316 144 1361 ratis
161 1327 181 1361 a
196 1322 251 1363 toto
266 1319 307 1363 01-

81 1370 144 1414 dine
155 1370 305 1426 eligendus.

932 573 1109 620 nnseonrds
1130 575 1181 620 PP.
1205 574 1271 620 xvi.

325 695 466 767 mosterii,
484 701 516 757 et
530 695 744 772 reliquorum,
762 694 903 756 nonalia
924 694 1073 756 11111111-
1090 749 1094 758 ,

325 787 470 858 hebitur,
499 803 594 866 qoam
617 787 824 866 prioritatatis
852 787 1019 850 sacerdotii
1043 794 1075 850 11

326 880 544 960 protessianis.

410 1069 489 1131 Gne.
514 1068 563 1130 111.
580 1103 617 1116 -
634 1068 678 1130 De
700 1066 811 1132 abbate
832 1068 986 1149 pectorali.

366 1275 387 1318 r.
412 1257 515 1320 hhhas
539 1256 710 1334 generalis,
734 1271 808 1318 cum
831 1255 928 1318 tetius
951 1253 1076 1316 Ordinis

327 1367 436 1413 curam
466 1351 585 1412 trahere
612 1351 743 1421 debeat,
767 1367 783 1412 a
810 1355 876 1412 toto
898 1347 1016 1412 Ordine
1042 1349 1075 1410 11

326 1445 577 1522 congregatione
600 1444 743 1522 generali
765 1443 934 1520 eligendus
951 1443 1023 1504 erit.
1048 1442 1075 1504 is

326 1545 433 1600 autem
457 1554 496 1600 11
519 1553 633 1600 eorum
656 1553 794 1600 numero
814 1553 884 1598 esse
900 1537 1006 1606 debet,
1021 1537 1076 1614 qui

238 1659 241 1664 ·
327 1633 379 1694 diu
402 1633 435 1694 11
452 1631 570 1694 Ordine
593 1637 625 1693 11
646 1629 848 1692 laudabiliter
864 1629 984 1691 vixisse
1006 1645 1076 1708 per-

326 1726 426 1804 specti
446 1733 537 1800 sunt;
562 1725 612 1786 cui
632 1724 766 1804 proinde
782 1740 841 1786 nec
863 1723 946 1785 desit
960 1723 1077 1785 eximia

327 1821 477 1899 probitas,
492 1835 551 1882 nec
566 1835 655 1881 amor
670 1835 747 1895 erga
759 1815 922 1890 Ordinem,
937 1834 996 1880 neo
1010 1818 1077 1880 ido-

326 1933 385 1977 nea
408 1914 562 1986 doctrina,
580 1929 639 1976 nec
657 1913 693 1974 ad
710 1912 935 1974 sustinendum
953 1917 1076 1973 tantum

328 2025 407 2071 onus
430 2008 527 2070 animi
549 2007 759 2084 corporisque
771 2005 920 2068 firmitas:
947 2007 1000 2083 qui
1024 2006 1076 2068 de-

328 2119 416 2164 11111
440 2101 567 2164 nullum
584 2117 623 2163 ex
639 2101 676 2160 iis
691 2099 930 2178 impedimentis
950 2099 1074 2172 haheat,

326 2212 407 2274 (puae
439 2195 521 2258 inira
553 2210 619 2273 cap.
657 2196 701 2256 Oe
732 2192 936 2280 electionibus
966 2210 1076 2256 recen·

326 2298 450 2353 seritur.

78 2401 307 2502 adibili⁹⁵⁰⁸
367 2403 401 2446 n.
425 2385 506 2448 Cain
529 2399 608 2446 vero
623 2384 773 2445 canonice
797 2383 963 2446 electuset
979 2382 1077 2453 inerit

327 2480 360 2542 in
381 2480 437 2540 sua
460 2479 614 2556 dignitate
637 2478 782 2555 legitime
801 2478 1020 2548 confirmatae,
1045 2492 1077 2537 o-

328 2574 524 2636 mnimodam
554 2577 743 2650 potestatem
775 2571 870 2633 hahet
897 2571 930 2632 11
958 2569 1076 2633 Ordine

328 2675 439 2730 nostro
454 2668 491 2728 ad
507 2681 653 2728 normam
676 2665 809 2742 regulae
831 2671 863 2726 et
877 2664 1077 2726 constitutio-

328 2779 418 2824 num.

367 2855 414 2917 Ad
437 2855 506 2917 eius
527 2854 635 2931 itaque
657 2853 879 2915 auctoritatem
896 2851 1053 2930 pertinet:

388 2949 505 3018 Primo,
530 2962 679 3025 praeesse
701 2946 759 3008 toti
781 2943 902 3016 Ordini‚
922 2945 1078 3022 hegume-

328 3042 387 3114 nis,
412 3040 576 3103 abhatibus
599 3046 631 3101 11
653 3039 816 3102 monachis
838 3038 999 3110 omnihus,
1017 3038 1078 3099 nisi

328 3136 454 3212 nuarndo
476 3135 508 3195 11
531 3135 642 3196 eadem
661 3133 911 3209 congregatione
935 3131 1078 3209 generali

328 3230 367 3290 de
390 3229 489 3306 ipsius
511 3228 601 3290 causi
625 3226 885 3306 pertractandum
907 3226 958 3298 sit,
975 3231 1011 3286 ut
1032 3225 1078 3285 11-

329 3323 375 3384 111
397 3323 433 3383 de
455 3319 704 3402 depositionibus
726 3319 878 3384 abbatam
900 3321 1039 3396 dicetur,

389 3417 547 3488 Secundo,
560 3416 591 3478 in
605 3415 691 3478 omni
704 3417 967 3493 congregatione,
982 3415 1077 3476 etiam

330 3510 484 3588 generali,
502 3509 691 3586 suffragium
708 3508 827 3570 abbatis
851 3507 1010 3585 generalis
1026 3507 1078 3567 ha-

329 3607 383 3667 het
405 3603 659 3683 praerogativam
682 3602 885 3681 praelationis
902 3609 934 3664 11
952 3616 1078 3680 praece-

330 3700 466 3770 dentiae,
490 3698 545 3760 uhi
567 3697 717 3773 suiiregia
738 3696 860 3758 luerint
881 3696 983 3774 paria3

391 3793 513 3864 Tertio,
538 3807 654 3870 perse
683 3791 736 3854 rel
762 3807 819 3869 per
847 3791 945 3852 alium
975 3794 1080 3868 potest

330 3886 512 3965 praesidere
534 3884 683 3946 omnibus
702 3883 1017 3960 congregationibus
1034 3882 1079 3944 ri-

331 3979 761 4049 Ι11111111111111111111111,
775 3984 808 4040 11
819 3978 998 4054 quemlibet
1013 3993 1080 4038 mo-

331 4073 467 4136 nachum
492 4074 531 4134 de
552 4071 715 4150 provincii
737 4073 773 4134 ad
797 4071 1004 4150 provinciam,
1026 4073 1080 4134 vel

332 4169 371 4229 de
392 4167 588 4228 monasterio
610 4167 647 4227 ad
671 4165 903 4227 monasterium
929 4165 1079 4228 transier-

331 4279 378 4333 re‚
404 4261 545 4338 exceptis
564 4259 757 4336 hegumenis
774 4267 806 4321 11
820 4258 995 4332 abbatisse,
1013 4275 1080 4326 om-

331 4355 491 4432 nibusque
503 4353 700 4425 officialibus,
715 4353 814 4430 quiin
830 4352 1080 4430 congregatione

332 4448 475 4526 generali
491 4454 545 4510 aut
560 4447 821 4524 hegumenornm
837 4447 976 4508 instituti
992 4453 1077 4519 sunt,

331 4560 411 4620 quos
433 4544 470 4605 ab
486 4559 551 4604 uno
567 4543 636 4604 leco
658 4541 690 4602 in
706 4541 804 4601 aliurn
824 4540 999 4602 transferre
1015 4557 1078 4602 111

331 4640 450 4720 poterit
465 4637 643 4700 inconsulta
659 4635 909 4712 congregatione
925 4635 1080 4712 hegume-

332 4751 467 4811 norum3

391 4829 524 4904 Quarto,
555 4843 613 4906 per
634 4842 669 4888 se
691 4824 744 4887 rel
766 4840 823 4902 per
852 4825 979 4888 abbates
1008 4842 1080 4904 pro-

331 4926 453 4986 vinciae
482 4929 536 4984 aut
564 4920 836 4982 monasteriorum
869 4920 906 4981 ad
935 4921 1079 4982 habitum

332 5020 477 5098 recipere
499 5022 604 5095 potest
626 5015 680 5092 qui
702 5014 739 5074 ad
767 5013 951 5075 institutum
973 5015 1080 5077 idonei

331 5113 547 5185 ridebuntur3
571 5115 677 5188 potest
698 5108 794 5168 etiam
822 5109 953 5170 eosdem
976 5110 1081 5172 dimit-

333 5217 412 5280 tere,
430 5207 455 5267 si
472 5206 549 5268 lacti
572 5203 759 5282 probatione
782 5202 887 5264 minus
909 5203 1016 5265 idonei
1031 5221 1080 5266 re·

334 5303 416 5382 perti
438 5299 577 5373 luerint;

392 5395 519 5468 Ouinio,
534 5394 570 5454 ah
584 5393 732 5454 onnrihus
748 5391 912 5452 airitatibus
928 5391 997 5452 sive
1010 5407 1081 5470 pre-

333 5485 886 5556 11111111111111111111111111111,
901 5501 1081 5564 eorumque

332 5583 457 5646 vicariis
479 5588 532 5643 aut
553 5579 1081 5659 111111111111111,111111111111·

334 5675 498 5760 iirialihns,
516 5679 622 5752 potest
637 5673 775 5734 rationes
792 5673 936 5752 exigere.
953 5673 1013 5733 sibi
1028 5672 1081 5733 vel

333 5770 401 5830 aliis
424 5769 612 5840 reddendas,
636 5769 675 5828 de
701 5769 872 5829 commisso
895 5767 956 5828 illis
979 5766 1082 5829 officio

333 5871 387 5926 arn
408 5862 567 5940 regimine
591 5867 658 5922 tum
682 5861 836 5937 spirituali
863 5868 928 5920 torn
960 5866 1082 5939 tempo-

334 5957 391 6019 reli
402 5980 410 6032 3

1804 553 1861 616 bes

1192 691 1301 766 Serto,
1326 693 1437 756 audire
1459 697 1565 771 potest
1585 707 1619 753 ac
1641 690 1790 754 decidere
1812 707 1882 752 cau·

1129 803 1178 849 sas
1195 789 1340 850 omniurn
1357 787 1506 849 abbatum
1522 792 1576 848 aut
1590 785 1823 848 monachorum
1844 785 1880 846 ad

1130 897 1164 942 se
1186 882 1417 960 appellantium
1433 897 1449 942 a
1465 879 1651 959 gravamine
1674 880 1880 960 superiorum

1131 975 1182 1038 rel
1205 975 1387 1052 aequalium
1409 975 1462 1038 vel
1484 974 1696 1050 interiorum,

1191 1068 1352 1147 Septimo,
1381 1069 1525 1132 consona
1554 1068 1805 1145 congregatione
1827 1068 1882 1129 he-

1132 1177 1361 1240 gumenorum,
1379 1163 1524 1241 recipere
1546 1167 1651 1241 potest
1672 1161 1710 1224 ad
1728 1159 1880 1224 Ordinem

1132 1272 1244 1320 omnes
1267 1257 1439 1320 monachos
1463 1257 1616 1334 fugitivos
1631 1256 1699 1318 sive
1714 1262 1879 1334 apostatas,

1132 1357 1163 1412 et
1180 1356 1241 1411 tam
1257 1367 1330 1412 eum
1346 1351 1409 1413 illis
1422 1365 1517 1428 quam
1531 1366 1603 1412 cum
1620 1349 1688 1412 aliis
1705 1350 1879 1418 monachis,

1131 1445 1186 1522 qui
1215 1452 1325 1507 contra
1354 1445 1502 1522 reguiam
1534 1445 1603 1506 sive
1636 1445 1881 1506 constitutiones

1132 1554 1337 1616 quocumque
1353 1541 1449 1602 modo
1465 1539 1677 1618 peccaverint,
1701 1538 1882 1602 misericor-

1132 1633 1214 1696 diter
1238 1634 1422 1712 dispensare
1448 1649 1546 1712 super
1568 1632 1789 1712 poenitentiis,
1814 1633 1882 1694 sire

1131 1734 1255 1806 partem
1279 1727 1577 1805 poenitentiaesive
1600 1731 1697 1788 totam
1721 1725 1816 1788 etiam
1833 1743 1882 1788 re-

1132 1821 1300 1893 mittendo,
1325 1827 1422 1899 prout
1443 1821 1480 1884 ad
1503 1835 1618 1883 eorum
1648 1819 1786 1882 salutem
1809 1836 1882 1882 con-

1132 1916 1250 1977 ducere
1261 1914 1439 1978 inhomino
1451 1914 1656 1990 iudicaverit,
1670 1920 1775 1993 potest
1786 1916 1881 1976 etiam

1132 2010 1356 2090 poenitentias,
1375 2025 1456 2086 quae
1478 2009 1515 2071 ad
1537 2008 1783 2071 satisfactionem
1804 2024 1882 2086 quo-

1132 2118 1348 2180 rumcumque
1378 2102 1563 2165 defectuum
1591 2101 1766 2164 convenire
1795 2101 1883 2164 vide-

1132 2197 1265 2268 buntur,
1288 2197 1476 2274 iniungere,
1501 2195 1606 2258 hahita
1628 2195 1752 2258 ratione
1774 2211 1883 2274 perso-

1132 2307 1246 2373 narum
1270 2299 1302 2354 et
1313 2291 1447 2354 aliarum
1463 2291 1789 2360 circumstantiarum,
1808 2306 1882 2368 quar-

1132 2401 1204 2448 rum
1228 2385 1440 2448 consideratio
1462 2385 1530 2446 eius
1555 2385 1687 2457 caritati,
1712 2401 1784 2446 cum
1810 2401 1882 2463 pra-

1132 2479 1239 2542 dentit
1261 2479 1460 2552 coniunctae,
1477 2478 1701 2551 committitur,
1719 2477 1761 2541 ita
1783 2485 1819 2540 ut
1834 2493 1883 2558 re-

1133 2574 1321 2636 ctitudinem
1334 2581 1367 2636 et
1378 2573 1585 2635 severitatem
1598 2587 1671 2634 eum
1684 2572 1882 2649 benignitate

1133 2674 1165 2730 et
1186 2668 1434 2730 mansuetudine
1457 2667 1597 2738 misceat,
1618 2672 1650 2727 et
1671 2682 1709 2727 eo
1732 2666 1828 2728 modo
1848 2682 1882 2726 se

1134 2763 1288 2840 gerendo,
1306 2770 1353 2834 ut,
1372 2762 1467 2823 etiam
1490 2760 1545 2838 qui
1567 2760 1798 2838 corripiuntur,
1824 2760 1883 2820 hoc

1133 2857 1238 2935 ipsum
1261 2871 1436 2933 agnoscere
1452 2854 1608 2932 laterique
1630 2854 1881 2932 compellantur:

1193 2940 1324 3021 Octavo,
1354 2954 1461 3027 potest
1488 2948 1596 3010 locum
1623 2953 1655 3010 et
1683 2961 1796 3009 vocem
1819 2947 1880 3018 his,

1133 3043 1188 3120 qui
1220 3043 1414 3114 amiserunt,
1446 3041 1630 3112 restituere,
1662 3047 1695 3102 11
1726 3040 1883 3103 inhabiles

1133 3136 1301 3198 habilitare
1322 3135 1360 3198 ad
1383 3135 1483 3198 officia
1505 3140 1537 3197 et
1559 3135 1691 3211 gradus,
1716 3135 1777 3196 nisi
1798 3151 1883 3197 eom·

1133 3229 1283 3292 miserint
1304 3229 1383 3291 tales
1412 3229 1538 3307 culpas,
1562 3235 1616 3290 aut
1638 3229 1781 3291 deiectus
1805 3230 1883 3292 tales

1133 3323 1307 3394 haberent,
1340 3337 1479 3400 quorum
1510 3322 1704 3400 dispensatio
1732 3337 1789 3401 per
1810 3340 1883 3385 eon--

1133 3416 1316 3478 stitutiones
1339 3415 1583 3493 congregationi
1609 3415 1752 3492 generali
1774 3423 1807 3478 11
1829 3418 1882 3478 he-

1135 3526 1364 3589 gumenorum,
1382 3517 1436 3572 aut
1458 3525 1515 3588 per
1537 3525 1642 3571 sacros
1657 3525 1795 3571 canones
1812 3511 1883 3589 Epi-

1133 3619 1229 3682 scopo
1244 3604 1298 3666 vel
1320 3603 1590 3666 reverendissimo
1603 3603 1735 3665 domino
1750 3603 1883 3664 Patriar-

1133 3699 1439 3772 mmmmm3

1193 3789 1296 3864 Nono,
1320 3797 1426 3870 potest
1447 3791 1734 3868 congregationem
1751 3807 1883 3868 genera-

1134 3887 1210 3959 lem,
1243 3887 1339 3948 etiam
1368 3893 1442 3948 ante
1471 3885 1705 3964 praescriptum
1734 3891 1881 3964 tempus,

1134 3995 1311 4044 convocare
1334 3995 1373 4042 ex
1400 3981 1492 4041 causi
1517 3979 1715 4064 rationabili,
1739 3979 1791 4041 vei
1815 3988 1885 4057 post

1136 4082 1282 4138 exactum
1305 4073 1482 4136 terminum
1499 4073 1629 4136 differre
1648 4073 1681 4135 11
1704 4073 1789 4136 aliud
1805 4080 1884 4136 tem-

1135 4185 1194 4248 pus
1220 4183 1324 4246 usque
1350 4169 1386 4230 ad
1414 4167 1581 4230 biennium
1610 4168 1663 4229 rel
1693 4167 1882 4240 triennium,

1135 4263 1290 4326 consultis
1313 4269 1420 4325 tamen
1444 4261 1647 4338 hegumenis,
1669 4267 1700 4322 11
1722 4261 1827 4322 habita
1843 4262 1884 4322 11-

1135 4359 1253 4421 cultate
1274 4375 1290 4418 a
1312 4356 1586 4419 reverendissimo
1603 4355 1733 4418 domino
1752 4353 1885 4418 Patriar-

1135 4455 1203 4516 cha.
1227 4453 1307 4515 item
1323 4451 1493 4514 dicendum
1509 4450 1548 4512 de
1563 4449 1815 4528 congregatione
1830 4449 1884 4511 he-

1136 4561 1366 4624 gumenorurn,
1390 4561 1484 4622 quam
1508 4545 1575 4624 ipse
1597 4544 1685 4608 solus
1708 4559 1884 4606 convocare

1136 4647 1251 4719 potest,
1276 4639 1403 4716 quoties
1420 4639 1459 4700 de
1481 4639 1579 4701 rebus
1602 4638 1763 4716 agendum
1786 4643 1835 4698 est
1849 4637 1884 4699 il-

1135 4735 1197 4797 lius
1219 4735 1441 4814 auctoritatem
1466 4733 1683 4810 erigentibus.

1196 4829 1337 4901 Decimo,
1355 4835 1460 4906 potest
1474 4827 1672 4890 constituere
1688 4832 1720 4889 et
1732 4826 1884 4888 111111111-
1904 4840 2047 4942 obilli?
2056 4850 2118 4950 ¹353-

1904 4953 2055 4996 curatorem.

1135 4939 1182 4996 re,
1207 4922 1334 4999 quando
1356 4920 1520 4984 videbitur
1541 4921 1601 4982 sibi
1624 4919 1789 4998 expedire,
1814 4935 1884 4998 pro-

1135 5025 1317 5079 curatorem
1339 5017 1422 5094 apud
1445 5014 1562 5078 Sedom
1589 5007 1803 5094 Apostolicim
1826 5013 1885 5076 iio-

1136 5125 1273 5182 manam,
1297 5116 1329 5171 et
1357 5110 1495 5172 alterum
1524 5110 1606 5188 apud
1635 5109 1744 5171 sedem
1776 5107 1884 5169 11111-

1136 5205 1281 5276 chenam,
1300 5204 1354 5281 qui
1370 5219 1477 5266 causas
1493 5201 1619 5267 Ordinis
1635 5207 1737 5264 nostri
1753 5201 1884 5263 nomine

1136 5299 1235 5378 ipsius
1257 5297 1376 5360 abbatis
1400 5297 1559 5375 generalis
1582 5301 1769 5375 pertractem

1195 5391 1383 5462 Undecima,
1408 5396 1513 5468 potest
1534 5389 1629 5452 etiam
1646 5395 1678 5450 et
1693 5389 1789 5450 debet
1805 5387 1885 5450 vica·
1926 5407 1960 5449 oc
1977 5405 2063 5450 vicani
2079 5413 2119 5468 ge-

1136 5486 1221 5548 rium
1243 5501 1338 5568 suum
1369 5483 1555 5561 generalem
1578 5483 1745 5544 nominare
1776 5489 1808 5544 et
1829 5481 1885 5543 eii·
1905 5457 2118 5558 32¹2{⁵{ffi¹0⁰5ss²,¹⁰'

1138 5595 1230 5656 gere,
1255 5581 1309 5657 qui
1332 5580 1431 5659 ipsius
1454 5597 1471 5641 e
1494 5579 1576 5640 rivis
1600 5577 1703 5656 erepti
1731 5577 1784 5640 rel
1807 5577 1885 5654 legi·

1138 5673 1215 5735 time
1236 5673 1382 5751 impediti
1410 5673 1495 5734 vices
1519 5677 1623 5747 gerat,
1655 5677 1724 5733 inm
1747 5671 1779 5733 11
1801 5670 1885 5748 regi-

1137 5767 1224 5828 mine
1241 5767 1338 5827 lotias
1350 5766 1485 5836 Ordinis,
1502 5771 1568 5826 tum
1585 5764 1885 5844 incongregatione

1137 5861 1410 5938 hegumenorum,
1424 5865 1478 5920 aut
1493 5857 1588 5920 etiam
1609 5859 1763 5936 generali,
1782 5875 1885 5937 usque

1136 5956 1173 6017 ad
1195 5954 1271 6016 novi
1293 5953 1411 6016 abbatis
1434 5952 1642 6015 eiectionem:
1668 5953 1694 6013 is
1716 5959 1823 6016 autem
1840 5954 1885 6014 vi-
