<?xml version="1.0" encoding="UTF-8"?>
<!DOCTYPE html PUBLIC "-//W3C//DTD XHTML 1.0 Transitional//EN"
    "http://www.w3.org/TR/xhtml1/DTD/xhtml1-transitional.dtd">
<html xmlns="http://www.w3.org/1999/xhtml" xml:lang="en" lang="en">
 <head>
  <title>
</title>
<meta http-equiv="Content-Type" content="text/html;charset=utf-8" />
  <meta name='ocr-system' content='tesseract 3.04.00' />
  <meta name='ocr-capabilities' content='ocr_page ocr_carea ocr_par ocr_line ocrx_word'/>
</head>
<body>
  <div class='ocr_page' id='page_1' title='image "./iurispontificii01martgoog_0203.png"; bbox 0 0 4788 6980; ppageno 0'>
   <div class='ocr_carea' id='block_1_1' title="bbox 882 591 1810 830">
    <p class='ocr_par' dir='ltr' id='par_1_1' title="bbox 882 591 1810 830">
     <span class='ocr_line' id='line_1_1' title="bbox 882 591 1217 637; baseline 0 -1"><span class='ocrx_word' id='word_1_1' title='bbox 882 591 1056 636; x_wconf 83' lang='lat' dir='ltr'>oaaoomos</span> <span class='ocrx_word' id='word_1_2' title='bbox 1078 591 1127 636; x_wconf 77' lang='lat' dir='ltr'>aa.</span> <span class='ocrx_word' id='word_1_3' title='bbox 1153 593 1217 637; x_wconf 81' lang='lat' dir='ltr'>xvi.</span> 
     </span>
     <span class='ocr_line' id='line_1_2' title="bbox 1048 701 1810 830; baseline -0.003 -62"><span class='ocrx_word' id='word_1_4' title='bbox 1048 721 1052 830; x_wconf 65' lang='grc' dir='ltr'>Ι</span> <span class='ocrx_word' id='word_1_5' title='bbox 1089 703 1164 771; x_wconf 76' lang='lat' dir='ltr'>ven.</span> <span class='ocrx_word' id='word_1_6' title='bbox 1188 705 1274 771; x_wconf 85' lang='lat' dir='ltr'>fratri</span> <span class='ocrx_word' id='word_1_7' title='bbox 1299 705 1392 780; x_wconf 81' lang='lat' dir='ltr'>Paulo</span> <span class='ocrx_word' id='word_1_8' title='bbox 1415 704 1547 771; x_wconf 79' lang='lat' dir='ltr'>Marmei</span> <span class='ocrx_word' id='word_1_9' title='bbox 1572 701 1810 785; x_wconf 77' lang='lat' dir='ltr'>trebiepisoopo</span> 
     </span>
    </p>
   </div>
   <div class='ocr_carea' id='block_1_2' title="bbox 272 707 1024 5130">
    <p class='ocr_par' dir='ltr' id='par_1_2' title="bbox 272 707 1024 4864">
     <span class='ocr_line' id='line_1_3' title="bbox 277 707 1023 787; baseline -0.003 -19"><span class='ocrx_word' id='word_1_10' title='bbox 277 715 444 786; x_wconf 81' lang='lat' dir='ltr'><strong>postquam</strong></span> <span class='ocrx_word' id='word_1_11' title='bbox 466 708 499 770; x_wconf 94' lang='lat' dir='ltr'>in</span> <span class='ocrx_word' id='word_1_12' title='bbox 521 707 587 770; x_wconf 91' lang='lat' dir='ltr'>vim</span> <span class='ocrx_word' id='word_1_13' title='bbox 620 707 811 787; x_wconf 85' lang='lat' dir='ltr'>provisionis</span> <span class='ocrx_word' id='word_1_14' title='bbox 842 714 875 768; x_wconf 92' lang='lat' dir='ltr'>et</span> <span class='ocrx_word' id='word_1_15' title='bbox 902 707 1023 784; x_wconf 91' lang='lat' dir='ltr'>praefe-</span> 
     </span>
     <span class='ocr_line' id='line_1_4' title="bbox 276 800 1022 879; baseline -0.003 -17"><span class='ocrx_word' id='word_1_16' title='bbox 276 801 390 863; x_wconf 88' lang='lat' dir='ltr'>ctionis</span> <span class='ocrx_word' id='word_1_17' title='bbox 419 801 631 879; x_wconf 89' lang='lat' dir='ltr'>praefatarum</span> <span class='ocrx_word' id='word_1_18' title='bbox 661 801 820 878; x_wconf 78' lang='lat' dir='ltr'>pacificam</span> <span class='ocrx_word' id='word_1_19' title='bbox 851 800 1022 878; x_wconf 89' lang='lat' dir='ltr'>possessio-</span> 
     </span>
     <span class='ocr_line' id='line_1_5' title="bbox 278 891 1022 972; baseline -0.004 -17"><span class='ocrx_word' id='word_1_20' title='bbox 278 911 352 956; x_wconf 94' lang='lat' dir='ltr'>nem</span> <span class='ocrx_word' id='word_1_21' title='bbox 371 911 429 956; x_wconf 92' lang='lat' dir='ltr'>seu</span> <span class='ocrx_word' id='word_1_22' title='bbox 450 891 539 972; x_wconf 91' lang='lat' dir='ltr'>quasi</span> <span class='ocrx_word' id='word_1_23' title='bbox 562 895 710 972; x_wconf 90' lang='lat' dir='ltr'>regimen</span> <span class='ocrx_word' id='word_1_24' title='bbox 732 901 764 956; x_wconf 90' lang='lat' dir='ltr'>et</span> <span class='ocrx_word' id='word_1_25' title='bbox 778 894 1022 956; x_wconf 88' lang='lat' dir='ltr'>administratio-</span> 
     </span>
     <span class='ocr_line' id='line_1_6' title="bbox 278 985 1022 1066; baseline -0.003 -19"><span class='ocrx_word' id='word_1_26' title='bbox 278 1003 352 1048; x_wconf 91' lang='lat' dir='ltr'>nem</span> <span class='ocrx_word' id='word_1_27' title='bbox 374 988 551 1065; x_wconf 72' lang='lat' dir='ltr'>praedictae</span> <span class='ocrx_word' id='word_1_28' title='bbox 570 987 786 1066; x_wconf 85' lang='lat' dir='ltr'>patriarchalis</span> <span class='ocrx_word' id='word_1_29' title='bbox 801 985 1022 1048; x_wconf 83' lang='lat' dir='ltr'>Constantino-</span> 
     </span>
     <span class='ocr_line' id='line_1_7' title="bbox 279 1080 1024 1156; baseline -0.001 -16"><span class='ocrx_word' id='word_1_30' title='bbox 279 1080 433 1156; x_wconf 91' lang='lat' dir='ltr'>politanae</span> <span class='ocrx_word' id='word_1_31' title='bbox 447 1087 610 1142; x_wconf 92' lang='lat' dir='ltr'>assecutus</span> <span class='ocrx_word' id='word_1_32' title='bbox 626 1081 736 1151; x_wconf 88' lang='lat' dir='ltr'>fueris,</span> <span class='ocrx_word' id='word_1_33' title='bbox 757 1080 975 1142; x_wconf 86' lang='lat' dir='ltr'>canonicatum</span> <span class='ocrx_word' id='word_1_34' title='bbox 992 1086 1024 1139; x_wconf 87' lang='lat' dir='ltr'>et</span> 
     </span>
     <span class='ocr_line' id='line_1_8' title="bbox 277 1170 1022 1248; baseline 0 -18"><span class='ocrx_word' id='word_1_35' title='bbox 277 1172 489 1248; x_wconf 91' lang='lat' dir='ltr'>praebendam</span> <span class='ocrx_word' id='word_1_36' title='bbox 512 1172 612 1234; x_wconf 88' lang='lat' dir='ltr'>dictae</span> <span class='ocrx_word' id='word_1_37' title='bbox 634 1173 783 1234; x_wconf 80' lang='lat' dir='ltr'>Basilicas</span> <span class='ocrx_word' id='word_1_38' title='bbox 807 1170 937 1233; x_wconf 79' lang='lat' dir='ltr'>Sanctae</span> <span class='ocrx_word' id='word_1_39' title='bbox 963 1171 1022 1231; x_wconf 88' lang='lat' dir='ltr'>Ma-</span> 
     </span>
     <span class='ocr_line' id='line_1_9' title="bbox 277 1264 1022 1342; baseline 0 -19"><span class='ocrx_word' id='word_1_40' title='bbox 277 1265 341 1325; x_wconf 89' lang='lat' dir='ltr'>riae</span> <span class='ocrx_word' id='word_1_41' title='bbox 354 1264 478 1326; x_wconf 89' lang='lat' dir='ltr'>llaioris</span> <span class='ocrx_word' id='word_1_42' title='bbox 495 1265 533 1326; x_wconf 92' lang='lat' dir='ltr'>de</span> <span class='ocrx_word' id='word_1_43' title='bbox 549 1266 629 1326; x_wconf 89' lang='lat' dir='ltr'>urbe</span> <span class='ocrx_word' id='word_1_44' title='bbox 645 1281 725 1342; x_wconf 92' lang='lat' dir='ltr'>quos</span> <span class='ocrx_word' id='word_1_45' title='bbox 740 1271 776 1326; x_wconf 93' lang='lat' dir='ltr'>ut</span> <span class='ocrx_word' id='word_1_46' title='bbox 791 1265 969 1342; x_wconf 88' lang='lat' dir='ltr'>accepimus</span> <span class='ocrx_word' id='word_1_47' title='bbox 985 1264 1022 1324; x_wconf 94' lang='lat' dir='ltr'>ad</span> 
     </span>
     <span class='ocr_line' id='line_1_10' title="bbox 277 1357 1022 1433; baseline 0 -17"><span class='ocrx_word' id='word_1_48' title='bbox 277 1372 427 1433; x_wconf 85' lang='lat' dir='ltr'>praesens</span> <span class='ocrx_word' id='word_1_49' title='bbox 449 1357 585 1430; x_wconf 86' lang='lat' dir='ltr'>obtines,</span> <span class='ocrx_word' id='word_1_50' title='bbox 610 1374 668 1420; x_wconf 91' lang='lat' dir='ltr'>nec</span> <span class='ocrx_word' id='word_1_51' title='bbox 691 1374 756 1419; x_wconf 93' lang='lat' dir='ltr'>non</span> <span class='ocrx_word' id='word_1_52' title='bbox 779 1357 884 1419; x_wconf 90' lang='lat' dir='ltr'>omnia</span> <span class='ocrx_word' id='word_1_53' title='bbox 907 1363 939 1418; x_wconf 92' lang='lat' dir='ltr'>et</span> <span class='ocrx_word' id='word_1_54' title='bbox 959 1357 1022 1416; x_wconf 92' lang='lat' dir='ltr'>sin-</span> 
     </span>
     <span class='ocr_line' id='line_1_11' title="bbox 277 1450 1021 1528; baseline 0 -18"><span class='ocrx_word' id='word_1_55' title='bbox 277 1450 350 1525; x_wconf 89' lang='lat' dir='ltr'>gula</span> <span class='ocrx_word' id='word_1_56' title='bbox 369 1457 522 1528; x_wconf 91' lang='lat' dir='ltr'>perpetua</span> <span class='ocrx_word' id='word_1_57' title='bbox 536 1451 691 1528; x_wconf 89' lang='lat' dir='ltr'>simplicia</span> <span class='ocrx_word' id='word_1_58' title='bbox 707 1457 739 1512; x_wconf 92' lang='lat' dir='ltr'>et</span> <span class='ocrx_word' id='word_1_59' title='bbox 754 1450 956 1528; x_wconf 88' lang='lat' dir='ltr'>personalem</span> <span class='ocrx_word' id='word_1_60' title='bbox 972 1465 1021 1510; x_wconf 91' lang='lat' dir='ltr'>re-</span> 
     </span>
     <span class='ocr_line' id='line_1_12' title="bbox 276 1542 1021 1620; baseline 0.001 -18"><span class='ocrx_word' id='word_1_61' title='bbox 276 1542 443 1604; x_wconf 91' lang='lat' dir='ltr'>sidentiam</span> <span class='ocrx_word' id='word_1_62' title='bbox 472 1559 537 1604; x_wconf 92' lang='lat' dir='ltr'>non</span> <span class='ocrx_word' id='word_1_63' title='bbox 566 1543 944 1620; x_wconf 77' lang='lat' dir='ltr'>requirentia&#39;beneficia</span> <span class='ocrx_word' id='word_1_64' title='bbox 973 1558 1021 1603; x_wconf 88' lang='lat' dir='ltr'>ec-</span> 
     </span>
     <span class='ocr_line' id='line_1_13' title="bbox 275 1635 1022 1713; baseline 0.001 -18"><span class='ocrx_word' id='word_1_65' title='bbox 275 1635 457 1706; x_wconf 87' lang='lat' dir='ltr'>clesiastica,</span> <span class='ocrx_word' id='word_1_66' title='bbox 489 1642 707 1712; x_wconf 90' lang='lat' dir='ltr'>quotcumque</span> <span class='ocrx_word' id='word_1_67' title='bbox 739 1651 961 1713; x_wconf 90' lang='lat' dir='ltr'>quaecumque</span> <span class='ocrx_word' id='word_1_68' title='bbox 989 1641 1022 1696; x_wconf 90' lang='lat' dir='ltr'>et</span> 
     </span>
     <span class='ocr_line' id='line_1_14' title="bbox 276 1727 1020 1809; baseline -0.003 -21"><span class='ocrx_word' id='word_1_69' title='bbox 276 1727 519 1809; x_wconf 83' lang='lat' dir='ltr'>qualiacumque</span> <span class='ocrx_word' id='word_1_70' title='bbox 533 1728 607 1800; x_wconf 90' lang='lat' dir='ltr'>sint,</span> <span class='ocrx_word' id='word_1_71' title='bbox 622 1744 703 1805; x_wconf 92' lang='lat' dir='ltr'>quae</span> <span class='ocrx_word' id='word_1_72' title='bbox 717 1735 754 1790; x_wconf 93' lang='lat' dir='ltr'>ut</span> <span class='ocrx_word' id='word_1_73' title='bbox 770 1729 888 1806; x_wconf 90' lang='lat' dir='ltr'>pariter</span> <span class='ocrx_word' id='word_1_74' title='bbox 903 1728 1020 1804; x_wconf 86' lang='lat' dir='ltr'>accepi·</span> 
     </span>
     <span class='ocr_line' id='line_1_15' title="bbox 276 1821 1020 1898; baseline 0 -17"><span class='ocrx_word' id='word_1_75' title='bbox 276 1837 347 1881; x_wconf 90' lang='lat' dir='ltr'>mus</span> <span class='ocrx_word' id='word_1_76' title='bbox 369 1821 406 1882; x_wconf 90' lang='lat' dir='ltr'>ad</span> <span class='ocrx_word' id='word_1_77' title='bbox 428 1837 578 1898; x_wconf 88' lang='lat' dir='ltr'>praesens</span> <span class='ocrx_word' id='word_1_78' title='bbox 601 1821 737 1894; x_wconf 69' lang='lat' dir='ltr'>obtines</span> <span class='ocrx_word' id='word_1_79' title='bbox 755 1837 893 1884; x_wconf 92' lang='lat' dir='ltr'>necnon</span> <span class='ocrx_word' id='word_1_80' title='bbox 909 1837 1020 1882; x_wconf 91' lang='lat' dir='ltr'>omnes</span> 
     </span>
     <span class='ocr_line' id='line_1_16' title="bbox 276 1915 1020 1994; baseline -0.003 -18"><span class='ocrx_word' id='word_1_81' title='bbox 276 1921 307 1976; x_wconf 92' lang='lat' dir='ltr'>et</span> <span class='ocrx_word' id='word_1_82' title='bbox 327 1915 469 1992; x_wconf 90' lang='lat' dir='ltr'>singulas</span> <span class='ocrx_word' id='word_1_83' title='bbox 491 1917 662 1993; x_wconf 89' lang='lat' dir='ltr'>pensiones</span> <span class='ocrx_word' id='word_1_84' title='bbox 681 1916 907 1978; x_wconf 88' lang='lat' dir='ltr'>ecclesiasticas</span> <span class='ocrx_word' id='word_1_85' title='bbox 923 1931 1020 1994; x_wconf 90' lang='lat' dir='ltr'>super</span> 
     </span>
     <span class='ocr_line' id='line_1_17' title="bbox 275 2008 1019 2087; baseline 0 -19"><span class='ocrx_word' id='word_1_86' title='bbox 275 2008 441 2083; x_wconf 82' lang='lat' dir='ltr'>quibusvis</span> <span class='ocrx_word' id='word_1_87' title='bbox 463 2009 620 2070; x_wconf 90' lang='lat' dir='ltr'>fructibus</span> <span class='ocrx_word' id='word_1_88' title='bbox 642 2009 820 2071; x_wconf 78' lang='lat' dir='ltr'>redditibus</span> <span class='ocrx_word' id='word_1_89' title='bbox 836 2015 868 2070; x_wconf 93' lang='lat' dir='ltr'>et</span> <span class='ocrx_word' id='word_1_90' title='bbox 884 2023 1019 2087; x_wconf 91' lang='lat' dir='ltr'>proven-</span> 
     </span>
     <span class='ocr_line' id='line_1_18' title="bbox 275 2099 1020 2178; baseline 0.003 -19"><span class='ocrx_word' id='word_1_91' title='bbox 275 2099 359 2160; x_wconf 83' lang='lat' dir='ltr'>tibus</span> <span class='ocrx_word' id='word_1_92' title='bbox 381 2100 601 2162; x_wconf 88' lang='lat' dir='ltr'>ecclesiasticis</span> <span class='ocrx_word' id='word_1_93' title='bbox 623 2101 793 2178; x_wconf 90' lang='lat' dir='ltr'>apostolica</span> <span class='ocrx_word' id='word_1_94' title='bbox 813 2101 869 2163; x_wconf 91' lang='lat' dir='ltr'>tibi</span> <span class='ocrx_word' id='word_1_95' title='bbox 885 2101 1020 2162; x_wconf 91' lang='lat' dir='ltr'>auctori-</span> 
     </span>
     <span class='ocr_line' id='line_1_19' title="bbox 276 2197 1020 2271; baseline 0.003 -19"><span class='ocrx_word' id='word_1_96' title='bbox 276 2199 337 2252; x_wconf 91' lang='lat' dir='ltr'>tate</span> <span class='ocrx_word' id='word_1_97' title='bbox 359 2199 537 2253; x_wconf 86' lang='lat' dir='ltr'>reservatas</span> <span class='ocrx_word' id='word_1_98' title='bbox 560 2200 592 2254; x_wconf 90' lang='lat' dir='ltr'>et</span> <span class='ocrx_word' id='word_1_99' title='bbox 613 2197 797 2270; x_wconf 76' lang='lat' dir='ltr'>assignatae,</span> <span class='ocrx_word' id='word_1_100' title='bbox 816 2209 896 2270; x_wconf 91' lang='lat' dir='ltr'>quos</span> <span class='ocrx_word' id='word_1_101' title='bbox 918 2199 955 2254; x_wconf 90' lang='lat' dir='ltr'>ut</span> <span class='ocrx_word' id='word_1_102' title='bbox 970 2209 1020 2271; x_wconf 92' lang='lat' dir='ltr'>pa-</span> 
     </span>
     <span class='ocr_line' id='line_1_20' title="bbox 275 2285 1020 2364; baseline 0.003 -20"><span class='ocrx_word' id='word_1_103' title='bbox 275 2285 353 2345; x_wconf 90' lang='lat' dir='ltr'>riter</span> <span class='ocrx_word' id='word_1_104' title='bbox 384 2286 563 2362; x_wconf 87' lang='lat' dir='ltr'>accepimus</span> <span class='ocrx_word' id='word_1_105' title='bbox 595 2287 757 2348; x_wconf 89' lang='lat' dir='ltr'>annuatim</span> <span class='ocrx_word' id='word_1_106' title='bbox 787 2287 934 2364; x_wconf 84' lang='lat' dir='ltr'>percipis,</span> <span class='ocrx_word' id='word_1_107' title='bbox 957 2301 1020 2346; x_wconf 93' lang='lat' dir='ltr'>una</span> 
     </span>
     <span class='ocr_line' id='line_1_21' title="bbox 274 2377 1020 2456; baseline 0.003 -19"><span class='ocrx_word' id='word_1_108' title='bbox 274 2393 346 2438; x_wconf 93' lang='lat' dir='ltr'>cum</span> <span class='ocrx_word' id='word_1_109' title='bbox 375 2377 513 2454; x_wconf 90' lang='lat' dir='ltr'>praefata</span> <span class='ocrx_word' id='word_1_110' title='bbox 545 2379 744 2456; x_wconf 89' lang='lat' dir='ltr'>patriarchali</span> <span class='ocrx_word' id='word_1_111' title='bbox 777 2379 908 2440; x_wconf 90' lang='lat' dir='ltr'>ecclesia</span> <span class='ocrx_word' id='word_1_112' title='bbox 940 2377 1020 2440; x_wconf 88' lang='lat' dir='ltr'>Con-</span> 
     </span>
     <span class='ocr_line' id='line_1_22' title="bbox 273 2469 1017 2549; baseline 0.004 -20"><span class='ocrx_word' id='word_1_113' title='bbox 273 2469 559 2548; x_wconf 86' lang='lat' dir='ltr'>stantinopolitan.,</span> <span class='ocrx_word' id='word_1_114' title='bbox 583 2473 734 2548; x_wconf 90' lang='lat' dir='ltr'>quamdiu</span> <span class='ocrx_word' id='word_1_115' title='bbox 757 2472 802 2533; x_wconf 94' lang='lat' dir='ltr'>illi</span> <span class='ocrx_word' id='word_1_116' title='bbox 830 2471 1017 2549; x_wconf 89' lang='lat' dir='ltr'>praefueris,</span> 
     </span>
     <span class='ocr_line' id='line_1_23' title="bbox 273 2563 1019 2642; baseline 0 -17"><span class='ocrx_word' id='word_1_117' title='bbox 273 2570 311 2625; x_wconf 91' lang='lat' dir='ltr'>ut</span> <span class='ocrx_word' id='word_1_118' title='bbox 331 2563 418 2640; x_wconf 94' lang='lat' dir='ltr'>prius</span> <span class='ocrx_word' id='word_1_119' title='bbox 441 2565 594 2639; x_wconf 90' lang='lat' dir='ltr'>quoadvis</span> <span class='ocrx_word' id='word_1_120' title='bbox 621 2563 763 2626; x_wconf 89' lang='lat' dir='ltr'>retinere</span> <span class='ocrx_word' id='word_1_121' title='bbox 785 2582 818 2626; x_wconf 90' lang='lat' dir='ltr'>ac</span> <span class='ocrx_word' id='word_1_122' title='bbox 840 2565 1019 2642; x_wconf 85' lang='lat' dir='ltr'>respective</span> 
     </span>
     <span class='ocr_line' id='line_1_24' title="bbox 274 2656 1019 2734; baseline -0.003 -16"><span class='ocrx_word' id='word_1_123' title='bbox 274 2657 450 2734; x_wconf 87' lang='lat' dir='ltr'>percipere,</span> <span class='ocrx_word' id='word_1_124' title='bbox 469 2657 612 2732; x_wconf 88' lang='lat' dir='ltr'>exigere,</span> <span class='ocrx_word' id='word_1_125' title='bbox 629 2656 738 2718; x_wconf 90' lang='lat' dir='ltr'>levare</span> <span class='ocrx_word' id='word_1_126' title='bbox 754 2657 833 2718; x_wconf 92' lang='lat' dir='ltr'>etin</span> <span class='ocrx_word' id='word_1_127' title='bbox 856 2665 927 2718; x_wconf 92' lang='lat' dir='ltr'>tuos</span> <span class='ocrx_word' id='word_1_128' title='bbox 941 2673 1019 2717; x_wconf 91' lang='lat' dir='ltr'>usus</span> 
     </span>
     <span class='ocr_line' id='line_1_25' title="bbox 274 2749 1019 2811; baseline 0 -1"><span class='ocrx_word' id='word_1_129' title='bbox 274 2755 306 2810; x_wconf 91' lang='lat' dir='ltr'>et</span> <span class='ocrx_word' id='word_1_130' title='bbox 325 2749 497 2810; x_wconf 90' lang='lat' dir='ltr'>utilitatem</span> <span class='ocrx_word' id='word_1_131' title='bbox 530 2755 721 2810; x_wconf 87' lang='lat' dir='ltr'>convertere</span> <span class='ocrx_word' id='word_1_132' title='bbox 750 2749 852 2811; x_wconf 91' lang='lat' dir='ltr'>libere</span> <span class='ocrx_word' id='word_1_133' title='bbox 881 2757 912 2810; x_wconf 91' lang='lat' dir='ltr'>et</span> <span class='ocrx_word' id='word_1_134' title='bbox 934 2749 1019 2810; x_wconf 90' lang='lat' dir='ltr'>licite</span> 
     </span>
     <span class='ocr_line' id='line_1_26' title="bbox 273 2841 1019 2913; baseline 0.003 -13"><span class='ocrx_word' id='word_1_135' title='bbox 273 2842 389 2913; x_wconf 92' lang='lat' dir='ltr'>valeas,</span> <span class='ocrx_word' id='word_1_136' title='bbox 406 2841 688 2903; x_wconf 90' lang='lat' dir='ltr'>constitutionibus</span> <span class='ocrx_word' id='word_1_137' title='bbox 712 2849 744 2904; x_wconf 90' lang='lat' dir='ltr'>et</span> <span class='ocrx_word' id='word_1_138' title='bbox 765 2842 1019 2904; x_wconf 90' lang='lat' dir='ltr'>ordinationibus</span> 
     </span>
     <span class='ocr_line' id='line_1_27' title="bbox 273 2934 1019 3011; baseline 0.003 -18"><span class='ocrx_word' id='word_1_139' title='bbox 273 2934 453 3010; x_wconf 91' lang='lat' dir='ltr'>apostolicis</span> <span class='ocrx_word' id='word_1_140' title='bbox 479 2934 646 3009; x_wconf 88' lang='lat' dir='ltr'>dictaeque</span> <span class='ocrx_word' id='word_1_141' title='bbox 675 2935 891 3011; x_wconf 85' lang='lat' dir='ltr'>patriarchalis</span> <span class='ocrx_word' id='word_1_142' title='bbox 921 2935 1019 2996; x_wconf 87' lang='lat' dir='ltr'>eccle-</span> 
     </span>
     <span class='ocr_line' id='line_1_28' title="bbox 273 3025 1017 3104; baseline 0.005 -19"><span class='ocrx_word' id='word_1_143' title='bbox 273 3026 337 3086; x_wconf 89' lang='lat' dir='ltr'>siae</span> <span class='ocrx_word' id='word_1_144' title='bbox 368 3025 710 3104; x_wconf 90' lang='lat' dir='ltr'>Constantinopolitan.</span> <span class='ocrx_word' id='word_1_145' title='bbox 738 3033 798 3089; x_wconf 89' lang='lat' dir='ltr'>etc.</span> <span class='ocrx_word' id='word_1_146' title='bbox 826 3027 1017 3098; x_wconf 89' lang='lat' dir='ltr'>iuramento,</span> 
     </span>
     <span class='ocr_line' id='line_1_29' title="bbox 273 3119 1019 3196; baseline 0 -16"><span class='ocrx_word' id='word_1_147' title='bbox 273 3119 517 3180; x_wconf 87' lang='lat' dir='ltr'>confirmatione</span> <span class='ocrx_word' id='word_1_148' title='bbox 538 3119 708 3196; x_wconf 88' lang='lat' dir='ltr'>apostolica</span> <span class='ocrx_word' id='word_1_149' title='bbox 727 3120 779 3180; x_wconf 93' lang='lat' dir='ltr'>vel</span> <span class='ocrx_word' id='word_1_150' title='bbox 795 3121 905 3196; x_wconf 91' lang='lat' dir='ltr'>quavis</span> <span class='ocrx_word' id='word_1_151' title='bbox 921 3120 1019 3180; x_wconf 88' lang='lat' dir='ltr'>firmi-</span> 
     </span>
     <span class='ocr_line' id='line_1_30' title="bbox 273 3211 1019 3274; baseline 0 -2"><span class='ocrx_word' id='word_1_152' title='bbox 273 3217 337 3272; x_wconf 86' lang='lat' dir='ltr'>tate</span> <span class='ocrx_word' id='word_1_153' title='bbox 357 3211 416 3272; x_wconf 91' lang='lat' dir='ltr'>alia</span> <span class='ocrx_word' id='word_1_154' title='bbox 438 3211 594 3272; x_wconf 91' lang='lat' dir='ltr'>roboratis</span> <span class='ocrx_word' id='word_1_155' title='bbox 616 3211 741 3272; x_wconf 88' lang='lat' dir='ltr'>statutis</span> <span class='ocrx_word' id='word_1_156' title='bbox 764 3219 795 3272; x_wconf 90' lang='lat' dir='ltr'>et</span> <span class='ocrx_word' id='word_1_157' title='bbox 816 3213 1019 3274; x_wconf 89' lang='lat' dir='ltr'>consuetudi-</span> 
     </span>
     <span class='ocr_line' id='line_1_31' title="bbox 274 3303 1018 3382; baseline 0.004 -18"><span class='ocrx_word' id='word_1_158' title='bbox 274 3303 367 3365; x_wconf 90' lang='lat' dir='ltr'>nibus</span> <span class='ocrx_word' id='word_1_159' title='bbox 402 3304 582 3380; x_wconf 90' lang='lat' dir='ltr'>ceterisque</span> <span class='ocrx_word' id='word_1_160' title='bbox 618 3305 785 3365; x_wconf 90' lang='lat' dir='ltr'>contrariis</span> <span class='ocrx_word' id='word_1_161' title='bbox 818 3320 1018 3382; x_wconf 88' lang='lat' dir='ltr'>nequaquam</span> 
     </span>
     <span class='ocr_line' id='line_1_32' title="bbox 274 3396 1019 3474; baseline 0.004 -17"><span class='ocrx_word' id='word_1_162' title='bbox 274 3396 423 3467; x_wconf 80' lang='lat' dir='ltr'>obstant,</span> <span class='ocrx_word' id='word_1_163' title='bbox 457 3401 570 3457; x_wconf 93' lang='lat' dir='ltr'>tenore</span> <span class='ocrx_word' id='word_1_164' title='bbox 593 3396 808 3474; x_wconf 90' lang='lat' dir='ltr'>praesentium</span> <span class='ocrx_word' id='word_1_165' title='bbox 831 3398 870 3458; x_wconf 90' lang='lat' dir='ltr'>de</span> <span class='ocrx_word' id='word_1_166' title='bbox 892 3398 1019 3474; x_wconf 90' lang='lat' dir='ltr'>speciali</span> 
     </span>
     <span class='ocr_line' id='line_1_33' title="bbox 273 3489 1019 3566; baseline 0.001 -15"><span class='ocrx_word' id='word_1_167' title='bbox 273 3491 357 3551; x_wconf 93' lang='lat' dir='ltr'>dono</span> <span class='ocrx_word' id='word_1_168' title='bbox 389 3489 508 3566; x_wconf 92' lang='lat' dir='ltr'>gratiae</span> <span class='ocrx_word' id='word_1_169' title='bbox 540 3489 772 3566; x_wconf 86' lang='lat' dir='ltr'>dispensamus.</span> <span class='ocrx_word' id='word_1_170' title='bbox 803 3489 1019 3552; x_wconf 86' lang='lat' dir='ltr'>Decernentes</span> 
     </span>
     <span class='ocr_line' id='line_1_34' title="bbox 272 3583 1020 3661; baseline 0.003 -16"><span class='ocrx_word' id='word_1_171' title='bbox 272 3583 492 3646; x_wconf 87' lang='lat' dir='ltr'>canonicatum</span> <span class='ocrx_word' id='word_1_172' title='bbox 515 3589 547 3643; x_wconf 91' lang='lat' dir='ltr'>et</span> <span class='ocrx_word' id='word_1_173' title='bbox 569 3583 782 3661; x_wconf 89' lang='lat' dir='ltr'>praebendam</span> <span class='ocrx_word' id='word_1_174' title='bbox 808 3584 964 3661; x_wconf 89' lang='lat' dir='ltr'>praefatos</span> <span class='ocrx_word' id='word_1_175' title='bbox 986 3602 1020 3647; x_wconf 92' lang='lat' dir='ltr'>ac</span> 
     </span>
     <span class='ocr_line' id='line_1_35' title="bbox 273 3675 1019 3754; baseline 0.001 -17"><span class='ocrx_word' id='word_1_176' title='bbox 273 3675 426 3737; x_wconf 89' lang='lat' dir='ltr'>beneficia</span> <span class='ocrx_word' id='word_1_177' title='bbox 449 3676 606 3751; x_wconf 90' lang='lat' dir='ltr'>praedicta</span> <span class='ocrx_word' id='word_1_178' title='bbox 622 3676 755 3737; x_wconf 90' lang='lat' dir='ltr'>minime</span> <span class='ocrx_word' id='word_1_179' title='bbox 770 3689 881 3738; x_wconf 90' lang='lat' dir='ltr'>vacare</span> <span class='ocrx_word' id='word_1_180' title='bbox 897 3684 929 3738; x_wconf 93' lang='lat' dir='ltr'>et</span> <span class='ocrx_word' id='word_1_181' title='bbox 944 3693 1019 3754; x_wconf 93' lang='lat' dir='ltr'>pen-</span> 
     </span>
     <span class='ocr_line' id='line_1_36' title="bbox 273 3767 1020 3846; baseline 0.005 -18"><span class='ocrx_word' id='word_1_182' title='bbox 273 3769 380 3830; x_wconf 87' lang='lat' dir='ltr'>siones</span> <span class='ocrx_word' id='word_1_183' title='bbox 401 3767 588 3830; x_wconf 90' lang='lat' dir='ltr'>huiusmodi</span> <span class='ocrx_word' id='word_1_184' title='bbox 609 3769 743 3830; x_wconf 92' lang='lat' dir='ltr'>minime</span> <span class='ocrx_word' id='word_1_185' title='bbox 768 3785 892 3831; x_wconf 90' lang='lat' dir='ltr'>cessare</span> <span class='ocrx_word' id='word_1_186' title='bbox 914 3785 1020 3846; x_wconf 90' lang='lat' dir='ltr'>neque</span> 
     </span>
     <span class='ocr_line' id='line_1_37' title="bbox 274 3861 1019 3938; baseline 0.004 -17"><span class='ocrx_word' id='word_1_187' title='bbox 274 3861 428 3922; x_wconf 88' lang='lat' dir='ltr'>extinctas</span> <span class='ocrx_word' id='word_1_188' title='bbox 451 3877 532 3934; x_wconf 91' lang='lat' dir='ltr'>esse,</span> <span class='ocrx_word' id='word_1_189' title='bbox 553 3861 609 3922; x_wconf 92' lang='lat' dir='ltr'>sed</span> <span class='ocrx_word' id='word_1_190' title='bbox 631 3869 816 3938; x_wconf 88' lang='lat' dir='ltr'>praesentes</span> <span class='ocrx_word' id='word_1_191' title='bbox 838 3868 870 3922; x_wconf 90' lang='lat' dir='ltr'>et</span> <span class='ocrx_word' id='word_1_192' title='bbox 890 3861 1019 3924; x_wconf 90' lang='lat' dir='ltr'>illarum</span> 
     </span>
     <span class='ocr_line' id='line_1_38' title="bbox 274 3953 1019 4031; baseline 0.004 -18"><span class='ocrx_word' id='word_1_193' title='bbox 274 3969 332 4030; x_wconf 91' lang='lat' dir='ltr'>pro</span> <span class='ocrx_word' id='word_1_194' title='bbox 355 3959 500 4031; x_wconf 90' lang='lat' dir='ltr'>tempore</span> <span class='ocrx_word' id='word_1_195' title='bbox 522 3953 698 4016; x_wconf 84' lang='lat' dir='ltr'>existentes</span> <span class='ocrx_word' id='word_1_196' title='bbox 721 3955 881 4016; x_wconf 83' lang='lat' dir='ltr'>debitores</span> <span class='ocrx_word' id='word_1_197' title='bbox 901 3955 938 4016; x_wconf 93' lang='lat' dir='ltr'>ad</span> <span class='ocrx_word' id='word_1_198' title='bbox 953 3955 1019 4016; x_wconf 93' lang='lat' dir='ltr'>illa-</span> 
     </span>
     <span class='ocr_line' id='line_1_39' title="bbox 274 4047 1019 4124; baseline 0.005 -18"><span class='ocrx_word' id='word_1_199' title='bbox 274 4063 347 4108; x_wconf 92' lang='lat' dir='ltr'>rum</span> <span class='ocrx_word' id='word_1_200' title='bbox 369 4047 548 4124; x_wconf 89' lang='lat' dir='ltr'>respective</span> <span class='ocrx_word' id='word_1_201' title='bbox 570 4048 729 4124; x_wconf 89' lang='lat' dir='ltr'>integram</span> <span class='ocrx_word' id='word_1_202' title='bbox 757 4047 952 4109; x_wconf 89' lang='lat' dir='ltr'>solutionem</span> <span class='ocrx_word' id='word_1_203' title='bbox 976 4055 1019 4110; x_wconf 89' lang='lat' dir='ltr'>te-</span> 
     </span>
     <span class='ocr_line' id='line_1_40' title="bbox 274 4139 1020 4217; baseline 0.003 -17"><span class='ocrx_word' id='word_1_204' title='bbox 274 4139 345 4200; x_wconf 91' lang='lat' dir='ltr'>neri</span> <span class='ocrx_word' id='word_1_205' title='bbox 360 4146 391 4200; x_wconf 92' lang='lat' dir='ltr'>et</span> <span class='ocrx_word' id='word_1_206' title='bbox 406 4139 562 4214; x_wconf 88' lang='lat' dir='ltr'>obligatos</span> <span class='ocrx_word' id='word_1_207' title='bbox 582 4139 730 4211; x_wconf 85' lang='lat' dir='ltr'>existere,</span> <span class='ocrx_word' id='word_1_208' title='bbox 747 4139 875 4200; x_wconf 89' lang='lat' dir='ltr'>irritum</span> <span class='ocrx_word' id='word_1_209' title='bbox 892 4155 1020 4217; x_wconf 90' lang='lat' dir='ltr'>quoque</span> 
     </span>
     <span class='ocr_line' id='line_1_41' title="bbox 274 4231 1019 4311; baseline 0.003 -18"><span class='ocrx_word' id='word_1_210' title='bbox 274 4239 306 4294; x_wconf 91' lang='lat' dir='ltr'>et</span> <span class='ocrx_word' id='word_1_211' title='bbox 327 4232 432 4302; x_wconf 91' lang='lat' dir='ltr'>inane,</span> <span class='ocrx_word' id='word_1_212' title='bbox 463 4231 488 4292; x_wconf 92' lang='lat' dir='ltr'>si</span> <span class='ocrx_word' id='word_1_213' title='bbox 510 4247 602 4292; x_wconf 89' lang='lat' dir='ltr'>secus</span> <span class='ocrx_word' id='word_1_214' title='bbox 631 4233 797 4310; x_wconf 89' lang='lat' dir='ltr'>superbis</span> <span class='ocrx_word' id='word_1_215' title='bbox 819 4250 835 4293; x_wconf 91' lang='lat' dir='ltr'>a</span> <span class='ocrx_word' id='word_1_216' title='bbox 857 4249 1019 4311; x_wconf 92' lang='lat' dir='ltr'>quoquam</span> 
     </span>
     <span class='ocr_line' id='line_1_42' title="bbox 273 4325 1020 4402; baseline 0.003 -17"><span class='ocrx_word' id='word_1_217' title='bbox 273 4325 384 4401; x_wconf 90' lang='lat' dir='ltr'>quavis</span> <span class='ocrx_word' id='word_1_218' title='bbox 406 4325 592 4386; x_wconf 89' lang='lat' dir='ltr'>auctoritate</span> <span class='ocrx_word' id='word_1_219' title='bbox 613 4326 750 4386; x_wconf 90' lang='lat' dir='ltr'>scienter</span> <span class='ocrx_word' id='word_1_220' title='bbox 766 4326 817 4388; x_wconf 93' lang='lat' dir='ltr'>vel</span> <span class='ocrx_word' id='word_1_221' title='bbox 832 4327 1020 4402; x_wconf 80' lang='lat' dir='ltr'>ignoranter</span> 
     </span>
     <span class='ocr_line' id='line_1_43' title="bbox 274 4418 1019 4498; baseline 0.003 -18"><span class='ocrx_word' id='word_1_222' title='bbox 274 4418 445 4494; x_wconf 88' lang='lat' dir='ltr'>contigerit</span> <span class='ocrx_word' id='word_1_223' title='bbox 463 4419 620 4480; x_wconf 90' lang='lat' dir='ltr'>attentari.</span> <span class='ocrx_word' id='word_1_224' title='bbox 639 4418 795 4479; x_wconf 85' lang='lat' dir='ltr'>Volumus</span> <span class='ocrx_word' id='word_1_225' title='bbox 810 4426 916 4481; x_wconf 90' lang='lat' dir='ltr'>autem</span> <span class='ocrx_word' id='word_1_226' title='bbox 934 4423 1019 4498; x_wconf 92' lang='lat' dir='ltr'>quod</span> 
     </span>
     <span class='ocr_line' id='line_1_44' title="bbox 274 4509 1020 4588; baseline 0.008 -17"><span class='ocrx_word' id='word_1_227' title='bbox 274 4510 355 4572; x_wconf 86' lang='lat' dir='ltr'>dicta</span> <span class='ocrx_word' id='word_1_228' title='bbox 366 4509 495 4572; x_wconf 89' lang='lat' dir='ltr'>Basilica</span> <span class='ocrx_word' id='word_1_229' title='bbox 512 4509 624 4572; x_wconf 88' lang='lat' dir='ltr'>debitis</span> <span class='ocrx_word' id='word_1_230' title='bbox 639 4517 807 4588; x_wconf 90' lang='lat' dir='ltr'>propterea</span> <span class='ocrx_word' id='word_1_231' title='bbox 819 4529 883 4574; x_wconf 95' lang='lat' dir='ltr'>non</span> <span class='ocrx_word' id='word_1_232' title='bbox 896 4513 1020 4576; x_wconf 90' lang='lat' dir='ltr'>fraude·</span> 
     </span>
     <span class='ocr_line' id='line_1_45' title="bbox 276 4602 1017 4683; baseline 0.009 -21"><span class='ocrx_word' id='word_1_233' title='bbox 276 4609 328 4663; x_wconf 92' lang='lat' dir='ltr'>tur</span> <span class='ocrx_word' id='word_1_234' title='bbox 343 4602 515 4679; x_wconf 88' lang='lat' dir='ltr'>obsequiis,</span> <span class='ocrx_word' id='word_1_235' title='bbox 533 4603 588 4664; x_wconf 91' lang='lat' dir='ltr'>sed</span> <span class='ocrx_word' id='word_1_236' title='bbox 604 4603 805 4666; x_wconf 90' lang='lat' dir='ltr'>canonicatus</span> <span class='ocrx_word' id='word_1_237' title='bbox 821 4613 853 4665; x_wconf 94' lang='lat' dir='ltr'>et</span> <span class='ocrx_word' id='word_1_238' title='bbox 868 4607 1017 4683; x_wconf 88' lang='lat' dir='ltr'>praeben.</span> 
     </span>
     <span class='ocr_line' id='line_1_46' title="bbox 274 4694 1020 4775; baseline 0.009 -21"><span class='ocrx_word' id='word_1_239' title='bbox 274 4694 459 4756; x_wconf 89' lang='lat' dir='ltr'>huiusmodi</span> <span class='ocrx_word' id='word_1_240' title='bbox 485 4711 518 4756; x_wconf 91' lang='lat' dir='ltr'>ac</span> <span class='ocrx_word' id='word_1_241' title='bbox 545 4695 775 4757; x_wconf 85' lang='lat' dir='ltr'>beneficiorum</span> <span class='ocrx_word' id='word_1_242' title='bbox 804 4697 1020 4775; x_wconf 91' lang='lat' dir='ltr'>praefatorum</span> 
     </span>
     <span class='ocr_line' id='line_1_47' title="bbox 274 4794 971 4864; baseline 0.004 -15"><span class='ocrx_word' id='word_1_243' title='bbox 274 4803 416 4864; x_wconf 88' lang='lat' dir='ltr'>congrua</span> <span class='ocrx_word' id='word_1_244' title='bbox 437 4794 670 4864; x_wconf 89' lang='lat' dir='ltr'>supportentur</span> <span class='ocrx_word' id='word_1_245' title='bbox 692 4805 788 4850; x_wconf 90' lang='lat' dir='ltr'>onera</span> <span class='ocrx_word' id='word_1_246' title='bbox 810 4798 971 4852; x_wconf 90' lang='lat' dir='ltr'>consueta.</span> 
     </span>
    </p>

    <p class='ocr_par' dir='ltr' id='par_1_3' title="bbox 275 4879 1021 5130">
     <span class='ocr_line' id='line_1_48' title="bbox 313 4879 1020 4958; baseline 0.008 -17"><span class='ocrx_word' id='word_1_247' title='bbox 313 4881 427 4942; x_wconf 84' lang='lat' dir='ltr'>Datum</span> <span class='ocrx_word' id='word_1_248' title='bbox 455 4879 574 4941; x_wconf 86' lang='lat' dir='ltr'>Romae</span> <span class='ocrx_word' id='word_1_249' title='bbox 602 4882 684 4958; x_wconf 90' lang='lat' dir='ltr'>apud</span> <span class='ocrx_word' id='word_1_250' title='bbox 715 4881 746 4943; x_wconf 87' lang='lat' dir='ltr'>S.</span> <span class='ocrx_word' id='word_1_251' title='bbox 778 4883 908 4944; x_wconf 89' lang='lat' dir='ltr'>Petrum</span> <span class='ocrx_word' id='word_1_252' title='bbox 937 4902 1020 4947; x_wconf 92' lang='lat' dir='ltr'>anno</span> 
     </span>
     <span class='ocr_line' id='line_1_49' title="bbox 275 4973 1021 5056; baseline 0.005 -22"><span class='ocrx_word' id='word_1_253' title='bbox 275 4989 534 5044; x_wconf 68' lang='lat' dir='ltr'>neocosmum,</span> <span class='ocrx_word' id='word_1_254' title='bbox 549 4989 634 5034; x_wconf 92' lang='lat' dir='ltr'>nono</span> <span class='ocrx_word' id='word_1_255' title='bbox 647 4973 797 5037; x_wconf 86' lang='lat' dir='ltr'>kalendas</span> <span class='ocrx_word' id='word_1_256' title='bbox 814 4977 929 5050; x_wconf 91' lang='lat' dir='ltr'>martii,</span> <span class='ocrx_word' id='word_1_257' title='bbox 945 4994 1021 5056; x_wconf 93' lang='lat' dir='ltr'>pon-</span> 
     </span>
     <span class='ocr_line' id='line_1_50' title="bbox 276 5067 702 5130; baseline 0.002 -1"><span class='ocrx_word' id='word_1_258' title='bbox 276 5069 409 5130; x_wconf 91' lang='lat' dir='ltr'>tificatus</span> <span class='ocrx_word' id='word_1_259' title='bbox 430 5067 532 5128; x_wconf 88' lang='lat' dir='ltr'>nostri</span> <span class='ocrx_word' id='word_1_260' title='bbox 553 5083 636 5128; x_wconf 94' lang='lat' dir='ltr'>anno</span> <span class='ocrx_word' id='word_1_261' title='bbox 658 5084 702 5130; x_wconf 83' lang='lat' dir='ltr'>tx.</span> 
     </span>
    </p>
   </div>
   <div class='ocr_carea' id='block_1_3' title="bbox 585 5346 706 5408">
    <p class='ocr_par' dir='ltr' id='par_1_4' title="bbox 585 5346 706 5408">
     <span class='ocr_line' id='line_1_51' title="bbox 585 5346 706 5408; baseline 0 0"><span class='ocrx_word' id='word_1_262' title='bbox 585 5346 706 5408; x_wconf 83' lang='lat' dir='ltr'>CXXX.</span> 
     </span>
    </p>
   </div>
   <div class='ocr_carea' id='block_1_4' title="bbox 276 5529 1020 5612">
    <p class='ocr_par' dir='ltr' id='par_1_5' title="bbox 276 5529 1020 5612">
     <span class='ocr_line' id='line_1_52' title="bbox 276 5529 1020 5612; baseline 0.008 -21"><span class='ocrx_word' id='word_1_263' title='bbox 276 5531 554 5612; x_wconf 80' lang='lat' dir='ltr'>Arcbiepiecopam</span> <span class='ocrx_word' id='word_1_264' title='bbox 580 5529 814 5594; x_wconf 69' lang='lat' dir='ltr'>coarctatam</span> <span class='ocrx_word' id='word_1_265' title='bbox 839 5531 1020 5597; x_wconf 77' lang='lat' dir='ltr'>Constanti-</span> 
     </span>
    </p>
   </div>
   <div class='ocr_carea' id='block_1_5' title="bbox 314 5623 1020 5798">
    <p class='ocr_par' dir='ltr' id='par_1_6' title="bbox 314 5623 1020 5798">
     <span class='ocr_line' id='line_1_53' title="bbox 314 5623 1020 5796; baseline 0.008 -112"><span class='ocrx_word' id='word_1_266' title='bbox 314 5624 417 5778; x_wconf 51' lang='lat' dir='ltr'>olopot.</span> <span class='ocrx_word' id='word_1_267' title='bbox 440 5623 573 5796; x_wconf 75' lang='lat' dir='ltr'>1d)fetrop.</span> <span class='ocrx_word' id='word_1_268' title='bbox 592 5625 768 5688; x_wconf 80' lang='lat' dir='ltr'>Pri-motem</span> <span class='ocrx_word' id='word_1_269' title='bbox 791 5627 915 5689; x_wconf 79' lang='lat' dir='ltr'>armeni</span> <span class='ocrx_word' id='word_1_270' title='bbox 935 5630 1020 5690; x_wconf 78' lang='lat' dir='ltr'>ritus</span> 
     </span>
     <span class='ocr_line' id='line_1_54' title="bbox 315 5716 480 5798; baseline 0 -20"><span class='ocrx_word' id='word_1_271' title='bbox 315 5716 436 5798; x_wconf 75' lang='lat' dir='ltr'>cipit(</span> <span class='ocrx_word' id='word_1_272' title='bbox 473 5765 480 5778; x_wconf 94' lang='lat'>.</span> 
     </span>
    </p>
   </div>
   <div class='ocr_carea' id='block_1_6' title="bbox 316 5929 973 6112">
    <p class='ocr_par' dir='ltr' id='par_1_7' title="bbox 316 5929 973 6112">
     <span class='ocr_line' id='line_1_55' title="bbox 316 5929 842 5989; baseline 0.011 -17"><span class='ocrx_word' id='word_1_273' title='bbox 316 5929 345 5984; x_wconf 87' lang='grc'>(1)</span> <span class='ocrx_word' id='word_1_274' title='bbox 361 5931 397 5974; x_wconf 82' lang='lat' dir='ltr'>ltx</span> <span class='ocrx_word' id='word_1_275' title='bbox 411 5931 474 5986; x_wconf 77' lang='lat' dir='ltr'>fleg.</span> <span class='ocrx_word' id='word_1_276' title='bbox 489 5931 612 5976; x_wconf 86' lang='lat' dir='ltr'>Brevinm</span> <span class='ocrx_word' id='word_1_277' title='bbox 627 5932 676 5978; x_wconf 87' lang='lat' dir='ltr'>vol.</span> <span class='ocrx_word' id='word_1_278' title='bbox 692 5935 742 5988; x_wconf 72' lang='lat' dir='ltr'>lv,</span> <span class='ocrx_word' id='word_1_279' title='bbox 756 5945 780 5989; x_wconf 91' lang='lat' dir='ltr'>p.</span> <span class='ocrx_word' id='word_1_280' title='bbox 796 5935 842 5978; x_wconf 77' lang='lat' dir='ltr'>mo.</span> 
     </span>
     <span class='ocr_line' id='line_1_56' title="bbox 382 6049 973 6112; baseline 0.008 -18"><span class='ocrx_word' id='word_1_281' title='bbox 382 6049 432 6096; x_wconf 79' lang='lat' dir='ltr'>latr.</span> <span class='ocrx_word' id='word_1_282' title='bbox 451 6051 520 6096; x_wconf 78' lang='lat' dir='ltr'>Poat.</span> <span class='ocrx_word' id='word_1_283' title='bbox 535 6051 566 6097; x_wconf 81' lang='lat' dir='ltr'>de</span> <span class='ocrx_word' id='word_1_284' title='bbox 582 6052 655 6112; x_wconf 81' lang='lat' dir='ltr'>Prop.</span> <span class='ocrx_word' id='word_1_285' title='bbox 671 6052 733 6098; x_wconf 78' lang='lat' dir='ltr'>Fa&#39;de</span> <span class='ocrx_word' id='word_1_286' title='bbox 747 6054 829 6100; x_wconf 83' lang='lat' dir='ltr'>Partis</span> <span class='ocrx_word' id='word_1_287' title='bbox 844 6057 862 6100; x_wconf 91' lang='lat' dir='ltr'>l.</span> <span class='ocrx_word' id='word_1_288' title='bbox 878 6056 930 6100; x_wconf 86' lang='lat' dir='ltr'>vol.</span> <span class='ocrx_word' id='word_1_289' title='bbox 947 6057 973 6100; x_wconf 85' lang='lat' dir='ltr'>v.</span> 
     </span>
    </p>
   </div>
   <div class='ocr_carea' id='block_1_7' title="bbox 1348 796 1548 875">
    <p class='ocr_par' dir='ltr' id='par_1_8' title="bbox 1348 796 1548 875">
     <span class='ocr_line' id='line_1_57' title="bbox 1348 796 1548 875; baseline 0 -13"><span class='ocrx_word' id='word_1_290' title='bbox 1348 796 1548 875; x_wconf 81' lang='lat' dir='ltr'>Gbaloldeoel,</span> 
     </span>
    </p>
   </div>
   <div class='ocr_carea' id='block_1_8' title="bbox 1250 980 1645 1048">
    <p class='ocr_par' dir='ltr' id='par_1_9' title="bbox 1250 980 1645 1048">
     <span class='ocr_line' id='line_1_58' title="bbox 1250 980 1645 1048; baseline -0.008 1"><span class='ocrx_word' id='word_1_291' title='bbox 1250 980 1469 1048; x_wconf 71' lang='lat' dir='ltr'>antenatus</span> <span class='ocrx_word' id='word_1_292' title='bbox 1493 980 1551 1047; x_wconf 89' lang='grc' dir='ltr'>ΡΡ.</span> <span class='ocrx_word' id='word_1_293' title='bbox 1575 980 1645 1046; x_wconf 85' lang='grc' dir='ltr'><strong>Χ1ΙΙ.</strong></span> 
     </span>
    </p>
   </div>
   <div class='ocr_carea' id='block_1_9' title="bbox 1110 1166 1785 1343">
    <p class='ocr_par' dir='ltr' id='par_1_10' title="bbox 1110 1166 1785 1343">
     <span class='ocr_line' id='line_1_59' title="bbox 1290 1166 1608 1244; baseline 0 -13"><span class='ocrx_word' id='word_1_294' title='bbox 1290 1166 1478 1234; x_wconf 75' lang='lat' dir='ltr'>Venerabilis</span> <span class='ocrx_word' id='word_1_295' title='bbox 1500 1167 1608 1244; x_wconf 78' lang='lat' dir='ltr'>frater,</span> 
     </span>
     <span class='ocr_line' id='line_1_60' title="bbox 1110 1259 1785 1343; baseline -0.003 -17"><span class='ocrx_word' id='word_1_296' title='bbox 1110 1259 1238 1326; x_wconf 80' lang='lat' dir='ltr'>satutem</span> <span class='ocrx_word' id='word_1_297' title='bbox 1262 1266 1293 1326; x_wconf 89' lang='lat' dir='ltr'>et</span> <span class='ocrx_word' id='word_1_298' title='bbox 1315 1262 1511 1343; x_wconf 79' lang='lat' dir='ltr'>apostolicam</span> <span class='ocrx_word' id='word_1_299' title='bbox 1535 1260 1785 1326; x_wconf 83' lang='lat' dir='ltr'>benedictionem.</span> 
     </span>
    </p>
   </div>
   <div class='ocr_carea' id='block_1_10' title="bbox 1116 1447 2025 1526">
    <p class='ocr_par' dir='ltr' id='par_1_11' title="bbox 1116 1447 2025 1526">
     <span class='ocr_line' id='line_1_61' title="bbox 1116 1447 2025 1526; baseline -0.006 -17"><span class='ocrx_word' id='word_1_300' title='bbox 1116 1447 1319 1526; x_wconf 77' lang='lat' dir='ltr'>Apostolatus</span> <span class='ocrx_word' id='word_1_301' title='bbox 1332 1449 1483 1520; x_wconf 85' lang='lat' dir='ltr'>officium,</span> <span class='ocrx_word' id='word_1_302' title='bbox 1498 1447 1621 1509; x_wconf 92' lang='lat' dir='ltr'>meritis</span> <span class='ocrx_word' id='word_1_303' title='bbox 1634 1448 1709 1508; x_wconf 92' lang='lat' dir='ltr'>licet</span> <span class='ocrx_word' id='word_1_304' title='bbox 1724 1447 1820 1524; x_wconf 90' lang='lat' dir='ltr'>impa·</span> <span class='ocrx_word' id='word_1_305' title='bbox 1867 1460 2025 1506; x_wconf 72' lang='lat' dir='ltr'>prooemium</span> 
     </span>
    </p>
   </div>
   <div class='ocr_carea' id='block_1_11' title="bbox 1075 1540 1821 3463">
    <p class='ocr_par' dir='ltr' id='par_1_12' title="bbox 1075 1540 1821 3463">
     <span class='ocr_line' id='line_1_62' title="bbox 1077 1540 1820 1615; baseline 0.001 -16"><span class='ocrx_word' id='word_1_306' title='bbox 1077 1540 1177 1612; x_wconf 91' lang='lat' dir='ltr'>ribus,</span> <span class='ocrx_word' id='word_1_307' title='bbox 1202 1541 1293 1602; x_wconf 90' lang='lat' dir='ltr'>nobis</span> <span class='ocrx_word' id='word_1_308' title='bbox 1309 1557 1348 1603; x_wconf 92' lang='lat' dir='ltr'>ex</span> <span class='ocrx_word' id='word_1_309' title='bbox 1364 1541 1427 1602; x_wconf 90' lang='lat' dir='ltr'>alto</span> <span class='ocrx_word' id='word_1_310' title='bbox 1442 1541 1661 1610; x_wconf 89' lang='lat' dir='ltr'>commissum,</span> <span class='ocrx_word' id='word_1_311' title='bbox 1685 1555 1749 1615; x_wconf 90' lang='lat' dir='ltr'>quo</span> <span class='ocrx_word' id='word_1_312' title='bbox 1772 1555 1820 1600; x_wconf 91' lang='lat' dir='ltr'>ec-</span> 
     </span>
     <span class='ocr_line' id='line_1_63' title="bbox 1076 1631 1820 1710; baseline -0.001 -18"><span class='ocrx_word' id='word_1_313' title='bbox 1076 1633 1245 1696; x_wconf 90' lang='lat' dir='ltr'>clesiarum</span> <span class='ocrx_word' id='word_1_314' title='bbox 1269 1635 1412 1696; x_wconf 88' lang='lat' dir='ltr'>omnium</span> <span class='ocrx_word' id='word_1_315' title='bbox 1429 1633 1581 1710; x_wconf 91' lang='lat' dir='ltr'>regimini</span> <span class='ocrx_word' id='word_1_316' title='bbox 1596 1633 1702 1694; x_wconf 89' lang='lat' dir='ltr'>divina</span> <span class='ocrx_word' id='word_1_317' title='bbox 1717 1631 1820 1710; x_wconf 90' lang='lat' dir='ltr'>dispo-</span> 
     </span>
     <span class='ocr_line' id='line_1_64' title="bbox 1076 1724 1820 1802; baseline 0 -17"><span class='ocrx_word' id='word_1_318' title='bbox 1076 1726 1192 1786; x_wconf 84' lang='lat' dir='ltr'>sitione</span> <span class='ocrx_word' id='word_1_319' title='bbox 1215 1727 1446 1802; x_wconf 76' lang='lat' dir='ltr'>praesidemuS,</span> <span class='ocrx_word' id='word_1_320' title='bbox 1472 1725 1595 1788; x_wconf 91' lang='lat' dir='ltr'>utiliter</span> <span class='ocrx_word' id='word_1_321' title='bbox 1618 1725 1745 1800; x_wconf 83' lang='lat' dir='ltr'>exequi,</span> <span class='ocrx_word' id='word_1_322' title='bbox 1770 1724 1820 1785; x_wconf 89' lang='lat' dir='ltr'>ad-</span> 
     </span>
     <span class='ocr_line' id='line_1_65' title="bbox 1076 1817 1820 1897; baseline 0 -19"><span class='ocrx_word' id='word_1_323' title='bbox 1076 1818 1206 1879; x_wconf 87' lang='lat' dir='ltr'>iuvante</span> <span class='ocrx_word' id='word_1_324' title='bbox 1220 1818 1367 1890; x_wconf 87' lang='lat' dir='ltr'>Domino,</span> <span class='ocrx_word' id='word_1_325' title='bbox 1385 1819 1560 1897; x_wconf 89' lang='lat' dir='ltr'>cupientes,</span> <span class='ocrx_word' id='word_1_326' title='bbox 1578 1817 1705 1880; x_wconf 90' lang='lat' dir='ltr'>solliciti</span> <span class='ocrx_word' id='word_1_327' title='bbox 1725 1817 1820 1878; x_wconf 90' lang='lat' dir='ltr'>corde</span> 
     </span>
     <span class='ocr_line' id='line_1_66' title="bbox 1076 1911 1820 1984; baseline 0.004 -15"><span class='ocrx_word' id='word_1_328' title='bbox 1076 1911 1243 1972; x_wconf 88' lang='lat' dir='ltr'>reddimur</span> <span class='ocrx_word' id='word_1_329' title='bbox 1265 1919 1297 1972; x_wconf 91' lang='lat' dir='ltr'>et</span> <span class='ocrx_word' id='word_1_330' title='bbox 1318 1913 1466 1984; x_wconf 89' lang='lat' dir='ltr'>solertes,</span> <span class='ocrx_word' id='word_1_331' title='bbox 1490 1918 1536 1982; x_wconf 93' lang='lat' dir='ltr'>ut,</span> <span class='ocrx_word' id='word_1_332' title='bbox 1561 1927 1633 1972; x_wconf 91' lang='lat' dir='ltr'>cum</span> <span class='ocrx_word' id='word_1_333' title='bbox 1656 1911 1695 1972; x_wconf 91' lang='lat' dir='ltr'>de</span> <span class='ocrx_word' id='word_1_334' title='bbox 1721 1911 1820 1972; x_wconf 90' lang='lat' dir='ltr'>eccle·</span> 
     </span>
     <span class='ocr_line' id='line_1_67' title="bbox 1076 2004 1820 2082; baseline 0 -19"><span class='ocrx_word' id='word_1_335' title='bbox 1076 2004 1195 2064; x_wconf 90' lang='lat' dir='ltr'>siarum</span> <span class='ocrx_word' id='word_1_336' title='bbox 1218 2005 1359 2082; x_wconf 91' lang='lat' dir='ltr'>ipsarum</span> <span class='ocrx_word' id='word_1_337' title='bbox 1382 2004 1594 2081; x_wconf 86' lang='lat' dir='ltr'>regiminibus</span> <span class='ocrx_word' id='word_1_338' title='bbox 1615 2004 1720 2080; x_wconf 91' lang='lat' dir='ltr'>agitur</span> <span class='ocrx_word' id='word_1_339' title='bbox 1736 2019 1820 2064; x_wconf 82' lang='lat' dir='ltr'>conx-</span> 
     </span>
     <span class='ocr_line' id='line_1_68' title="bbox 1077 2096 1820 2176; baseline 0.003 -20"><span class='ocrx_word' id='word_1_340' title='bbox 1077 2096 1251 2168; x_wconf 88' lang='lat' dir='ltr'>mittendis,</span> <span class='ocrx_word' id='word_1_341' title='bbox 1277 2099 1354 2159; x_wconf 91' lang='lat' dir='ltr'>tales</span> <span class='ocrx_word' id='word_1_342' title='bbox 1377 2099 1422 2160; x_wconf 90' lang='lat' dir='ltr'>eis</span> <span class='ocrx_word' id='word_1_343' title='bbox 1441 2100 1473 2158; x_wconf 92' lang='lat' dir='ltr'>in</span> <span class='ocrx_word' id='word_1_344' title='bbox 1489 2104 1631 2176; x_wconf 91' lang='lat' dir='ltr'>pastores</span> <span class='ocrx_word' id='word_1_345' title='bbox 1648 2098 1820 2174; x_wconf 83' lang='lat' dir='ltr'>praeficere</span> 
     </span>
     <span class='ocr_line' id='line_1_69' title="bbox 1076 2191 1820 2269; baseline -0.001 -19"><span class='ocrx_word' id='word_1_346' title='bbox 1076 2191 1272 2262; x_wconf 89' lang='lat' dir='ltr'>studeamus,</span> <span class='ocrx_word' id='word_1_347' title='bbox 1287 2191 1341 2267; x_wconf 94' lang='lat' dir='ltr'>qui</span> <span class='ocrx_word' id='word_1_348' title='bbox 1364 2192 1518 2269; x_wconf 91' lang='lat' dir='ltr'>populum</span> <span class='ocrx_word' id='word_1_349' title='bbox 1540 2207 1616 2252; x_wconf 92' lang='lat' dir='ltr'>suae</span> <span class='ocrx_word' id='word_1_350' title='bbox 1638 2205 1732 2251; x_wconf 88' lang='lat' dir='ltr'>curae</span> <span class='ocrx_word' id='word_1_351' title='bbox 1754 2207 1820 2250; x_wconf 88' lang='lat' dir='ltr'>cro-</span> 
     </span>
     <span class='ocr_line' id='line_1_70' title="bbox 1076 2283 1818 2354; baseline -0.003 -10"><span class='ocrx_word' id='word_1_352' title='bbox 1076 2283 1177 2344; x_wconf 91' lang='lat' dir='ltr'>ditum</span> <span class='ocrx_word' id='word_1_353' title='bbox 1200 2284 1300 2345; x_wconf 88' lang='lat' dir='ltr'>sciant</span> <span class='ocrx_word' id='word_1_354' title='bbox 1329 2301 1393 2346; x_wconf 91' lang='lat' dir='ltr'>non</span> <span class='ocrx_word' id='word_1_355' title='bbox 1415 2284 1520 2346; x_wconf 91' lang='lat' dir='ltr'>solum</span> <span class='ocrx_word' id='word_1_356' title='bbox 1546 2284 1689 2346; x_wconf 89' lang='lat' dir='ltr'>doctrina</span> <span class='ocrx_word' id='word_1_357' title='bbox 1715 2283 1818 2354; x_wconf 90' lang='lat' dir='ltr'>verbi,</span> 
     </span>
     <span class='ocr_line' id='line_1_71' title="bbox 1075 2376 1817 2454; baseline 0.003 -18"><span class='ocrx_word' id='word_1_358' title='bbox 1075 2376 1238 2437; x_wconf 88' lang='lat' dir='ltr'>sedetiam</span> <span class='ocrx_word' id='word_1_359' title='bbox 1256 2378 1404 2454; x_wconf 85' lang='lat' dir='ltr'>exemplo</span> <span class='ocrx_word' id='word_1_360' title='bbox 1421 2377 1496 2438; x_wconf 91' lang='lat' dir='ltr'>boni</span> <span class='ocrx_word' id='word_1_361' title='bbox 1512 2377 1616 2453; x_wconf 88' lang='lat' dir='ltr'>operis</span> <span class='ocrx_word' id='word_1_362' title='bbox 1633 2377 1817 2448; x_wconf 87' lang='lat' dir='ltr'>informare,</span> 
     </span>
     <span class='ocr_line' id='line_1_72' title="bbox 1075 2469 1820 2546; baseline -0.001 -16"><span class='ocrx_word' id='word_1_363' title='bbox 1075 2469 1326 2546; x_wconf 89' lang='lat' dir='ltr'>commissasque</span> <span class='ocrx_word' id='word_1_364' title='bbox 1348 2471 1407 2531; x_wconf 91' lang='lat' dir='ltr'>sibi</span> <span class='ocrx_word' id='word_1_365' title='bbox 1430 2469 1576 2532; x_wconf 90' lang='lat' dir='ltr'>ecclesias</span> <span class='ocrx_word' id='word_1_366' title='bbox 1595 2471 1627 2530; x_wconf 92' lang='lat' dir='ltr'>in</span> <span class='ocrx_word' id='word_1_367' title='bbox 1643 2475 1724 2530; x_wconf 90' lang='lat' dir='ltr'>statu</span> <span class='ocrx_word' id='word_1_368' title='bbox 1741 2470 1820 2546; x_wconf 91' lang='lat' dir='ltr'>paci-</span> 
     </span>
     <span class='ocr_line' id='line_1_73' title="bbox 1076 2562 1819 2640; baseline -0.003 -16"><span class='ocrx_word' id='word_1_369' title='bbox 1076 2563 1135 2624; x_wconf 80' lang='lat' dir='ltr'>fico</span> <span class='ocrx_word' id='word_1_370' title='bbox 1158 2569 1190 2623; x_wconf 88' lang='lat' dir='ltr'>et</span> <span class='ocrx_word' id='word_1_371' title='bbox 1209 2563 1382 2640; x_wconf 92' lang='lat' dir='ltr'>tranquillo</span> <span class='ocrx_word' id='word_1_372' title='bbox 1397 2563 1499 2624; x_wconf 89' lang='lat' dir='ltr'>velint</span> <span class='ocrx_word' id='word_1_373' title='bbox 1515 2568 1547 2623; x_wconf 91' lang='lat' dir='ltr'>et</span> <span class='ocrx_word' id='word_1_374' title='bbox 1561 2562 1697 2632; x_wconf 89' lang='lat' dir='ltr'>valeant,</span> <span class='ocrx_word' id='word_1_375' title='bbox 1715 2568 1819 2622; x_wconf 91' lang='lat' dir='ltr'>aucto-</span> 
     </span>
     <span class='ocr_line' id='line_1_74' title="bbox 1075 2654 1820 2731; baseline -0.001 -16"><span class='ocrx_word' id='word_1_376' title='bbox 1075 2671 1111 2717; x_wconf 93' lang='lat' dir='ltr'>re</span> <span class='ocrx_word' id='word_1_377' title='bbox 1133 2655 1279 2728; x_wconf 87' lang='lat' dir='ltr'>Domino,</span> <span class='ocrx_word' id='word_1_378' title='bbox 1299 2656 1470 2716; x_wconf 90' lang='lat' dir='ltr'>salubriter</span> <span class='ocrx_word' id='word_1_379' title='bbox 1492 2671 1608 2731; x_wconf 90' lang='lat' dir='ltr'>regere</span> <span class='ocrx_word' id='word_1_380' title='bbox 1631 2662 1662 2716; x_wconf 91' lang='lat' dir='ltr'>et</span> <span class='ocrx_word' id='word_1_381' title='bbox 1684 2654 1820 2715; x_wconf 83' lang='lat' dir='ltr'>feliciter</span> 
     </span>
     <span class='ocr_line' id='line_1_75' title="bbox 1076 2748 1819 2826; baseline -0.003 -16"><span class='ocrx_word' id='word_1_382' title='bbox 1076 2749 1269 2825; x_wconf 88' lang='lat' dir='ltr'>gubernare.</span> <span class='ocrx_word' id='word_1_383' title='bbox 1286 2748 1413 2810; x_wconf 87' lang='lat' dir='ltr'>Dudum</span> <span class='ocrx_word' id='word_1_384' title='bbox 1428 2749 1588 2824; x_wconf 90' lang='lat' dir='ltr'>siquidem</span> <span class='ocrx_word' id='word_1_385' title='bbox 1601 2748 1819 2826; x_wconf 86' lang='lat' dir='ltr'>provisionem</span> 
     </span>
     <span class='ocr_line' id='line_1_76' title="bbox 1076 2841 1817 2912; baseline -0.004 -9"><span class='ocrx_word' id='word_1_386' title='bbox 1076 2842 1283 2904; x_wconf 87' lang='lat' dir='ltr'>ecclesiarum</span> <span class='ocrx_word' id='word_1_387' title='bbox 1319 2842 1464 2903; x_wconf 92' lang='lat' dir='ltr'>omnium</span> <span class='ocrx_word' id='word_1_388' title='bbox 1500 2857 1584 2902; x_wconf 91' lang='lat' dir='ltr'>nunc</span> <span class='ocrx_word' id='word_1_389' title='bbox 1617 2841 1817 2912; x_wconf 91' lang='lat' dir='ltr'>vacantium,</span> 
     </span>
     <span class='ocr_line' id='line_1_77' title="bbox 1076 2935 1820 3012; baseline -0.003 -17"><span class='ocrx_word' id='word_1_390' title='bbox 1076 2949 1222 3011; x_wconf 91' lang='lat' dir='ltr'>quaeque</span> <span class='ocrx_word' id='word_1_391' title='bbox 1243 2935 1276 2996; x_wconf 96' lang='lat' dir='ltr'>in</span> <span class='ocrx_word' id='word_1_392' title='bbox 1298 2941 1463 3012; x_wconf 91' lang='lat' dir='ltr'>posterum</span> <span class='ocrx_word' id='word_1_393' title='bbox 1486 2940 1667 3004; x_wconf 90' lang='lat' dir='ltr'>vacaturae,</span> <span class='ocrx_word' id='word_1_394' title='bbox 1696 2935 1820 2995; x_wconf 93' lang='lat' dir='ltr'>ordina-</span> 
     </span>
     <span class='ocr_line' id='line_1_78' title="bbox 1076 3027 1817 3106; baseline -0.004 -16"><span class='ocrx_word' id='word_1_395' title='bbox 1076 3029 1155 3090; x_wconf 95' lang='lat' dir='ltr'>tioni</span> <span class='ocrx_word' id='word_1_396' title='bbox 1171 3046 1204 3090; x_wconf 90' lang='lat' dir='ltr'>ac</span> <span class='ocrx_word' id='word_1_397' title='bbox 1219 3028 1395 3106; x_wconf 91' lang='lat' dir='ltr'>provisioni</span> <span class='ocrx_word' id='word_1_398' title='bbox 1418 3035 1545 3089; x_wconf 89' lang='lat' dir='ltr'>nostrae</span> <span class='ocrx_word' id='word_1_399' title='bbox 1567 3027 1817 3098; x_wconf 70' lang='lat' dir='ltr'>reservavimus</span> 
     </span>
     <span class='ocr_line' id='line_1_79' title="bbox 1076 3121 1820 3192; baseline -0.003 -10"><span class='ocrx_word' id='word_1_400' title='bbox 1076 3122 1287 3184; x_wconf 89' lang='lat' dir='ltr'>decernentes</span> <span class='ocrx_word' id='word_1_401' title='bbox 1311 3137 1350 3182; x_wconf 89' lang='lat' dir='ltr'>ex</span> <span class='ocrx_word' id='word_1_402' title='bbox 1372 3128 1448 3182; x_wconf 93' lang='lat' dir='ltr'>tunc</span> <span class='ocrx_word' id='word_1_403' title='bbox 1470 3121 1597 3181; x_wconf 91' lang='lat' dir='ltr'>irritum</span> <span class='ocrx_word' id='word_1_404' title='bbox 1622 3126 1654 3181; x_wconf 90' lang='lat' dir='ltr'>et</span> <span class='ocrx_word' id='word_1_405' title='bbox 1675 3121 1780 3192; x_wconf 92' lang='lat' dir='ltr'>inane,</span> <span class='ocrx_word' id='word_1_406' title='bbox 1794 3121 1820 3180; x_wconf 89' lang='lat' dir='ltr'>si</span> 
     </span>
     <span class='ocr_line' id='line_1_80' title="bbox 1075 3213 1820 3292; baseline 0 -18"><span class='ocrx_word' id='word_1_407' title='bbox 1075 3231 1167 3276; x_wconf 92' lang='lat' dir='ltr'>secus</span> <span class='ocrx_word' id='word_1_408' title='bbox 1189 3230 1287 3292; x_wconf 91' lang='lat' dir='ltr'>super</span> <span class='ocrx_word' id='word_1_409' title='bbox 1309 3213 1357 3274; x_wconf 89' lang='lat' dir='ltr'>bis</span> <span class='ocrx_word' id='word_1_410' title='bbox 1373 3231 1389 3274; x_wconf 92' lang='lat' dir='ltr'>a</span> <span class='ocrx_word' id='word_1_411' title='bbox 1405 3228 1577 3290; x_wconf 90' lang='lat' dir='ltr'>quoquam,</span> <span class='ocrx_word' id='word_1_412' title='bbox 1592 3213 1703 3289; x_wconf 90' lang='lat' dir='ltr'>quavis</span> <span class='ocrx_word' id='word_1_413' title='bbox 1716 3219 1820 3274; x_wconf 92' lang='lat' dir='ltr'>aucto-</span> 
     </span>
     <span class='ocr_line' id='line_1_81' title="bbox 1076 3306 1821 3384; baseline -0.001 -16"><span class='ocrx_word' id='word_1_414' title='bbox 1076 3309 1179 3378; x_wconf 92' lang='lat' dir='ltr'>ritate,</span> <span class='ocrx_word' id='word_1_415' title='bbox 1197 3309 1336 3369; x_wconf 90' lang='lat' dir='ltr'>scienter</span> <span class='ocrx_word' id='word_1_416' title='bbox 1357 3307 1410 3368; x_wconf 90' lang='lat' dir='ltr'>vel</span> <span class='ocrx_word' id='word_1_417' title='bbox 1432 3307 1630 3384; x_wconf 79' lang='lat' dir='ltr'>ignoranter,</span> <span class='ocrx_word' id='word_1_418' title='bbox 1648 3306 1821 3382; x_wconf 91' lang='lat' dir='ltr'>contigerit</span> 
     </span>
     <span class='ocr_line' id='line_1_82' title="bbox 1075 3401 1235 3463; baseline -0.013 -1"><span class='ocrx_word' id='word_1_419' title='bbox 1075 3401 1235 3463; x_wconf 90' lang='lat' dir='ltr'>attentari.</span> 
     </span>
    </p>
   </div>
   <div class='ocr_carea' id='block_1_12' title="bbox 1115 3493 2051 3602">
    <p class='ocr_par' dir='ltr' id='par_1_13' title="bbox 1115 3493 2051 3602">
     <span class='ocr_line' id='line_1_83' title="bbox 1115 3493 2051 3602; baseline -0.011 -47"><span class='ocrx_word' id='word_1_420' title='bbox 1115 3497 1133 3570; x_wconf 65' lang='grc' dir='ltr'><strong>ἓ</strong></span> <span class='ocrx_word' id='word_1_421' title='bbox 1156 3495 1183 3554; x_wconf 91' lang='lat' dir='ltr'>l.</span> <span class='ocrx_word' id='word_1_422' title='bbox 1207 3493 1327 3570; x_wconf 91' lang='lat' dir='ltr'>ltaque,</span> <span class='ocrx_word' id='word_1_423' title='bbox 1351 3509 1451 3570; x_wconf 90' lang='lat' dir='ltr'>quum</span> <span class='ocrx_word' id='word_1_424' title='bbox 1469 3494 1508 3554; x_wconf 93' lang='lat' dir='ltr'>ob</span> <span class='ocrx_word' id='word_1_425' title='bbox 1530 3499 1669 3554; x_wconf 88' lang='lat' dir='ltr'>mortem</span> <span class='ocrx_word' id='word_1_426' title='bbox 1685 3493 1736 3554; x_wconf 93' lang='lat' dir='ltr'>bo.</span> <span class='ocrx_word' id='word_1_427' title='bbox 1755 3509 1817 3556; x_wconf 90' lang='lat' dir='ltr'>me.</span> <span class='ocrx_word' id='word_1_428' title='bbox 1840 3501 2051 3602; x_wconf 56' lang='lat' dir='ltr'>fflissfflmfflffi&#39;</span> 
     </span>
    </p>
   </div>
   <div class='ocr_carea' id='block_1_13' title="bbox 1075 3585 1821 5801">
    <p class='ocr_par' dir='ltr' id='par_1_14' title="bbox 1075 3585 1821 5801">
     <span class='ocr_line' id='line_1_84' title="bbox 1075 3585 1820 3665; baseline 0 -17"><span class='ocrx_word' id='word_1_429' title='bbox 1075 3585 1206 3648; x_wconf 76' lang='lat' dir='ltr'>Antonii</span> <span class='ocrx_word' id='word_1_430' title='bbox 1221 3587 1386 3663; x_wconf 91' lang='lat' dir='ltr'>Nurigiam</span> <span class='ocrx_word' id='word_1_431' title='bbox 1409 3587 1540 3648; x_wconf 89' lang='lat' dir='ltr'>ecclesia</span> <span class='ocrx_word' id='word_1_432' title='bbox 1555 3585 1820 3665; x_wconf 87' lang='lat' dir='ltr'>Constantinopo-</span> 
     </span>
     <span class='ocr_line' id='line_1_85' title="bbox 1076 3679 1820 3758; baseline 0 -17"><span class='ocrx_word' id='word_1_433' title='bbox 1076 3681 1171 3741; x_wconf 90' lang='lat' dir='ltr'>litana</span> <span class='ocrx_word' id='word_1_434' title='bbox 1181 3679 1319 3740; x_wconf 80' lang='lat' dir='ltr'>Armene</span> <span class='ocrx_word' id='word_1_435' title='bbox 1331 3679 1607 3756; x_wconf 85' lang='lat' dir='ltr'>archiepiscopalis</span> <span class='ocrx_word' id='word_1_436' title='bbox 1620 3685 1651 3740; x_wconf 91' lang='lat' dir='ltr'>et</span> <span class='ocrx_word' id='word_1_437' title='bbox 1663 3679 1820 3758; x_wconf 89' lang='lat' dir='ltr'>primatia-</span> 
     </span>
     <span class='ocr_line' id='line_1_86' title="bbox 1075 3771 1819 3850; baseline 0 -16"><span class='ocrx_word' id='word_1_438' title='bbox 1075 3773 1113 3834; x_wconf 88' lang='lat' dir='ltr'>lis</span> <span class='ocrx_word' id='word_1_439' title='bbox 1133 3773 1244 3834; x_wconf 92' lang='lat' dir='ltr'>solatio</span> <span class='ocrx_word' id='word_1_440' title='bbox 1267 3771 1365 3833; x_wconf 89' lang='lat' dir='ltr'>fuerit</span> <span class='ocrx_word' id='word_1_441' title='bbox 1381 3773 1530 3834; x_wconf 91' lang='lat' dir='ltr'>destituta</span> <span class='ocrx_word' id='word_1_442' title='bbox 1546 3773 1691 3850; x_wconf 92' lang='lat' dir='ltr'>pastoris,</span> <span class='ocrx_word' id='word_1_443' title='bbox 1709 3789 1766 3834; x_wconf 89' lang='lat' dir='ltr'>nos</span> <span class='ocrx_word' id='word_1_444' title='bbox 1783 3775 1819 3834; x_wconf 91' lang='lat' dir='ltr'>ad</span> 
     </span>
     <span class='ocr_line' id='line_1_87' title="bbox 1076 3865 1820 3935; baseline 0.001 -10"><span class='ocrx_word' id='word_1_445' title='bbox 1076 3865 1220 3926; x_wconf 91' lang='lat' dir='ltr'>eiusdem</span> <span class='ocrx_word' id='word_1_446' title='bbox 1244 3865 1406 3935; x_wconf 89' lang='lat' dir='ltr'>ecclesiae,</span> <span class='ocrx_word' id='word_1_447' title='bbox 1425 3865 1464 3924; x_wconf 93' lang='lat' dir='ltr'>de</span> <span class='ocrx_word' id='word_1_448' title='bbox 1486 3865 1576 3926; x_wconf 89' lang='lat' dir='ltr'>cuius</span> <span class='ocrx_word' id='word_1_449' title='bbox 1596 3865 1759 3926; x_wconf 90' lang='lat' dir='ltr'>vacatione</span> <span class='ocrx_word' id='word_1_450' title='bbox 1771 3883 1820 3926; x_wconf 92' lang='lat' dir='ltr'>re-</span> 
     </span>
     <span class='ocr_line' id='line_1_88' title="bbox 1077 3958 1820 4038; baseline 0.001 -19"><span class='ocrx_word' id='word_1_451' title='bbox 1077 3959 1158 4019; x_wconf 89' lang='lat' dir='ltr'>latus</span> <span class='ocrx_word' id='word_1_452' title='bbox 1169 3960 1231 4019; x_wconf 87' lang='lat' dir='ltr'>fide</span> <span class='ocrx_word' id='word_1_453' title='bbox 1244 3959 1333 4034; x_wconf 88' lang='lat' dir='ltr'>digni</span> <span class='ocrx_word' id='word_1_454' title='bbox 1346 3958 1493 4020; x_wconf 88' lang='lat' dir='ltr'>fecerunt</span> <span class='ocrx_word' id='word_1_455' title='bbox 1502 3975 1560 4020; x_wconf 92' lang='lat' dir='ltr'>nos</span> <span class='ocrx_word' id='word_1_456' title='bbox 1573 3960 1738 4030; x_wconf 87' lang='lat' dir='ltr'>certiores,</span> <span class='ocrx_word' id='word_1_457' title='bbox 1750 3975 1820 4038; x_wconf 91' lang='lat' dir='ltr'>pro-</span> 
     </span>
     <span class='ocr_line' id='line_1_89' title="bbox 1076 4051 1821 4129; baseline 0.005 -20"><span class='ocrx_word' id='word_1_458' title='bbox 1076 4051 1234 4112; x_wconf 90' lang='lat' dir='ltr'>visionem</span> <span class='ocrx_word' id='word_1_459' title='bbox 1256 4052 1396 4113; x_wconf 91' lang='lat' dir='ltr'>celerem</span> <span class='ocrx_word' id='word_1_460' title='bbox 1426 4059 1521 4128; x_wconf 92' lang='lat' dir='ltr'>atque</span> <span class='ocrx_word' id='word_1_461' title='bbox 1542 4051 1680 4123; x_wconf 91' lang='lat' dir='ltr'>felicem,</span> <span class='ocrx_word' id='word_1_462' title='bbox 1705 4052 1738 4113; x_wconf 94' lang='lat' dir='ltr'>in</span> <span class='ocrx_word' id='word_1_463' title='bbox 1760 4068 1821 4129; x_wconf 90' lang='lat' dir='ltr'>qua</span> 
     </span>
     <span class='ocr_line' id='line_1_90' title="bbox 1076 4145 1821 4224; baseline 0.001 -18"><span class='ocrx_word' id='word_1_464' title='bbox 1076 4145 1184 4206; x_wconf 91' lang='lat' dir='ltr'>nullus</span> <span class='ocrx_word' id='word_1_465' title='bbox 1206 4152 1334 4224; x_wconf 89' lang='lat' dir='ltr'>praeter</span> <span class='ocrx_word' id='word_1_466' title='bbox 1357 4161 1414 4206; x_wconf 89' lang='lat' dir='ltr'>nos</span> <span class='ocrx_word' id='word_1_467' title='bbox 1437 4161 1471 4205; x_wconf 91' lang='lat' dir='ltr'>se</span> <span class='ocrx_word' id='word_1_468' title='bbox 1493 4145 1597 4221; x_wconf 91' lang='lat' dir='ltr'>potuit</span> <span class='ocrx_word' id='word_1_469' title='bbox 1619 4161 1676 4206; x_wconf 91' lang='lat' dir='ltr'>seu</span> <span class='ocrx_word' id='word_1_470' title='bbox 1703 4147 1821 4224; x_wconf 91' lang='lat' dir='ltr'>poterit</span> 
     </span>
     <span class='ocr_line' id='line_1_91' title="bbox 1076 4238 1821 4310; baseline 0.001 -11"><span class='ocrx_word' id='word_1_471' title='bbox 1076 4239 1304 4310; x_wconf 90' lang='lat' dir='ltr'>intromittere,</span> <span class='ocrx_word' id='word_1_472' title='bbox 1328 4238 1548 4300; x_wconf 88' lang='lat' dir='ltr'>reservatione</span> <span class='ocrx_word' id='word_1_473' title='bbox 1567 4257 1600 4300; x_wconf 93' lang='lat' dir='ltr'>ac</span> <span class='ocrx_word' id='word_1_474' title='bbox 1616 4239 1745 4300; x_wconf 90' lang='lat' dir='ltr'>decreto</span> <span class='ocrx_word' id='word_1_475' title='bbox 1768 4240 1821 4300; x_wconf 92' lang='lat' dir='ltr'>ob-</span> 
     </span>
     <span class='ocr_line' id='line_1_92' title="bbox 1075 4331 1820 4408; baseline 0.004 -18"><span class='ocrx_word' id='word_1_476' title='bbox 1075 4331 1262 4392; x_wconf 90' lang='lat' dir='ltr'>sistentibus</span> <span class='ocrx_word' id='word_1_477' title='bbox 1284 4332 1484 4408; x_wconf 89' lang='lat' dir='ltr'>supradictis,</span> <span class='ocrx_word' id='word_1_478' title='bbox 1502 4348 1542 4392; x_wconf 91' lang='lat' dir='ltr'>ne</span> <span class='ocrx_word' id='word_1_479' title='bbox 1564 4332 1616 4393; x_wconf 92' lang='lat' dir='ltr'>illa</span> <span class='ocrx_word' id='word_1_480' title='bbox 1633 4332 1747 4408; x_wconf 90' lang='lat' dir='ltr'>longae</span> <span class='ocrx_word' id='word_1_481' title='bbox 1770 4349 1820 4393; x_wconf 93' lang='lat' dir='ltr'>va-</span> 
     </span>
     <span class='ocr_line' id='line_1_93' title="bbox 1076 4424 1820 4502; baseline 0.001 -17"><span class='ocrx_word' id='word_1_482' title='bbox 1076 4424 1206 4486; x_wconf 91' lang='lat' dir='ltr'>cationis</span> <span class='ocrx_word' id='word_1_483' title='bbox 1233 4431 1411 4501; x_wconf 83' lang='lat' dir='ltr'>exponatur</span> <span class='ocrx_word' id='word_1_484' title='bbox 1436 4425 1662 4496; x_wconf 90' lang='lat' dir='ltr'>incommodis,</span> <span class='ocrx_word' id='word_1_485' title='bbox 1688 4432 1820 4502; x_wconf 90' lang='lat' dir='ltr'>paterno</span> 
     </span>
     <span class='ocr_line' id='line_1_94' title="bbox 1076 4516 1820 4595; baseline 0.003 -17"><span class='ocrx_word' id='word_1_486' title='bbox 1076 4534 1109 4578; x_wconf 91' lang='lat' dir='ltr'>ac</span> <span class='ocrx_word' id='word_1_487' title='bbox 1131 4516 1268 4578; x_wconf 91' lang='lat' dir='ltr'>sollicito</span> <span class='ocrx_word' id='word_1_488' title='bbox 1289 4518 1396 4578; x_wconf 91' lang='lat' dir='ltr'>studio</span> <span class='ocrx_word' id='word_1_489' title='bbox 1417 4517 1634 4588; x_wconf 88' lang='lat' dir='ltr'>intendentes,</span> <span class='ocrx_word' id='word_1_490' title='bbox 1652 4525 1722 4595; x_wconf 88' lang='lat' dir='ltr'>post</span> <span class='ocrx_word' id='word_1_491' title='bbox 1743 4519 1820 4580; x_wconf 93' lang='lat' dir='ltr'>deli-</span> 
     </span>
     <span class='ocr_line' id='line_1_95' title="bbox 1077 4608 1820 4686; baseline 0.003 -17"><span class='ocrx_word' id='word_1_492' title='bbox 1077 4608 1274 4671; x_wconf 90' lang='lat' dir='ltr'>berationem</span> <span class='ocrx_word' id='word_1_493' title='bbox 1302 4623 1397 4684; x_wconf 89' lang='lat' dir='ltr'>quam</span> <span class='ocrx_word' id='word_1_494' title='bbox 1420 4609 1458 4670; x_wconf 90' lang='lat' dir='ltr'>de</span> <span class='ocrx_word' id='word_1_495' title='bbox 1481 4609 1694 4686; x_wconf 89' lang='lat' dir='ltr'>praeficiendo</span> <span class='ocrx_word' id='word_1_496' title='bbox 1716 4611 1820 4672; x_wconf 89' lang='lat' dir='ltr'>eidem</span> 
     </span>
     <span class='ocr_line' id='line_1_96' title="bbox 1076 4701 1820 4778; baseline 0.001 -15"><span class='ocrx_word' id='word_1_497' title='bbox 1076 4702 1228 4763; x_wconf 89' lang='lat' dir='ltr'>ecclesiae</span> <span class='ocrx_word' id='word_1_498' title='bbox 1250 4717 1419 4778; x_wconf 89' lang='lat' dir='ltr'>personam</span> <span class='ocrx_word' id='word_1_499' title='bbox 1435 4701 1549 4764; x_wconf 91' lang='lat' dir='ltr'>utilem</span> <span class='ocrx_word' id='word_1_500' title='bbox 1571 4709 1604 4764; x_wconf 90' lang='lat' dir='ltr'>et</span> <span class='ocrx_word' id='word_1_501' title='bbox 1625 4703 1820 4765; x_wconf 82' lang='lat' dir='ltr'>fructuosam</span> 
     </span>
     <span class='ocr_line' id='line_1_97' title="bbox 1076 4795 1818 4858; baseline 0.003 -2"><span class='ocrx_word' id='word_1_502' title='bbox 1076 4811 1148 4856; x_wconf 92' lang='lat' dir='ltr'>cum</span> <span class='ocrx_word' id='word_1_503' title='bbox 1171 4810 1268 4856; x_wconf 91' lang='lat' dir='ltr'>venn.</span> <span class='ocrx_word' id='word_1_504' title='bbox 1293 4795 1428 4856; x_wconf 91' lang='lat' dir='ltr'>fratrum</span> <span class='ocrx_word' id='word_1_505' title='bbox 1455 4803 1640 4858; x_wconf 91' lang='lat' dir='ltr'>nostrorum</span> <span class='ocrx_word' id='word_1_506' title='bbox 1668 4795 1699 4856; x_wconf 89' lang='lat' dir='ltr'>S.</span> <span class='ocrx_word' id='word_1_507' title='bbox 1723 4797 1757 4857; x_wconf 90' lang='lat' dir='ltr'>R.</span> <span class='ocrx_word' id='word_1_508' title='bbox 1783 4797 1818 4858; x_wconf 84' lang='lat' dir='ltr'>E.</span> 
     </span>
     <span class='ocr_line' id='line_1_98' title="bbox 1076 4887 1820 4964; baseline 0 -14"><span class='ocrx_word' id='word_1_509' title='bbox 1076 4887 1296 4950; x_wconf 85' lang='lat' dir='ltr'>Cardinalibus</span> <span class='ocrx_word' id='word_1_510' title='bbox 1323 4889 1460 4964; x_wconf 91' lang='lat' dir='ltr'>negotiis</span> <span class='ocrx_word' id='word_1_511' title='bbox 1483 4889 1707 4964; x_wconf 85' lang='lat' dir='ltr'>Progagandae</span> <span class='ocrx_word' id='word_1_512' title='bbox 1733 4889 1820 4951; x_wconf 85' lang='lat' dir='ltr'>Fidei</span> 
     </span>
     <span class='ocr_line' id='line_1_99' title="bbox 1077 4980 1821 5058; baseline 0.005 -18"><span class='ocrx_word' id='word_1_513' title='bbox 1077 4980 1264 5058; x_wconf 90' lang='lat' dir='ltr'>praepositis</span> <span class='ocrx_word' id='word_1_514' title='bbox 1295 4980 1463 5040; x_wconf 87' lang='lat' dir='ltr'>babuimus</span> <span class='ocrx_word' id='word_1_515' title='bbox 1493 4981 1693 5056; x_wconf 89' lang='lat' dir='ltr'>diligentem,</span> <span class='ocrx_word' id='word_1_516' title='bbox 1724 4983 1760 5041; x_wconf 90' lang='lat' dir='ltr'>ad</span> <span class='ocrx_word' id='word_1_517' title='bbox 1789 4989 1821 5044; x_wconf 92' lang='lat' dir='ltr'>te</span> 
     </span>
     <span class='ocr_line' id='line_1_100' title="bbox 1077 5073 1821 5151; baseline 0.004 -17"><span class='ocrx_word' id='word_1_518' title='bbox 1077 5073 1186 5150; x_wconf 93' lang='lat' dir='ltr'>quiin</span> <span class='ocrx_word' id='word_1_519' title='bbox 1208 5075 1386 5150; x_wconf 87' lang='lat' dir='ltr'>praesentia</span> <span class='ocrx_word' id='word_1_520' title='bbox 1408 5073 1679 5151; x_wconf 88' lang='lat' dir='ltr'>archiepiscopatu</span> <span class='ocrx_word' id='word_1_521' title='bbox 1701 5074 1821 5136; x_wconf 84' lang='lat' dir='ltr'>Chalci-</span> 
     </span>
     <span class='ocr_line' id='line_1_101' title="bbox 1078 5165 1820 5244; baseline 0.004 -17"><span class='ocrx_word' id='word_1_522' title='bbox 1078 5167 1150 5227; x_wconf 92' lang='lat' dir='ltr'>den.</span> <span class='ocrx_word' id='word_1_523' title='bbox 1179 5166 1351 5242; x_wconf 91' lang='lat' dir='ltr'>insignitus</span> <span class='ocrx_word' id='word_1_524' title='bbox 1380 5165 1501 5238; x_wconf 88' lang='lat' dir='ltr'>existis,</span> <span class='ocrx_word' id='word_1_525' title='bbox 1533 5167 1653 5244; x_wconf 90' lang='lat' dir='ltr'>quique</span> <span class='ocrx_word' id='word_1_526' title='bbox 1680 5169 1820 5244; x_wconf 87' lang='lat' dir='ltr'>egregiis</span> 
     </span>
     <span class='ocr_line' id='line_1_102' title="bbox 1077 5257 1821 5335; baseline 0.005 -17"><span class='ocrx_word' id='word_1_527' title='bbox 1077 5258 1173 5319; x_wconf 92' lang='lat' dir='ltr'>animi</span> <span class='ocrx_word' id='word_1_528' title='bbox 1195 5258 1383 5335; x_wconf 90' lang='lat' dir='ltr'>ingeniique</span> <span class='ocrx_word' id='word_1_529' title='bbox 1405 5257 1531 5328; x_wconf 88' lang='lat' dir='ltr'>dotibus</span> <span class='ocrx_word' id='word_1_530' title='bbox 1555 5267 1695 5330; x_wconf 88' lang='lat' dir='ltr'>ornatus,</span> <span class='ocrx_word' id='word_1_531' title='bbox 1714 5261 1752 5321; x_wconf 91' lang='lat' dir='ltr'>de</span> <span class='ocrx_word' id='word_1_532' title='bbox 1774 5277 1821 5322; x_wconf 88' lang='lat' dir='ltr'>ca-</span> 
     </span>
     <span class='ocr_line' id='line_1_103' title="bbox 1078 5351 1821 5429; baseline 0.004 -17"><span class='ocrx_word' id='word_1_533' title='bbox 1078 5351 1192 5412; x_wconf 86' lang='lat' dir='ltr'>tholica</span> <span class='ocrx_word' id='word_1_534' title='bbox 1215 5351 1373 5426; x_wconf 90' lang='lat' dir='ltr'>religione</span> <span class='ocrx_word' id='word_1_535' title='bbox 1396 5351 1515 5427; x_wconf 89' lang='lat' dir='ltr'>optime</span> <span class='ocrx_word' id='word_1_536' title='bbox 1538 5351 1684 5422; x_wconf 91' lang='lat' dir='ltr'>meritus,</span> <span class='ocrx_word' id='word_1_537' title='bbox 1713 5353 1821 5429; x_wconf 90' lang='lat' dir='ltr'>singu·</span> 
     </span>
     <span class='ocr_line' id='line_1_104' title="bbox 1078 5442 1818 5520; baseline 0.001 -16"><span class='ocrx_word' id='word_1_538' title='bbox 1078 5443 1135 5504; x_wconf 93' lang='lat' dir='ltr'>lari</span> <span class='ocrx_word' id='word_1_539' title='bbox 1150 5444 1277 5520; x_wconf 90' lang='lat' dir='ltr'>pietate,</span> <span class='ocrx_word' id='word_1_540' title='bbox 1293 5443 1445 5514; x_wconf 88' lang='lat' dir='ltr'>doctrina,</span> <span class='ocrx_word' id='word_1_541' title='bbox 1460 5442 1657 5518; x_wconf 89' lang='lat' dir='ltr'>integritate,</span> <span class='ocrx_word' id='word_1_542' title='bbox 1675 5445 1818 5518; x_wconf 87' lang='lat' dir='ltr'>consilio,</span> 
     </span>
     <span class='ocr_line' id='line_1_105' title="bbox 1077 5535 1821 5613; baseline 0.007 -18"><span class='ocrx_word' id='word_1_543' title='bbox 1077 5536 1246 5613; x_wconf 89' lang='lat' dir='ltr'>prudentia</span> <span class='ocrx_word' id='word_1_544' title='bbox 1268 5535 1385 5610; x_wconf 87' lang='lat' dir='ltr'>fulges,</span> <span class='ocrx_word' id='word_1_545' title='bbox 1414 5537 1523 5596; x_wconf 90' lang='lat' dir='ltr'>oculos</span> <span class='ocrx_word' id='word_1_546' title='bbox 1550 5537 1666 5598; x_wconf 90' lang='lat' dir='ltr'>mentis</span> <span class='ocrx_word' id='word_1_547' title='bbox 1694 5545 1821 5600; x_wconf 91' lang='lat' dir='ltr'>nostrae</span> 
     </span>
     <span class='ocr_line' id='line_1_106' title="bbox 1077 5627 1820 5700; baseline 0 -10"><span class='ocrx_word' id='word_1_548' title='bbox 1077 5629 1264 5690; x_wconf 91' lang='lat' dir='ltr'>direximus.</span> <span class='ocrx_word' id='word_1_549' title='bbox 1288 5627 1407 5700; x_wconf 80' lang='lat' dir='ltr'>Quibus</span> <span class='ocrx_word' id='word_1_550' title='bbox 1431 5629 1580 5690; x_wconf 90' lang='lat' dir='ltr'>omnibus</span> <span class='ocrx_word' id='word_1_551' title='bbox 1603 5637 1727 5690; x_wconf 88' lang='lat' dir='ltr'>maturo</span> <span class='ocrx_word' id='word_1_552' title='bbox 1750 5647 1820 5691; x_wconf 90' lang='lat' dir='ltr'>exa-</span> 
     </span>
     <span class='ocr_line' id='line_1_107' title="bbox 1077 5721 1821 5801; baseline 0.001 -18"><span class='ocrx_word' id='word_1_553' title='bbox 1077 5723 1163 5784; x_wconf 92' lang='lat' dir='ltr'>mine</span> <span class='ocrx_word' id='word_1_554' title='bbox 1176 5721 1353 5800; x_wconf 72' lang='lat' dir='ltr'>perpensis</span> <span class='ocrx_word' id='word_1_555' title='bbox 1368 5723 1512 5784; x_wconf 89' lang='lat' dir='ltr'>eamdem</span> <span class='ocrx_word' id='word_1_556' title='bbox 1533 5721 1821 5801; x_wconf 85' lang='lat' dir='ltr'>Constantinopoli-</span> 
     </span>
    </p>
   </div>
   <div class='ocr_carea' id='block_1_14' title="bbox 0 0 2398 6980">
    <p class='ocr_par' dir='ltr' id='par_1_15' title="bbox 0 0 2398 6980">
     <span class='ocr_line' id='line_1_108' title="bbox 0 0 2398 6980; baseline 0 0"><span class='ocrx_word' id='word_1_557' title='bbox 0 0 2398 6980; x_wconf 95' lang='lat' dir='ltr'> </span> 
     </span>
    </p>
   </div>
   <div class='ocr_carea' id='block_1_15' title="bbox 1748 571 2042 633">
    <p class='ocr_par' dir='ltr' id='par_1_16' title="bbox 1748 571 2042 633">
     <span class='ocr_line' id='line_1_109' title="bbox 1748 571 2042 633; baseline -0.044 1"><span class='ocrx_word' id='word_1_558' title='bbox 1748 571 1803 633; x_wconf 80' lang='grc'>193</span> <span class='ocrx_word' id='word_1_559' title='bbox 1853 573 1951 624; x_wconf 69' lang='lat' dir='ltr'>nuc.</span> <span class='ocrx_word' id='word_1_560' title='bbox 1974 572 2042 622; x_wconf 83' lang='lat' dir='ltr'>mae</span> 
     </span>
    </p>
   </div>
  </div>
 </body>
</html>
