<?xml version="1.0" encoding="UTF-8"?>
<!DOCTYPE html PUBLIC "-//W3C//DTD XHTML 1.0 Transitional//EN"
    "http://www.w3.org/TR/xhtml1/DTD/xhtml1-transitional.dtd">
<html xmlns="http://www.w3.org/1999/xhtml" xml:lang="en" lang="en">
 <head>
  <title>
</title>
<meta http-equiv="Content-Type" content="text/html;charset=utf-8" />
  <meta name='ocr-system' content='tesseract 3.04.00' />
  <meta name='ocr-capabilities' content='ocr_page ocr_carea ocr_par ocr_line ocrx_word'/>
</head>
<body>
  <div class='ocr_page' id='page_1' title='image "./iurispontificii01martgoog_0186.png"; bbox 0 0 1290 1823; ppageno 0'>
   <div class='ocr_carea' id='block_1_1' title="bbox 561 182 812 195">
    <p class='ocr_par' dir='ltr' id='par_1_1' title="bbox 561 182 812 195">
     <span class='ocr_line' id='line_1_1' title="bbox 561 182 812 195; baseline 0 -1"><span class='ocrx_word' id='word_1_1' title='bbox 561 183 595 195; x_wconf 80' lang='lat' dir='ltr'>tun.</span> <span class='ocrx_word' id='word_1_2' title='bbox 606 183 652 195; x_wconf 72' lang='lat' dir='ltr'>rou&#39;r.</span> <span class='ocrx_word' id='word_1_3' title='bbox 664 182 684 194; x_wconf 69' lang='grc' dir='ltr'>»Ε</span> <span class='ocrx_word' id='word_1_4' title='bbox 694 182 710 194; x_wconf 71' lang='lat' dir='ltr'>P.</span> <span class='ocrx_word' id='word_1_5' title='bbox 721 183 737 194; x_wconf 76' lang='lat' dir='ltr'>r.</span> <span class='ocrx_word' id='word_1_6' title='bbox 748 182 790 194; x_wconf 69' lang='lat' dir='ltr'>tuus</span> <span class='ocrx_word' id='word_1_7' title='bbox 801 183 812 194; x_wconf 89' lang='lat'>1.</span> 
     </span>
    </p>
   </div>
   <div class='ocr_carea' id='block_1_2' title="bbox 482 212 680 1212">
    <p class='ocr_par' dir='ltr' id='par_1_2' title="bbox 482 212 680 1212">
     <span class='ocr_line' id='line_1_2' title="bbox 482 212 675 231; baseline -0.005 -2"><span class='ocrx_word' id='word_1_8' title='bbox 482 212 528 231; x_wconf 74' lang='lat' dir='ltr'>wlas,</span> <span class='ocrx_word' id='word_1_9' title='bbox 536 212 610 229; x_wconf 76' lang='lat' dir='ltr'>ecclesias</span> <span class='ocrx_word' id='word_1_10' title='bbox 621 214 638 228; x_wconf 86' lang='lat' dir='ltr'>et</span> <span class='ocrx_word' id='word_1_11' title='bbox 648 212 675 228; x_wconf 80' lang='lat' dir='ltr'>be-</span> 
     </span>
     <span class='ocr_line' id='line_1_3' title="bbox 482 235 676 256; baseline -0.005 -4"><span class='ocrx_word' id='word_1_12' title='bbox 482 238 496 252; x_wconf 76' lang='lat' dir='ltr'>et</span> <span class='ocrx_word' id='word_1_13' title='bbox 510 236 597 256; x_wconf 75' lang='lat' dir='ltr'>spectantia</span> <span class='ocrx_word' id='word_1_14' title='bbox 610 235 629 251; x_wconf 88' lang='lat' dir='ltr'>ab</span> <span class='ocrx_word' id='word_1_15' title='bbox 643 235 676 255; x_wconf 87' lang='lat' dir='ltr'>epi-</span> 
     </span>
     <span class='ocr_line' id='line_1_4' title="bbox 482 259 677 275; baseline -0.005 0"><span class='ocrx_word' id='word_1_16' title='bbox 482 260 524 275; x_wconf 86' lang='lat' dir='ltr'>curia</span> <span class='ocrx_word' id='word_1_17' title='bbox 539 259 644 275; x_wconf 71' lang='lat' dir='ltr'>extrahantur</span> <span class='ocrx_word' id='word_1_18' title='bbox 660 260 677 274; x_wconf 89' lang='lat' dir='ltr'>et</span> 
     </span>
     <span class='ocr_line' id='line_1_5' title="bbox 483 282 676 303; baseline -0.005 -5"><span class='ocrx_word' id='word_1_19' title='bbox 483 283 572 303; x_wconf 77' lang='lat' dir='ltr'>piscopatus</span> <span class='ocrx_word' id='word_1_20' title='bbox 587 282 676 302; x_wconf 55' lang='lat' dir='ltr'>Guayaqut</span> 
     </span>
     <span class='ocr_line' id='line_1_6' title="bbox 484 308 516 321; baseline 0 0"><span class='ocrx_word' id='word_1_21' title='bbox 484 308 516 321; x_wconf 75' lang='lat' dir='ltr'>tur.</span> 
     </span>
     <span class='ocr_line' id='line_1_7' title="bbox 482 328 676 345; baseline -0.005 0"><span class='ocrx_word' id='word_1_22' title='bbox 482 334 488 345; x_wconf 88' lang='lat'>)</span> <span class='ocrx_word' id='word_1_23' title='bbox 499 329 582 345; x_wconf 83' lang='lat' dir='ltr'>commoda</span> <span class='ocrx_word' id='word_1_24' title='bbox 590 330 606 344; x_wconf 90' lang='lat' dir='ltr'>et</span> <span class='ocrx_word' id='word_1_25' title='bbox 613 328 676 344; x_wconf 78' lang='lat' dir='ltr'>decenti</span> 
     </span>
     <span class='ocr_line' id='line_1_8' title="bbox 483 352 676 372; baseline -0.005 -4"><span class='ocrx_word' id='word_1_26' title='bbox 483 356 514 372; x_wconf 84' lang='lat' dir='ltr'>que</span> <span class='ocrx_word' id='word_1_27' title='bbox 525 352 542 368; x_wconf 88' lang='lat' dir='ltr'>in</span> <span class='ocrx_word' id='word_1_28' title='bbox 552 352 676 372; x_wconf 74' lang='lat' dir='ltr'>Guayaquilensi</span> 
     </span>
     <span class='ocr_line' id='line_1_9' title="bbox 482 375 676 391; baseline 0 0"><span class='ocrx_word' id='word_1_29' title='bbox 482 380 515 391; x_wconf 84' lang='lat' dir='ltr'>-um</span> <span class='ocrx_word' id='word_1_30' title='bbox 523 375 620 391; x_wconf 74' lang='lat' dir='ltr'>habitatione</span> <span class='ocrx_word' id='word_1_31' title='bbox 628 377 644 391; x_wconf 86' lang='lat' dir='ltr'>et</span> <span class='ocrx_word' id='word_1_32' title='bbox 650 379 676 391; x_wconf 81' lang='lat' dir='ltr'>cu-</span> 
     </span>
     <span class='ocr_line' id='line_1_10' title="bbox 482 398 676 418; baseline -0.01 -3"><span class='ocrx_word' id='word_1_33' title='bbox 482 399 540 415; x_wconf 87' lang='lat' dir='ltr'>identia</span> <span class='ocrx_word' id='word_1_34' title='bbox 550 398 621 418; x_wconf 85' lang='lat' dir='ltr'>proprias</span> <span class='ocrx_word' id='word_1_35' title='bbox 629 398 676 414; x_wconf 85' lang='lat' dir='ltr'>aedes</span> 
     </span>
     <span class='ocr_line' id='line_1_11' title="bbox 482 421 676 442; baseline -0.005 -4"><span class='ocrx_word' id='word_1_36' title='bbox 482 428 485 438; x_wconf 78' lang='lat' dir='ltr'>i</span> <span class='ocrx_word' id='word_1_37' title='bbox 501 422 536 438; x_wconf 77' lang='lat' dir='ltr'>fleri</span> <span class='ocrx_word' id='word_1_38' title='bbox 552 422 610 442; x_wconf 72' lang='lat' dir='ltr'>possit,</span> <span class='ocrx_word' id='word_1_39' title='bbox 627 421 676 437; x_wconf 82' lang='lat' dir='ltr'>eccle-</span> 
     </span>
     <span class='ocr_line' id='line_1_12' title="bbox 482 445 677 465; baseline 0 -4"><span class='ocrx_word' id='word_1_40' title='bbox 482 446 561 465; x_wconf 81' lang='lat' dir='ltr'>iprirnum</span> <span class='ocrx_word' id='word_1_41' title='bbox 572 445 650 465; x_wconf 77' lang='lat' dir='ltr'>assignari</span> <span class='ocrx_word' id='word_1_42' title='bbox 661 447 677 461; x_wconf 89' lang='lat' dir='ltr'>et</span> 
     </span>
     <span class='ocr_line' id='line_1_13' title="bbox 484 472 676 489; baseline -0.005 -4"><span class='ocrx_word' id='word_1_43' title='bbox 484 473 516 489; x_wconf 81' lang='lat' dir='ltr'>que</span> <span class='ocrx_word' id='word_1_44' title='bbox 527 473 575 485; x_wconf 80' lang='lat' dir='ltr'>censu</span> <span class='ocrx_word' id='word_1_45' title='bbox 584 473 613 489; x_wconf 90' lang='lat' dir='ltr'>pro</span> <span class='ocrx_word' id='word_1_46' title='bbox 620 472 676 484; x_wconf 85' lang='lat' dir='ltr'>earum</span> 
     </span>
     <span class='ocr_line' id='line_1_14' title="bbox 482 492 677 512; baseline -0.005 -4"><span class='ocrx_word' id='word_1_47' title='bbox 482 493 540 508; x_wconf 74' lang='lat' dir='ltr'>&#39;nimus</span> <span class='ocrx_word' id='word_1_48' title='bbox 552 494 600 512; x_wconf 75' lang='lat' dir='ltr'>atque</span> <span class='ocrx_word' id='word_1_49' title='bbox 613 492 677 508; x_wconf 82' lang='lat' dir='ltr'>mauda-</span> 
     </span>
     <span class='ocr_line' id='line_1_15' title="bbox 482 515 677 532; baseline -0.005 0"><span class='ocrx_word' id='word_1_50' title='bbox 482 516 533 532; x_wconf 75' lang='lat' dir='ltr'>iesint</span> <span class='ocrx_word' id='word_1_51' title='bbox 541 517 558 531; x_wconf 90' lang='lat' dir='ltr'>et</span> <span class='ocrx_word' id='word_1_52' title='bbox 564 515 677 531; x_wconf 69' lang='lat' dir='ltr'>conducendae</span> 
     </span>
     <span class='ocr_line' id='line_1_16' title="bbox 482 539 677 559; baseline -0.005 -4"><span class='ocrx_word' id='word_1_53' title='bbox 482 539 522 555; x_wconf 88' lang='lat' dir='ltr'>ionis</span> <span class='ocrx_word' id='word_1_54' title='bbox 533 543 562 559; x_wconf 89' lang='lat' dir='ltr'>pro</span> <span class='ocrx_word' id='word_1_55' title='bbox 573 543 629 555; x_wconf 86' lang='lat' dir='ltr'>earum</span> <span class='ocrx_word' id='word_1_56' title='bbox 640 542 677 554; x_wconf 86' lang='lat' dir='ltr'>con-</span> 
     </span>
     <span class='ocr_line' id='line_1_17' title="bbox 488 562 677 578; baseline -0.005 0"><span class='ocrx_word' id='word_1_57' title='bbox 488 563 555 578; x_wconf 82' lang='lat' dir='ltr'>omnino</span> <span class='ocrx_word' id='word_1_58' title='bbox 566 562 621 578; x_wconf 78' lang='lat' dir='ltr'>haberi</span> <span class='ocrx_word' id='word_1_59' title='bbox 632 562 677 577; x_wconf 90' lang='lat' dir='ltr'>volu-</span> 
     </span>
     <span class='ocr_line' id='line_1_18' title="bbox 483 586 677 601; baseline 0 0"><span class='ocrx_word' id='word_1_60' title='bbox 483 590 497 601; x_wconf 91' lang='lat' dir='ltr'>s.</span> <span class='ocrx_word' id='word_1_61' title='bbox 511 586 532 601; x_wconf 91' lang='lat' dir='ltr'>Ut</span> <span class='ocrx_word' id='word_1_62' title='bbox 546 586 610 601; x_wconf 80' lang='lat' dir='ltr'>tuturus</span> <span class='ocrx_word' id='word_1_63' title='bbox 623 587 677 601; x_wconf 74' lang='lat' dir='ltr'>autem</span> 
     </span>
     <span class='ocr_line' id='line_1_19' title="bbox 482 608 677 629; baseline -0.005 -4"><span class='ocrx_word' id='word_1_64' title='bbox 482 613 493 625; x_wconf 71' lang='lat' dir='ltr'>is</span> <span class='ocrx_word' id='word_1_65' title='bbox 500 609 633 629; x_wconf 80' lang='lat' dir='ltr'>Guayaqnilensis</span> <span class='ocrx_word' id='word_1_66' title='bbox 640 608 677 628; x_wconf 80' lang='lat' dir='ltr'>Epi-</span> 
     </span>
     <span class='ocr_line' id='line_1_20' title="bbox 482 632 677 652; baseline 0 -4"><span class='ocrx_word' id='word_1_67' title='bbox 482 636 527 648; x_wconf 84' lang='lat' dir='ltr'>suam</span> <span class='ocrx_word' id='word_1_68' title='bbox 534 632 628 652; x_wconf 85' lang='lat' dir='ltr'>dignitatem</span> <span class='ocrx_word' id='word_1_69' title='bbox 634 632 677 648; x_wconf 86' lang='lat' dir='ltr'>tueri</span> 
     </span>
     <span class='ocr_line' id='line_1_21' title="bbox 482 655 678 675; baseline 0 -4"><span class='ocrx_word' id='word_1_70' title='bbox 482 656 486 671; x_wconf 90' lang='lat' dir='ltr'>i</span> <span class='ocrx_word' id='word_1_71' title='bbox 498 657 514 671; x_wconf 87' lang='lat' dir='ltr'>et</span> <span class='ocrx_word' id='word_1_72' title='bbox 524 656 578 671; x_wconf 87' lang='lat' dir='ltr'>curiae</span> <span class='ocrx_word' id='word_1_73' title='bbox 592 655 678 675; x_wconf 86' lang='lat' dir='ltr'>episcopali</span> 
     </span>
     <span class='ocr_line' id='line_1_22' title="bbox 484 681 677 699; baseline -0.005 -4"><span class='ocrx_word' id='word_1_74' title='bbox 484 681 505 697; x_wconf 81' lang='lat' dir='ltr'>at,</span> <span class='ocrx_word' id='word_1_75' title='bbox 516 683 604 699; x_wconf 80' lang='lat' dir='ltr'>congruam</span> <span class='ocrx_word' id='word_1_76' title='bbox 615 681 677 699; x_wconf 87' lang='lat' dir='ltr'>partem</span> 
     </span>
     <span class='ocr_line' id='line_1_23' title="bbox 482 702 678 722; baseline 0 -4"><span class='ocrx_word' id='word_1_77' title='bbox 482 703 512 719; x_wconf 78' lang='lat' dir='ltr'>icia</span> <span class='ocrx_word' id='word_1_78' title='bbox 517 702 641 722; x_wconf 82' lang='lat' dir='ltr'>Guayaquilensi</span> <span class='ocrx_word' id='word_1_79' title='bbox 646 702 678 718; x_wconf 61' lang='lat' dir='ltr'>cut</span> 
     </span>
     <span class='ocr_line' id='line_1_24' title="bbox 482 726 677 746; baseline 0 -5"><span class='ocrx_word' id='word_1_80' title='bbox 482 728 494 741; x_wconf 85' lang='grc' dir='ltr'>ιι</span> <span class='ocrx_word' id='word_1_81' title='bbox 505 726 596 746; x_wconf 81' lang='lat' dir='ltr'>praelertur</span> <span class='ocrx_word' id='word_1_82' title='bbox 608 729 677 741; x_wconf 81' lang='lat' dir='ltr'>annuam</span> 
     </span>
     <span class='ocr_line' id='line_1_25' title="bbox 482 749 678 769; baseline 0 -4"><span class='ocrx_word' id='word_1_83' title='bbox 482 753 495 765; x_wconf 75' lang='lat' dir='ltr'>in</span> <span class='ocrx_word' id='word_1_84' title='bbox 509 749 567 769; x_wconf 87' lang='lat' dir='ltr'>viginti</span> <span class='ocrx_word' id='word_1_85' title='bbox 580 749 629 765; x_wconf 81' lang='lat' dir='ltr'>trium</span> <span class='ocrx_word' id='word_1_86' title='bbox 642 749 678 765; x_wconf 62' lang='lat' dir='ltr'>mil&gt;</span> 
     </span>
     <span class='ocr_line' id='line_1_26' title="bbox 482 772 677 792; baseline 0 -4"><span class='ocrx_word' id='word_1_87' title='bbox 482 774 526 792; x_wconf 66' lang='lat' dir='ltr'>gunt,</span> <span class='ocrx_word' id='word_1_88' title='bbox 537 772 604 792; x_wconf 84' lang='lat' dir='ltr'>reliquis</span> <span class='ocrx_word' id='word_1_89' title='bbox 619 773 677 792; x_wconf 81' lang='lat' dir='ltr'>viginti</span> 
     </span>
     <span class='ocr_line' id='line_1_27' title="bbox 491 795 678 815; baseline 0 -4"><span class='ocrx_word' id='word_1_90' title='bbox 491 795 582 811; x_wconf 86' lang='lat' dir='ltr'>Conchensi</span> <span class='ocrx_word' id='word_1_91' title='bbox 596 796 678 815; x_wconf 83' lang='lat' dir='ltr'>provincia</span> 
     </span>
     <span class='ocr_line' id='line_1_28' title="bbox 482 819 678 835; baseline 0.005 -1"><span class='ocrx_word' id='word_1_92' title='bbox 482 819 524 835; x_wconf 76' lang='lat' dir='ltr'>:lesia</span> <span class='ocrx_word' id='word_1_93' title='bbox 537 819 624 835; x_wconf 73' lang='lat' dir='ltr'>cathedrali</span> <span class='ocrx_word' id='word_1_94' title='bbox 637 819 678 835; x_wconf 83' lang='lat' dir='ltr'>Con-</span> 
     </span>
     <span class='ocr_line' id='line_1_29' title="bbox 490 842 678 860; baseline 0 -2"><span class='ocrx_word' id='word_1_95' title='bbox 490 842 599 860; x_wconf 75' lang='lat' dir='ltr'>manentibus.</span> <span class='ocrx_word' id='word_1_96' title='bbox 613 846 678 858; x_wconf 81' lang='lat' dir='ltr'>mensae</span> 
     </span>
     <span class='ocr_line' id='line_1_30' title="bbox 492 865 678 886; baseline 0 -5"><span class='ocrx_word' id='word_1_97' title='bbox 492 865 607 881; x_wconf 78' lang='lat' dir='ltr'>ecclesiasticae</span> <span class='ocrx_word' id='word_1_98' title='bbox 618 866 678 886; x_wconf 83' lang='lat' dir='ltr'>Guaya-</span> 
     </span>
     <span class='ocr_line' id='line_1_31' title="bbox 490 889 678 909; baseline 0.005 -5"><span class='ocrx_word' id='word_1_99' title='bbox 490 889 551 909; x_wconf 84' lang='lat' dir='ltr'>pariter</span> <span class='ocrx_word' id='word_1_100' title='bbox 558 889 575 905; x_wconf 87' lang='lat' dir='ltr'>in</span> <span class='ocrx_word' id='word_1_101' title='bbox 582 889 649 905; x_wconf 88' lang='lat' dir='ltr'>modum</span> <span class='ocrx_word' id='word_1_102' title='bbox 655 894 678 905; x_wconf 60' lang='lat' dir='ltr'>as&lt;</span> 
     </span>
     <span class='ocr_line' id='line_1_32' title="bbox 483 912 678 929; baseline 0 -1"><span class='ocrx_word' id='word_1_103' title='bbox 483 912 580 928; x_wconf 81' lang='lat' dir='ltr'>iudicamus:</span> <span class='ocrx_word' id='word_1_104' title='bbox 595 913 678 929; x_wconf 80' lang='lat' dir='ltr'>executori</span> 
     </span>
     <span class='ocr_line' id='line_1_33' title="bbox 487 936 678 956; baseline 0.005 -5"><span class='ocrx_word' id='word_1_105' title='bbox 487 936 578 951; x_wconf 86' lang='lat' dir='ltr'>litterarum</span> <span class='ocrx_word' id='word_1_106' title='bbox 586 936 678 956; x_wconf 80' lang='lat' dir='ltr'>apostolica-</span> 
     </span>
     <span class='ocr_line' id='line_1_34' title="bbox 482 959 678 977; baseline 0.005 -2"><span class='ocrx_word' id='word_1_107' title='bbox 482 959 532 977; x_wconf 68' lang='lat' dir='ltr'>tando.</span> <span class='ocrx_word' id='word_1_108' title='bbox 544 959 609 975; x_wconf 82' lang='lat' dir='ltr'>attentis</span> <span class='ocrx_word' id='word_1_109' title='bbox 622 964 678 976; x_wconf 88' lang='lat' dir='ltr'>rerum</span> 
     </span>
     <span class='ocr_line' id='line_1_35' title="bbox 484 983 678 999; baseline 0 -1"><span class='ocrx_word' id='word_1_110' title='bbox 484 986 511 998; x_wconf 89' lang='lat' dir='ltr'>um</span> <span class='ocrx_word' id='word_1_111' title='bbox 520 984 536 998; x_wconf 84' lang='lat' dir='ltr'>et</span> <span class='ocrx_word' id='word_1_112' title='bbox 543 986 598 998; x_wconf 81' lang='lat' dir='ltr'>curam</span> <span class='ocrx_word' id='word_1_113' title='bbox 605 983 678 999; x_wconf 87' lang='lat' dir='ltr'>commit-</span> 
     </span>
     <span class='ocr_line' id='line_1_36' title="bbox 482 1006 678 1026; baseline 0.005 -5"><span class='ocrx_word' id='word_1_114' title='bbox 482 1007 521 1021; x_wconf 65' lang='lat' dir='ltr'>rtem</span> <span class='ocrx_word' id='word_1_115' title='bbox 528 1006 678 1026; x_wconf 83' lang='lat' dir='ltr'>decimarum&#39;prae-</span> 
     </span>
     <span class='ocr_line' id='line_1_37' title="bbox 482 1029 679 1045; baseline 0.005 -1"><span class='ocrx_word' id='word_1_116' title='bbox 482 1032 508 1044; x_wconf 88' lang='lat' dir='ltr'>um</span> <span class='ocrx_word' id='word_1_117' title='bbox 519 1033 565 1044; x_wconf 88' lang='lat' dir='ltr'>more</span> <span class='ocrx_word' id='word_1_118' title='bbox 573 1031 589 1045; x_wconf 81' lang='lat' dir='ltr'>et</span> <span class='ocrx_word' id='word_1_119' title='bbox 599 1033 629 1045; x_wconf 81' lang='lat' dir='ltr'>usu</span> <span class='ocrx_word' id='word_1_120' title='bbox 641 1029 679 1045; x_wconf 63' lang='lat' dir='ltr'>defi&gt;</span> 
     </span>
     <span class='ocr_line' id='line_1_38' title="bbox 482 1052 678 1073; baseline 0.01 -6"><span class='ocrx_word' id='word_1_121' title='bbox 482 1052 537 1068; x_wconf 86' lang='lat' dir='ltr'>ihendi</span> <span class='ocrx_word' id='word_1_122' title='bbox 542 1052 559 1068; x_wconf 88' lang='lat' dir='ltr'>in</span> <span class='ocrx_word' id='word_1_123' title='bbox 563 1052 594 1068; x_wconf 87' lang='lat' dir='ltr'>hoc</span> <span class='ocrx_word' id='word_1_124' title='bbox 600 1056 642 1071; x_wconf 81' lang='lat' dir='ltr'>casn.</span> <span class='ocrx_word' id='word_1_125' title='bbox 648 1057 678 1073; x_wconf 78' lang='lat' dir='ltr'>qua</span> 
     </span>
     <span class='ocr_line' id='line_1_39' title="bbox 482 1075 679 1092; baseline 0.005 -1"><span class='ocrx_word' id='word_1_126' title='bbox 482 1077 487 1091; x_wconf 84' lang='lat' dir='ltr'>t</span> <span class='ocrx_word' id='word_1_127' title='bbox 500 1075 553 1091; x_wconf 75' lang='lat' dir='ltr'>curiae</span> <span class='ocrx_word' id='word_1_128' title='bbox 564 1075 679 1092; x_wconf 79' lang='lat' dir='ltr'>ecclesiasticae</span> 
     </span>
     <span class='ocr_line' id='line_1_40' title="bbox 482 1099 679 1118; baseline 0.005 -4"><span class='ocrx_word' id='word_1_129' title='bbox 482 1102 510 1117; x_wconf 84' lang='lat' dir='ltr'>im,</span> <span class='ocrx_word' id='word_1_130' title='bbox 522 1099 622 1118; x_wconf 83' lang='lat' dir='ltr'>caeterisque</span> <span class='ocrx_word' id='word_1_131' title='bbox 634 1099 679 1115; x_wconf 90' lang='lat' dir='ltr'>insti-</span> 
     </span>
     <span class='ocr_line' id='line_1_41' title="bbox 484 1122 679 1142; baseline 0.005 -5"><span class='ocrx_word' id='word_1_132' title='bbox 484 1122 527 1137; x_wconf 89' lang='lat' dir='ltr'>isnm</span> <span class='ocrx_word' id='word_1_133' title='bbox 534 1122 560 1140; x_wconf 83' lang='lat' dir='ltr'>sit,</span> <span class='ocrx_word' id='word_1_134' title='bbox 569 1126 586 1138; x_wconf 80' lang='lat' dir='ltr'>ac</span> <span class='ocrx_word' id='word_1_135' title='bbox 594 1124 679 1142; x_wconf 86' lang='lat' dir='ltr'>propterea</span> 
     </span>
     <span class='ocr_line' id='line_1_42' title="bbox 483 1145 680 1164; baseline 0.01 -4"><span class='ocrx_word' id='word_1_136' title='bbox 483 1145 558 1161; x_wconf 83' lang='lat' dir='ltr'>cessarias</span> <span class='ocrx_word' id='word_1_137' title='bbox 566 1145 654 1164; x_wconf 75' lang='lat' dir='ltr'>facultates,</span> <span class='ocrx_word' id='word_1_138' title='bbox 661 1148 680 1162; x_wconf 87' lang='lat' dir='ltr'>ut</span> 
     </span>
     <span class='ocr_line' id='line_1_43' title="bbox 494 1169 678 1187; baseline 0.011 -3"><span class='ocrx_word' id='word_1_139' title='bbox 494 1169 557 1184; x_wconf 84' lang='lat' dir='ltr'>decreta</span> <span class='ocrx_word' id='word_1_140' title='bbox 565 1169 614 1185; x_wconf 82' lang='lat' dir='ltr'>edere</span> <span class='ocrx_word' id='word_1_141' title='bbox 621 1169 678 1187; x_wconf 82' lang='lat' dir='ltr'>valeat.</span> 
     </span>
     <span class='ocr_line' id='line_1_44' title="bbox 482 1192 679 1212; baseline 0 -4"><span class='ocrx_word' id='word_1_142' title='bbox 482 1192 585 1212; x_wconf 87' lang='lat' dir='ltr'>impertimur</span> <span class='ocrx_word' id='word_1_143' title='bbox 590 1194 638 1212; x_wconf 80' lang='lat' dir='ltr'>atque</span> <span class='ocrx_word' id='word_1_144' title='bbox 642 1197 679 1209; x_wconf 87' lang='lat' dir='ltr'>con-</span> 
     </span>
    </p>
   </div>
   <div class='ocr_carea' id='block_1_3' title="bbox 482 1239 681 1541">
    <p class='ocr_par' dir='ltr' id='par_1_3' title="bbox 482 1239 681 1541">
     <span class='ocr_line' id='line_1_45' title="bbox 482 1239 679 1255; baseline 0.005 -1"><span class='ocrx_word' id='word_1_145' title='bbox 482 1243 489 1254; x_wconf 90' lang='lat' dir='ltr'>a</span> <span class='ocrx_word' id='word_1_146' title='bbox 501 1240 554 1255; x_wconf 89' lang='lat' dir='ltr'>autem</span> <span class='ocrx_word' id='word_1_147' title='bbox 566 1239 632 1255; x_wconf 85' lang='lat' dir='ltr'>ecclesia</span> <span class='ocrx_word' id='word_1_148' title='bbox 641 1239 679 1255; x_wconf 82' lang='lat' dir='ltr'>San-</span> 
     </span>
     <span class='ocr_line' id='line_1_46' title="bbox 482 1262 679 1279; baseline 0.005 -1"><span class='ocrx_word' id='word_1_149' title='bbox 482 1263 485 1278; x_wconf 98' lang='grc' dir='ltr'>Ι</span> <span class='ocrx_word' id='word_1_150' title='bbox 493 1262 588 1278; x_wconf 86' lang='lat' dir='ltr'>cathedralis</span> <span class='ocrx_word' id='word_1_151' title='bbox 599 1263 679 1279; x_wconf 83' lang='lat' dir='ltr'>honorem</span> 
     </span>
     <span class='ocr_line' id='line_1_47' title="bbox 483 1286 679 1306; baseline 0.005 -5"><span class='ocrx_word' id='word_1_152' title='bbox 483 1288 531 1305; x_wconf 72' lang='lat' dir='ltr'>atque</span> <span class='ocrx_word' id='word_1_153' title='bbox 548 1286 626 1306; x_wconf 77' lang='lat' dir='ltr'>erigimus</span> <span class='ocrx_word' id='word_1_154' title='bbox 639 1287 679 1306; x_wconf 79' lang='lat' dir='ltr'>capi-</span> 
     </span>
     <span class='ocr_line' id='line_1_48' title="bbox 487 1309 679 1326; baseline 0 -1"><span class='ocrx_word' id='word_1_155' title='bbox 487 1309 544 1325; x_wconf 83' lang='lat' dir='ltr'>saltem</span> <span class='ocrx_word' id='word_1_156' title='bbox 552 1311 626 1325; x_wconf 83' lang='lat' dir='ltr'>constans</span> <span class='ocrx_word' id='word_1_157' title='bbox 633 1314 679 1326; x_wconf 84' lang='lat' dir='ltr'>cano-</span> 
     </span>
     <span class='ocr_line' id='line_1_49' title="bbox 482 1333 679 1353; baseline 0 -4"><span class='ocrx_word' id='word_1_158' title='bbox 482 1337 497 1352; x_wconf 80' lang='lat' dir='ltr'>s.</span> <span class='ocrx_word' id='word_1_159' title='bbox 507 1333 550 1349; x_wconf 88' lang='lat' dir='ltr'>inter</span> <span class='ocrx_word' id='word_1_160' title='bbox 561 1337 600 1353; x_wconf 86' lang='lat' dir='ltr'>quas</span> <span class='ocrx_word' id='word_1_161' title='bbox 611 1333 679 1349; x_wconf 87' lang='lat' dir='ltr'>habean-</span> 
     </span>
     <span class='ocr_line' id='line_1_50' title="bbox 482 1357 678 1376; baseline 0 -4"><span class='ocrx_word' id='word_1_162' title='bbox 482 1361 495 1375; x_wconf 77' lang='lat' dir='ltr'>s.</span> <span class='ocrx_word' id='word_1_163' title='bbox 512 1360 570 1376; x_wconf 85' lang='lat' dir='ltr'>nempe</span> <span class='ocrx_word' id='word_1_164' title='bbox 585 1357 678 1376; x_wconf 65' lang='lat' dir='ltr'>decanatus,</span> 
     </span>
     <span class='ocr_line' id='line_1_51' title="bbox 483 1380 679 1400; baseline 0.005 -5"><span class='ocrx_word' id='word_1_165' title='bbox 483 1381 498 1396; x_wconf 82' lang='lat' dir='ltr'>st</span> <span class='ocrx_word' id='word_1_166' title='bbox 509 1380 616 1400; x_wconf 73' lang='lat' dir='ltr'>pontificalem</span> <span class='ocrx_word' id='word_1_167' title='bbox 628 1380 679 1400; x_wconf 85' lang='lat' dir='ltr'>digni-</span> 
     </span>
     <span class='ocr_line' id='line_1_52' title="bbox 482 1404 680 1419; baseline 0 0"><span class='ocrx_word' id='word_1_168' title='bbox 482 1405 530 1419; x_wconf 80' lang='lat' dir='ltr'>tctum</span> <span class='ocrx_word' id='word_1_169' title='bbox 541 1407 582 1419; x_wconf 84' lang='lat' dir='ltr'>onus</span> <span class='ocrx_word' id='word_1_170' title='bbox 592 1407 640 1419; x_wconf 88' lang='lat' dir='ltr'>curae</span> <span class='ocrx_word' id='word_1_171' title='bbox 647 1404 680 1419; x_wconf 87' lang='lat' dir='ltr'>ani-</span> 
     </span>
     <span class='ocr_line' id='line_1_53' title="bbox 484 1427 680 1447; baseline 0.005 -5"><span class='ocrx_word' id='word_1_172' title='bbox 484 1427 528 1447; x_wconf 86' lang='lat' dir='ltr'>prius</span> <span class='ocrx_word' id='word_1_173' title='bbox 536 1427 639 1443; x_wconf 74' lang='lat' dir='ltr'>exercebitur</span> <span class='ocrx_word' id='word_1_174' title='bbox 646 1427 680 1443; x_wconf 85' lang='lat' dir='ltr'>abs-</span> 
     </span>
     <span class='ocr_line' id='line_1_54' title="bbox 482 1450 679 1470; baseline 0 -4"><span class='ocrx_word' id='word_1_175' title='bbox 482 1454 497 1469; x_wconf 80' lang='lat' dir='ltr'>e,</span> <span class='ocrx_word' id='word_1_176' title='bbox 506 1451 522 1466; x_wconf 91' lang='lat' dir='ltr'>et</span> <span class='ocrx_word' id='word_1_177' title='bbox 529 1450 602 1470; x_wconf 74' lang='lat' dir='ltr'>magistri</span> <span class='ocrx_word' id='word_1_178' title='bbox 609 1450 679 1469; x_wconf 79' lang='lat' dir='ltr'>scholae.</span> 
     </span>
     <span class='ocr_line' id='line_1_55' title="bbox 482 1472 680 1494; baseline 0.005 -5"><span class='ocrx_word' id='word_1_179' title='bbox 482 1472 526 1490; x_wconf 61' lang='lat' dir='ltr'>Jdno</span> <span class='ocrx_word' id='word_1_180' title='bbox 537 1474 638 1490; x_wconf 75' lang='lat' dir='ltr'>canonicatus</span> <span class='ocrx_word' id='word_1_181' title='bbox 651 1478 680 1494; x_wconf 83' lang='lat' dir='ltr'>pro</span> 
     </span>
     <span class='ocr_line' id='line_1_56' title="bbox 482 1497 681 1517; baseline 0 -4"><span class='ocrx_word' id='word_1_182' title='bbox 482 1499 497 1513; x_wconf 91' lang='lat' dir='ltr'>et</span> <span class='ocrx_word' id='word_1_183' title='bbox 507 1497 583 1513; x_wconf 83' lang='lat' dir='ltr'>canonico</span> <span class='ocrx_word' id='word_1_184' title='bbox 597 1498 681 1517; x_wconf 84' lang='lat' dir='ltr'>poeniten—</span> 
     </span>
     <span class='ocr_line' id='line_1_57' title="bbox 484 1521 681 1541; baseline 0.01 -5"><span class='ocrx_word' id='word_1_185' title='bbox 484 1521 519 1537; x_wconf 88' lang='lat' dir='ltr'>aliis</span> <span class='ocrx_word' id='word_1_186' title='bbox 530 1521 624 1541; x_wconf 81' lang='lat' dir='ltr'>praebendis</span> <span class='ocrx_word' id='word_1_187' title='bbox 632 1521 681 1538; x_wconf 88' lang='lat' dir='ltr'>bene-</span> 
     </span>
    </p>
   </div>
   <div class='ocr_carea' id='block_1_4' title="bbox 691 324 697 1541">
    <p class='ocr_par' dir='ltr' id='par_1_4' title="bbox 691 324 697 1541">
     <span class='ocr_line' id='line_1_58' title="bbox 691 324 697 1541; baseline 0 0"><span class='ocrx_word' id='word_1_188' title='bbox 691 324 697 1541; x_wconf 95' lang='lat' dir='ltr'> </span> 
     </span>
    </p>
   </div>
   <div class='ocr_carea' id='block_1_5' title="bbox 704 212 1079 1095">
    <p class='ocr_par' dir='ltr' id='par_1_5' title="bbox 704 212 1079 1068">
     <span class='ocr_line' id='line_1_59' title="bbox 704 212 1076 232; baseline 0 -5"><span class='ocrx_word' id='word_1_189' title='bbox 704 212 767 227; x_wconf 84' lang='lat' dir='ltr'>ssciariis</span> <span class='ocrx_word' id='word_1_190' title='bbox 783 212 839 228; x_wconf 88' lang='lat' dir='ltr'>maiori</span> <span class='ocrx_word' id='word_1_191' title='bbox 855 213 872 228; x_wconf 83' lang='lat' dir='ltr'>et</span> <span class='ocrx_word' id='word_1_192' title='bbox 886 212 945 227; x_wconf 88' lang='lat' dir='ltr'>tniuori</span> <span class='ocrx_word' id='word_1_193' title='bbox 960 212 1076 232; x_wconf 81' lang='lat' dir='ltr'>nuncupandis.</span> 
     </span>
     <span class='ocr_line' id='line_1_60' title="bbox 704 235 1078 251; baseline 0.003 -1"><span class='ocrx_word' id='word_1_194' title='bbox 704 235 799 251; x_wconf 80' lang='lat' dir='ltr'>Huiusmodi</span> <span class='ocrx_word' id='word_1_195' title='bbox 807 239 846 251; x_wconf 85' lang='lat' dir='ltr'>vero</span> <span class='ocrx_word' id='word_1_196' title='bbox 857 235 979 251; x_wconf 78' lang='lat' dir='ltr'>canonicatuum</span> <span class='ocrx_word' id='word_1_197' title='bbox 990 236 1006 251; x_wconf 89' lang='lat' dir='ltr'>et</span> <span class='ocrx_word' id='word_1_198' title='bbox 1018 235 1078 251; x_wconf 62' lang='lat' dir='ltr'>bened&gt;</span> 
     </span>
     <span class='ocr_line' id='line_1_61' title="bbox 704 258 1077 278; baseline 0 -4"><span class='ocrx_word' id='word_1_199' title='bbox 704 258 766 274; x_wconf 88' lang='lat' dir='ltr'>ciorum</span> <span class='ocrx_word' id='word_1_200' title='bbox 777 259 866 274; x_wconf 83' lang='lat' dir='ltr'>clioralium</span> <span class='ocrx_word' id='word_1_201' title='bbox 880 262 976 277; x_wconf 72' lang='lat' dir='ltr'>numerum,</span> <span class='ocrx_word' id='word_1_202' title='bbox 988 262 1020 278; x_wconf 70' lang='lat' dir='ltr'>quo</span> <span class='ocrx_word' id='word_1_203' title='bbox 1031 259 1077 274; x_wconf 84' lang='lat' dir='ltr'>citius</span> 
     </span>
     <span class='ocr_line' id='line_1_62' title="bbox 704 282 1077 302; baseline 0.003 -5"><span class='ocrx_word' id='word_1_204' title='bbox 704 282 739 297; x_wconf 82' lang='lat' dir='ltr'>fleri</span> <span class='ocrx_word' id='word_1_205' title='bbox 750 282 818 302; x_wconf 78' lang='lat' dir='ltr'>poterit.</span> <span class='ocrx_word' id='word_1_206' title='bbox 830 282 886 301; x_wconf 73' lang='lat' dir='ltr'>augeri</span> <span class='ocrx_word' id='word_1_207' title='bbox 900 282 986 300; x_wconf 78' lang='lat' dir='ltr'>edicimus.</span> <span class='ocrx_word' id='word_1_208' title='bbox 1000 284 1019 298; x_wconf 91' lang='lat' dir='ltr'>ut</span> <span class='ocrx_word' id='word_1_209' title='bbox 1032 282 1077 298; x_wconf 80' lang='lat' dir='ltr'>chori</span> 
     </span>
     <span class='ocr_line' id='line_1_63' title="bbox 704 305 1077 321; baseline 0 0"><span class='ocrx_word' id='word_1_210' title='bbox 704 305 789 321; x_wconf 82' lang='lat' dir='ltr'>servitium</span> <span class='ocrx_word' id='word_1_211' title='bbox 800 306 831 321; x_wconf 88' lang='lat' dir='ltr'>rite</span> <span class='ocrx_word' id='word_1_212' title='bbox 844 306 917 321; x_wconf 77' lang='lat' dir='ltr'>exerceri</span> <span class='ocrx_word' id='word_1_213' title='bbox 931 305 983 321; x_wconf 75' lang='lat' dir='ltr'>valeat</span> <span class='ocrx_word' id='word_1_214' title='bbox 993 305 1013 321; x_wconf 83' lang='lat' dir='ltr'>ad</span> <span class='ocrx_word' id='word_1_215' title='bbox 1028 305 1077 321; x_wconf 78' lang='lat' dir='ltr'>officia</span> 
     </span>
     <span class='ocr_line' id='line_1_64' title="bbox 705 328 1078 348; baseline 0 -4"><span class='ocrx_word' id='word_1_216' title='bbox 705 328 758 344; x_wconf 87' lang='lat' dir='ltr'>divina</span> <span class='ocrx_word' id='word_1_217' title='bbox 765 328 821 344; x_wconf 89' lang='lat' dir='ltr'>sedulo</span> <span class='ocrx_word' id='word_1_218' title='bbox 829 329 925 348; x_wconf 81' lang='lat' dir='ltr'>peragenda.</span> <span class='ocrx_word' id='word_1_219' title='bbox 934 330 951 344; x_wconf 88' lang='lat' dir='ltr'>et</span> <span class='ocrx_word' id='word_1_220' title='bbox 957 329 976 344; x_wconf 84' lang='lat' dir='ltr'>ad</span> <span class='ocrx_word' id='word_1_221' title='bbox 982 328 1010 344; x_wconf 83' lang='lat' dir='ltr'>Dei</span> <span class='ocrx_word' id='word_1_222' title='bbox 1016 328 1078 344; x_wconf 89' lang='lat' dir='ltr'>cultum</span> 
     </span>
     <span class='ocr_line' id='line_1_65' title="bbox 705 352 1077 372; baseline 0.003 -5"><span class='ocrx_word' id='word_1_223' title='bbox 705 352 766 370; x_wconf 66' lang='lat' dir='ltr'>maiori,</span> <span class='ocrx_word' id='word_1_224' title='bbox 779 356 811 371; x_wconf 81' lang='lat' dir='ltr'>quo</span> <span class='ocrx_word' id='word_1_225' title='bbox 822 352 873 370; x_wconf 79' lang='lat' dir='ltr'>decet.</span> <span class='ocrx_word' id='word_1_226' title='bbox 880 352 966 372; x_wconf 76' lang='lat' dir='ltr'>splendore</span> <span class='ocrx_word' id='word_1_227' title='bbox 977 356 994 368; x_wconf 79' lang='lat' dir='ltr'>ac</span> <span class='ocrx_word' id='word_1_228' title='bbox 1002 356 1077 368; x_wconf 70' lang='lat' dir='ltr'>reveren-</span> 
     </span>
     <span class='ocr_line' id='line_1_66' title="bbox 705 375 1078 395; baseline 0 -4"><span class='ocrx_word' id='word_1_229' title='bbox 705 376 726 391; x_wconf 81' lang='lat' dir='ltr'>tia</span> <span class='ocrx_word' id='word_1_230' title='bbox 731 375 846 391; x_wconf 84' lang='lat' dir='ltr'>decorandum:</span> <span class='ocrx_word' id='word_1_231' title='bbox 859 377 907 395; x_wconf 83' lang='lat' dir='ltr'>atque</span> <span class='ocrx_word' id='word_1_232' title='bbox 914 375 965 391; x_wconf 82' lang='lat' dir='ltr'>hacin</span> <span class='ocrx_word' id='word_1_233' title='bbox 971 380 989 391; x_wconf 92' lang='lat' dir='ltr'>re</span> <span class='ocrx_word' id='word_1_234' title='bbox 998 375 1052 391; x_wconf 86' lang='lat' dir='ltr'>zelum</span> <span class='ocrx_word' id='word_1_235' title='bbox 1062 377 1078 391; x_wconf 88' lang='lat' dir='ltr'>et</span> 
     </span>
     <span class='ocr_line' id='line_1_67' title="bbox 705 399 1078 415; baseline 0 -1"><span class='ocrx_word' id='word_1_236' title='bbox 705 403 759 414; x_wconf 88' lang='lat' dir='ltr'>curam</span> <span class='ocrx_word' id='word_1_237' title='bbox 767 403 833 414; x_wconf 88' lang='lat' dir='ltr'>omnem</span> <span class='ocrx_word' id='word_1_238' title='bbox 841 399 901 415; x_wconf 82' lang='lat' dir='ltr'>nedum</span> <span class='ocrx_word' id='word_1_239' title='bbox 909 399 982 415; x_wconf 85' lang='lat' dir='ltr'>eiusdem</span> <span class='ocrx_word' id='word_1_240' title='bbox 988 399 1078 415; x_wconf 80' lang='lat' dir='ltr'>litterarum</span> 
     </span>
     <span class='ocr_line' id='line_1_68' title="bbox 705 422 1078 442; baseline 0.003 -5"><span class='ocrx_word' id='word_1_241' title='bbox 705 422 828 442; x_wconf 82' lang='lat' dir='ltr'>apostolicarum</span> <span class='ocrx_word' id='word_1_242' title='bbox 839 422 936 440; x_wconf 77' lang='lat' dir='ltr'>executoris,</span> <span class='ocrx_word' id='word_1_243' title='bbox 946 422 974 438; x_wconf 91' lang='lat' dir='ltr'>sed</span> <span class='ocrx_word' id='word_1_244' title='bbox 986 424 1003 438; x_wconf 81' lang='lat' dir='ltr'>et</span> <span class='ocrx_word' id='word_1_245' title='bbox 1015 422 1078 442; x_wconf 82' lang='lat' dir='ltr'>Episco-</span> 
     </span>
     <span class='ocr_line' id='line_1_69' title="bbox 705 445 1078 465; baseline 0 -4"><span class='ocrx_word' id='word_1_246' title='bbox 705 449 763 465; x_wconf 88' lang='lat' dir='ltr'>porum</span> <span class='ocrx_word' id='word_1_247' title='bbox 773 445 926 465; x_wconf 82' lang='lat' dir='ltr'>Guayaquilensium</span> <span class='ocrx_word' id='word_1_248' title='bbox 936 445 1030 464; x_wconf 78' lang='lat' dir='ltr'>excitamus.</span> <span class='ocrx_word' id='word_1_249' title='bbox 1044 449 1078 461; x_wconf 87' lang='lat' dir='ltr'>eos-</span> 
     </span>
     <span class='ocr_line' id='line_1_70' title="bbox 705 468 1078 488; baseline 0.003 -4"><span class='ocrx_word' id='word_1_250' title='bbox 705 472 736 488; x_wconf 80' lang='lat' dir='ltr'>que</span> <span class='ocrx_word' id='word_1_251' title='bbox 747 469 764 484; x_wconf 91' lang='lat' dir='ltr'>in</span> <span class='ocrx_word' id='word_1_252' title='bbox 774 468 843 484; x_wconf 84' lang='lat' dir='ltr'>Domino</span> <span class='ocrx_word' id='word_1_253' title='bbox 858 472 949 485; x_wconf 86' lang='lat' dir='ltr'>monemus.</span> <span class='ocrx_word' id='word_1_254' title='bbox 964 469 982 484; x_wconf 92' lang='lat' dir='ltr'>In</span> <span class='ocrx_word' id='word_1_255' title='bbox 993 469 1078 485; x_wconf 87' lang='lat' dir='ltr'>collatione</span> 
     </span>
     <span class='ocr_line' id='line_1_71' title="bbox 705 492 1078 512; baseline 0.005 -5"><span class='ocrx_word' id='word_1_256' title='bbox 705 494 759 508; x_wconf 88' lang='lat' dir='ltr'>autem</span> <span class='ocrx_word' id='word_1_257' title='bbox 769 494 804 508; x_wconf 93' lang='lat' dir='ltr'>tum</span> <span class='ocrx_word' id='word_1_258' title='bbox 815 492 897 512; x_wconf 83' lang='lat' dir='ltr'>dignitatis</span> <span class='ocrx_word' id='word_1_259' title='bbox 907 492 998 511; x_wconf 79' lang='lat' dir='ltr'>decanatus.</span> <span class='ocrx_word' id='word_1_260' title='bbox 1010 492 1035 508; x_wconf 85' lang='lat' dir='ltr'>cui</span> <span class='ocrx_word' id='word_1_261' title='bbox 1046 493 1078 509; x_wconf 86' lang='lat' dir='ltr'>ani-</span> 
     </span>
     <span class='ocr_line' id='line_1_72' title="bbox 705 515 1078 535; baseline 0.005 -5"><span class='ocrx_word' id='word_1_262' title='bbox 705 519 768 531; x_wconf 85' lang='lat' dir='ltr'>marum</span> <span class='ocrx_word' id='word_1_263' title='bbox 774 519 835 533; x_wconf 87' lang='lat' dir='ltr'>curam.</span> <span class='ocrx_word' id='word_1_264' title='bbox 842 517 860 531; x_wconf 83' lang='lat' dir='ltr'>ut</span> <span class='ocrx_word' id='word_1_265' title='bbox 867 516 911 535; x_wconf 83' lang='lat' dir='ltr'>prius</span> <span class='ocrx_word' id='word_1_266' title='bbox 918 515 1015 534; x_wconf 76' lang='lat' dir='ltr'>obeundam.</span> <span class='ocrx_word' id='word_1_267' title='bbox 1022 516 1078 532; x_wconf 61' lang='lat' dir='ltr'>adhue&gt;</span> 
     </span>
     <span class='ocr_line' id='line_1_73' title="bbox 705 538 1078 559; baseline 0.003 -5"><span class='ocrx_word' id='word_1_268' title='bbox 705 542 742 554; x_wconf 82' lang='lat' dir='ltr'>rere</span> <span class='ocrx_word' id='word_1_269' title='bbox 753 538 860 557; x_wconf 80' lang='lat' dir='ltr'>decrevimus.</span> <span class='ocrx_word' id='word_1_270' title='bbox 872 541 907 554; x_wconf 87' lang='lat' dir='ltr'>tuin</span> <span class='ocrx_word' id='word_1_271' title='bbox 919 539 1004 559; x_wconf 85' lang='lat' dir='ltr'>utriusque</span> <span class='ocrx_word' id='word_1_272' title='bbox 1015 539 1078 555; x_wconf 76' lang='lat' dir='ltr'>canoni-</span> 
     </span>
     <span class='ocr_line' id='line_1_74' title="bbox 705 561 1077 582; baseline 0.003 -5"><span class='ocrx_word' id='word_1_273' title='bbox 705 561 742 577; x_wconf 88' lang='lat' dir='ltr'>calis</span> <span class='ocrx_word' id='word_1_274' title='bbox 753 562 853 581; x_wconf 78' lang='lat' dir='ltr'>praebendae</span> <span class='ocrx_word' id='word_1_275' title='bbox 864 562 960 582; x_wconf 83' lang='lat' dir='ltr'>theologalis</span> <span class='ocrx_word' id='word_1_276' title='bbox 971 564 988 578; x_wconf 84' lang='lat' dir='ltr'>et</span> <span class='ocrx_word' id='word_1_277' title='bbox 995 563 1077 582; x_wconf 85' lang='lat' dir='ltr'>poeniten-</span> 
     </span>
     <span class='ocr_line' id='line_1_75' title="bbox 705 585 1078 602; baseline 0.005 -2"><span class='ocrx_word' id='word_1_278' title='bbox 705 585 760 601; x_wconf 83' lang='lat' dir='ltr'>tiariae</span> <span class='ocrx_word' id='word_1_279' title='bbox 773 589 870 601; x_wconf 76' lang='lat' dir='ltr'>concursum</span> <span class='ocrx_word' id='word_1_280' title='bbox 885 586 962 602; x_wconf 84' lang='lat' dir='ltr'>adhihere</span> <span class='ocrx_word' id='word_1_281' title='bbox 972 586 1048 602; x_wconf 83' lang='lat' dir='ltr'>volumus</span> <span class='ocrx_word' id='word_1_282' title='bbox 1059 587 1078 602; x_wconf 82' lang='lat' dir='ltr'>ad</span> 
     </span>
     <span class='ocr_line' id='line_1_76' title="bbox 705 608 1078 629; baseline 0.003 -5"><span class='ocrx_word' id='word_1_283' title='bbox 705 608 822 628; x_wconf 87' lang='lat' dir='ltr'>praescriptum</span> <span class='ocrx_word' id='word_1_284' title='bbox 832 609 900 625; x_wconf 84' lang='lat' dir='ltr'>Concilii</span> <span class='ocrx_word' id='word_1_285' title='bbox 914 609 1003 625; x_wconf 80' lang='lat' dir='ltr'>Tridentini</span> <span class='ocrx_word' id='word_1_286' title='bbox 1015 611 1032 625; x_wconf 87' lang='lat' dir='ltr'>et</span> <span class='ocrx_word' id='word_1_287' title='bbox 1042 614 1078 629; x_wconf 91' lang='lat' dir='ltr'>apo-</span> 
     </span>
     <span class='ocr_line' id='line_1_77' title="bbox 705 632 1078 652; baseline 0.005 -5"><span class='ocrx_word' id='word_1_288' title='bbox 705 632 798 648; x_wconf 85' lang='lat' dir='ltr'>stolicarum</span> <span class='ocrx_word' id='word_1_289' title='bbox 809 632 948 651; x_wconf 73' lang='lat' dir='ltr'>constitutionum,</span> <span class='ocrx_word' id='word_1_290' title='bbox 958 633 1028 652; x_wconf 87' lang='lat' dir='ltr'>reliquas</span> <span class='ocrx_word' id='word_1_291' title='bbox 1039 637 1078 649; x_wconf 82' lang='lat' dir='ltr'>vero</span> 
     </span>
     <span class='ocr_line' id='line_1_78' title="bbox 705 655 1079 676; baseline 0.003 -5"><span class='ocrx_word' id='word_1_292' title='bbox 705 655 804 671; x_wconf 80' lang='lat' dir='ltr'>canonicales</span> <span class='ocrx_word' id='word_1_293' title='bbox 812 657 828 671; x_wconf 83' lang='lat' dir='ltr'>et</span> <span class='ocrx_word' id='word_1_294' title='bbox 835 656 944 672; x_wconf 77' lang='lat' dir='ltr'>beneficiarias</span> <span class='ocrx_word' id='word_1_295' title='bbox 955 656 1053 676; x_wconf 86' lang='lat' dir='ltr'>praehendas</span> <span class='ocrx_word' id='word_1_296' title='bbox 1061 658 1079 672; x_wconf 91' lang='lat' dir='ltr'>ut</span> 
     </span>
     <span class='ocr_line' id='line_1_79' title="bbox 705 679 1077 699; baseline 0.003 -5"><span class='ocrx_word' id='word_1_297' title='bbox 705 682 753 698; x_wconf 82' lang='lat' dir='ltr'>supra</span> <span class='ocrx_word' id='word_1_298' title='bbox 764 680 831 697; x_wconf 78' lang='lat' dir='ltr'>erectas.</span> <span class='ocrx_word' id='word_1_299' title='bbox 839 680 856 695; x_wconf 91' lang='lat' dir='ltr'>et</span> <span class='ocrx_word' id='word_1_300' title='bbox 866 679 883 695; x_wconf 92' lang='lat' dir='ltr'>iu</span> <span class='ocrx_word' id='word_1_301' title='bbox 893 681 977 699; x_wconf 80' lang='lat' dir='ltr'>posterum</span> <span class='ocrx_word' id='word_1_302' title='bbox 987 680 1077 699; x_wconf 76' lang='lat' dir='ltr'>erigendas.</span> 
     </span>
     <span class='ocr_line' id='line_1_80' title="bbox 706 702 1078 722; baseline 0.005 -5"><span class='ocrx_word' id='word_1_303' title='bbox 706 702 814 722; x_wconf 75' lang='lat' dir='ltr'>praesbyteris</span> <span class='ocrx_word' id='word_1_304' title='bbox 826 702 901 718; x_wconf 86' lang='lat' dir='ltr'>similiter</span> <span class='ocrx_word' id='word_1_305' title='bbox 913 703 1018 718; x_wconf 76' lang='lat' dir='ltr'>conterendas</span> <span class='ocrx_word' id='word_1_306' title='bbox 1031 703 1078 719; x_wconf 87' lang='lat' dir='ltr'>edici-</span> 
     </span>
     <span class='ocr_line' id='line_1_81' title="bbox 706 725 1077 746; baseline 0.003 -5"><span class='ocrx_word' id='word_1_307' title='bbox 706 729 742 741; x_wconf 87' lang='lat' dir='ltr'>mus</span> <span class='ocrx_word' id='word_1_308' title='bbox 752 727 800 745; x_wconf 79' lang='lat' dir='ltr'>atque</span> <span class='ocrx_word' id='word_1_309' title='bbox 810 725 909 744; x_wconf 80' lang='lat' dir='ltr'>mandamus.</span> <span class='ocrx_word' id='word_1_310' title='bbox 921 726 986 746; x_wconf 80' lang='lat' dir='ltr'>praevio</span> <span class='ocrx_word' id='word_1_311' title='bbox 997 726 1077 745; x_wconf 74' lang='lat' dir='ltr'>examine,</span> 
     </span>
     <span class='ocr_line' id='line_1_82' title="bbox 705 748 1078 769; baseline 0.003 -5"><span class='ocrx_word' id='word_1_312' title='bbox 705 748 732 764; x_wconf 84' lang='lat' dir='ltr'>vel</span> <span class='ocrx_word' id='word_1_313' title='bbox 741 749 772 764; x_wconf 82' lang='lat' dir='ltr'>alio</span> <span class='ocrx_word' id='word_1_314' title='bbox 779 749 892 768; x_wconf 84' lang='lat' dir='ltr'>experimento</span> <span class='ocrx_word' id='word_1_315' title='bbox 898 753 926 769; x_wconf 92' lang='lat' dir='ltr'>per</span> <span class='ocrx_word' id='word_1_316' title='bbox 934 749 1031 769; x_wconf 82' lang='lat' dir='ltr'>Episcopum</span> <span class='ocrx_word' id='word_1_317' title='bbox 1038 749 1078 765; x_wconf 87' lang='lat' dir='ltr'>Gua-</span> 
     </span>
     <span class='ocr_line' id='line_1_83' title="bbox 706 772 1077 792; baseline 0.005 -5"><span class='ocrx_word' id='word_1_318' title='bbox 706 772 817 792; x_wconf 79' lang='lat' dir='ltr'>yaquilensem</span> <span class='ocrx_word' id='word_1_319' title='bbox 828 772 932 792; x_wconf 80' lang='lat' dir='ltr'>designando.</span> <span class='ocrx_word' id='word_1_320' title='bbox 946 772 1041 789; x_wconf 77' lang='lat' dir='ltr'>Huiusmodi</span> <span class='ocrx_word' id='word_1_321' title='bbox 1051 777 1077 789; x_wconf 88' lang='lat' dir='ltr'>au-</span> 
     </span>
     <span class='ocr_line' id='line_1_84' title="bbox 706 795 1078 815; baseline 0.003 -4"><span class='ocrx_word' id='word_1_322' title='bbox 706 797 739 811; x_wconf 81' lang='lat' dir='ltr'>tem</span> <span class='ocrx_word' id='word_1_323' title='bbox 753 795 850 815; x_wconf 75' lang='lat' dir='ltr'>dignitatum</span> <span class='ocrx_word' id='word_1_324' title='bbox 863 799 896 811; x_wconf 88' lang='lat' dir='ltr'>non</span> <span class='ocrx_word' id='word_1_325' title='bbox 909 796 962 811; x_wconf 90' lang='lat' dir='ltr'>minus</span> <span class='ocrx_word' id='word_1_326' title='bbox 973 799 1021 815; x_wconf 84' lang='lat' dir='ltr'>quam</span> <span class='ocrx_word' id='word_1_327' title='bbox 1032 800 1078 812; x_wconf 86' lang='lat' dir='ltr'>cano-</span> 
     </span>
     <span class='ocr_line' id='line_1_85' title="bbox 705 819 1077 839; baseline 0.003 -5"><span class='ocrx_word' id='word_1_328' title='bbox 705 819 787 835; x_wconf 88' lang='lat' dir='ltr'>nicatuum</span> <span class='ocrx_word' id='word_1_329' title='bbox 798 820 815 835; x_wconf 83' lang='lat' dir='ltr'>et</span> <span class='ocrx_word' id='word_1_330' title='bbox 828 819 944 835; x_wconf 79' lang='lat' dir='ltr'>beneficiorum</span> <span class='ocrx_word' id='word_1_331' title='bbox 959 819 1009 835; x_wconf 72' lang='lat' dir='ltr'>futuri</span> <span class='ocrx_word' id='word_1_332' title='bbox 1020 823 1037 835; x_wconf 83' lang='lat' dir='ltr'>ac</span> <span class='ocrx_word' id='word_1_333' title='bbox 1048 824 1077 839; x_wconf 86' lang='lat' dir='ltr'>pro</span> 
     </span>
     <span class='ocr_line' id='line_1_86' title="bbox 706 842 1078 862; baseline 0 -4"><span class='ocrx_word' id='word_1_334' title='bbox 706 844 780 862; x_wconf 86' lang='lat' dir='ltr'>tempore</span> <span class='ocrx_word' id='word_1_335' title='bbox 787 842 875 858; x_wconf 77' lang='lat' dir='ltr'>existentes</span> <span class='ocrx_word' id='word_1_336' title='bbox 881 846 982 862; x_wconf 55' lang='lat' dir='ltr'>possessores</span> <span class='ocrx_word' id='word_1_337' title='bbox 988 842 1029 862; x_wconf 83' lang='lat' dir='ltr'>apud</span> <span class='ocrx_word' id='word_1_338' title='bbox 1036 847 1078 858; x_wconf 79' lang='lat' dir='ltr'>eam-</span> 
     </span>
     <span class='ocr_line' id='line_1_87' title="bbox 706 865 1078 885; baseline 0.003 -4"><span class='ocrx_word' id='word_1_339' title='bbox 706 866 743 881; x_wconf 85' lang='lat' dir='ltr'>dem</span> <span class='ocrx_word' id='word_1_340' title='bbox 756 865 840 882; x_wconf 74' lang='lat' dir='ltr'>ecclesiam</span> <span class='ocrx_word' id='word_1_341' title='bbox 852 865 960 881; x_wconf 70' lang='lat' dir='ltr'>cathedralem</span> <span class='ocrx_word' id='word_1_342' title='bbox 971 866 1078 885; x_wconf 81' lang='lat' dir='ltr'>personaliter</span> 
     </span>
     <span class='ocr_line' id='line_1_88' title="bbox 706 889 1078 909; baseline 0 -4"><span class='ocrx_word' id='word_1_343' title='bbox 706 889 784 907; x_wconf 83' lang='lat' dir='ltr'>residere,</span> <span class='ocrx_word' id='word_1_344' title='bbox 799 893 816 905; x_wconf 79' lang='lat' dir='ltr'>ae</span> <span class='ocrx_word' id='word_1_345' title='bbox 828 889 845 905; x_wconf 83' lang='lat' dir='ltr'>in</span> <span class='ocrx_word' id='word_1_346' title='bbox 856 893 874 905; x_wconf 84' lang='lat' dir='ltr'>ea</span> <span class='ocrx_word' id='word_1_347' title='bbox 888 889 941 905; x_wconf 78' lang='lat' dir='ltr'>divina</span> <span class='ocrx_word' id='word_1_348' title='bbox 952 893 1017 909; x_wconf 73' lang='lat' dir='ltr'>quoque</span> <span class='ocrx_word' id='word_1_349' title='bbox 1028 889 1078 905; x_wconf 79' lang='lat' dir='ltr'>officia</span> 
     </span>
     <span class='ocr_line' id='line_1_89' title="bbox 706 912 1078 932; baseline 0 -4"><span class='ocrx_word' id='word_1_350' title='bbox 706 915 810 932; x_wconf 80' lang='lat' dir='ltr'>caeterasque</span> <span class='ocrx_word' id='word_1_351' title='bbox 819 913 932 928; x_wconf 83' lang='lat' dir='ltr'>ecclesiasticas</span> <span class='ocrx_word' id='word_1_352' title='bbox 939 912 1030 928; x_wconf 78' lang='lat' dir='ltr'>functiones</span> <span class='ocrx_word' id='word_1_353' title='bbox 1037 913 1078 929; x_wconf 80' lang='lat' dir='ltr'>cele-</span> 
     </span>
     <span class='ocr_line' id='line_1_90' title="bbox 706 936 1078 955; baseline 0.003 -4"><span class='ocrx_word' id='word_1_354' title='bbox 706 936 758 954; x_wconf 84' lang='lat' dir='ltr'>brare,</span> <span class='ocrx_word' id='word_1_355' title='bbox 764 936 844 955; x_wconf 77' lang='lat' dir='ltr'>horasque</span> <span class='ocrx_word' id='word_1_356' title='bbox 850 936 932 952; x_wconf 84' lang='lat' dir='ltr'>canonicas</span> <span class='ocrx_word' id='word_1_357' title='bbox 936 936 1036 955; x_wconf 68' lang='lat' dir='ltr'>persolvere,</span> <span class='ocrx_word' id='word_1_358' title='bbox 1041 937 1078 952; x_wconf 87' lang='lat' dir='ltr'>mis-</span> 
     </span>
     <span class='ocr_line' id='line_1_91' title="bbox 706 959 1078 979; baseline 0.003 -4"><span class='ocrx_word' id='word_1_359' title='bbox 706 963 740 975; x_wconf 83' lang='lat' dir='ltr'>sam</span> <span class='ocrx_word' id='word_1_360' title='bbox 750 959 874 975; x_wconf 82' lang='lat' dir='ltr'>conventualem</span> <span class='ocrx_word' id='word_1_361' title='bbox 885 963 915 979; x_wconf 85' lang='lat' dir='ltr'>pro</span> <span class='ocrx_word' id='word_1_362' title='bbox 925 959 1054 976; x_wconf 69' lang='lat' dir='ltr'>benefactoribus</span> <span class='ocrx_word' id='word_1_363' title='bbox 1061 960 1078 976; x_wconf 85' lang='lat' dir='ltr'>in</span> 
     </span>
     <span class='ocr_line' id='line_1_92' title="bbox 707 982 1079 1002; baseline 0.003 -4"><span class='ocrx_word' id='word_1_364' title='bbox 707 986 767 1002; x_wconf 84' lang='lat' dir='ltr'>genere</span> <span class='ocrx_word' id='word_1_365' title='bbox 774 982 859 1002; x_wconf 84' lang='lat' dir='ltr'>applicare,</span> <span class='ocrx_word' id='word_1_366' title='bbox 864 982 928 1002; x_wconf 79' lang='lat' dir='ltr'>ipsique</span> <span class='ocrx_word' id='word_1_367' title='bbox 935 982 1023 998; x_wconf 73' lang='lat' dir='ltr'>cathedrali</span> <span class='ocrx_word' id='word_1_368' title='bbox 1029 983 1079 999; x_wconf 62' lang='lat' dir='ltr'>eccle&gt;</span> 
     </span>
     <span class='ocr_line' id='line_1_93' title="bbox 706 1005 1079 1023; baseline 0.003 -2"><span class='ocrx_word' id='word_1_369' title='bbox 706 1006 738 1021; x_wconf 85' lang='lat' dir='ltr'>siae</span> <span class='ocrx_word' id='word_1_370' title='bbox 747 1006 764 1021; x_wconf 94' lang='lat' dir='ltr'>in</span> <span class='ocrx_word' id='word_1_371' title='bbox 776 1005 851 1021; x_wconf 86' lang='lat' dir='ltr'>omnibus</span> <span class='ocrx_word' id='word_1_372' title='bbox 862 1005 962 1021; x_wconf 83' lang='lat' dir='ltr'>laudabiliter</span> <span class='ocrx_word' id='word_1_373' title='bbox 971 1006 1054 1022; x_wconf 85' lang='lat' dir='ltr'>deservire</span> <span class='ocrx_word' id='word_1_374' title='bbox 1061 1011 1079 1023; x_wconf 81' lang='lat' dir='ltr'>ac</span> 
     </span>
     <span class='ocr_line' id='line_1_94' title="bbox 706 1029 1079 1049; baseline 0.003 -4"><span class='ocrx_word' id='word_1_375' title='bbox 706 1029 750 1045; x_wconf 81' lang='lat' dir='ltr'>illius</span> <span class='ocrx_word' id='word_1_376' title='bbox 760 1030 818 1045; x_wconf 81' lang='lat' dir='ltr'>statuta</span> <span class='ocrx_word' id='word_1_377' title='bbox 826 1029 842 1044; x_wconf 89' lang='lat' dir='ltr'>in</span> <span class='ocrx_word' id='word_1_378' title='bbox 849 1030 933 1049; x_wconf 81' lang='lat' dir='ltr'>posterum</span> <span class='ocrx_word' id='word_1_379' title='bbox 942 1029 1004 1045; x_wconf 87' lang='lat' dir='ltr'>edenda</span> <span class='ocrx_word' id='word_1_380' title='bbox 1011 1029 1079 1049; x_wconf 79' lang='lat' dir='ltr'>diligen-</span> 
     </span>
     <span class='ocr_line' id='line_1_95' title="bbox 707 1052 931 1068; baseline -0.004 0"><span class='ocrx_word' id='word_1_381' title='bbox 707 1054 731 1068; x_wconf 90' lang='lat' dir='ltr'>ter</span> <span class='ocrx_word' id='word_1_382' title='bbox 742 1052 829 1068; x_wconf 73' lang='lat' dir='ltr'>observare</span> <span class='ocrx_word' id='word_1_383' title='bbox 840 1053 931 1068; x_wconf 83' lang='lat' dir='ltr'>teneantur.</span> 
     </span>
    </p>

    <p class='ocr_par' dir='ltr' id='par_1_6' title="bbox 726 1075 1079 1095">
     <span class='ocr_line' id='line_1_96' title="bbox 726 1075 1079 1095; baseline 0.003 -4"><span class='ocrx_word' id='word_1_384' title='bbox 726 1076 736 1095; x_wconf 72' lang='lat' dir='ltr'>s</span> <span class='ocrx_word' id='word_1_385' title='bbox 747 1075 771 1091; x_wconf 78' lang='lat'>10.</span> <span class='ocrx_word' id='word_1_386' title='bbox 782 1075 856 1095; x_wconf 83' lang='lat' dir='ltr'>Capitulo</span> <span class='ocrx_word' id='word_1_387' title='bbox 869 1079 935 1095; x_wconf 77' lang='lat' dir='ltr'>quoque</span> <span class='ocrx_word' id='word_1_388' title='bbox 946 1076 1040 1092; x_wconf 79' lang='lat' dir='ltr'>cathedralis</span> <span class='ocrx_word' id='word_1_389' title='bbox 1054 1080 1079 1092; x_wconf 85' lang='lat' dir='ltr'>ec-</span> 
     </span>
    </p>
   </div>
   <div class='ocr_carea' id='block_1_6' title="bbox 706 1098 1091 1118">
    <p class='ocr_par' dir='ltr' id='par_1_7' title="bbox 706 1098 1091 1118">
     <span class='ocr_line' id='line_1_97' title="bbox 706 1098 1091 1118; baseline 0.003 -4"><span class='ocrx_word' id='word_1_390' title='bbox 706 1099 764 1115; x_wconf 83' lang='lat' dir='ltr'>clesiae</span> <span class='ocrx_word' id='word_1_391' title='bbox 774 1098 906 1118; x_wconf 82' lang='lat' dir='ltr'>Guayaquilensis</span> <span class='ocrx_word' id='word_1_392' title='bbox 917 1099 940 1115; x_wconf 78' lang='lat' dir='ltr'>sio</span> <span class='ocrx_word' id='word_1_393' title='bbox 950 1100 1005 1115; x_wconf 84' lang='lat' dir='ltr'>erecto</span> <span class='ocrx_word' id='word_1_394' title='bbox 1015 1101 1032 1115; x_wconf 83' lang='lat' dir='ltr'>et</span> <span class='ocrx_word' id='word_1_395' title='bbox 1042 1103 1079 1115; x_wconf 86' lang='lat' dir='ltr'>con·</span> <span class='ocrx_word' id='word_1_396' title='bbox 1088 1099 1091 1101; x_wconf 70' lang='grc'><strong>’</strong></span> 
     </span>
    </p>
   </div>
   <div class='ocr_carea' id='block_1_7' title="bbox 706 1122 1081 1541">
    <p class='ocr_par' dir='ltr' id='par_1_8' title="bbox 706 1122 1081 1517">
     <span class='ocr_line' id='line_1_98' title="bbox 706 1122 1079 1142; baseline 0.003 -4"><span class='ocrx_word' id='word_1_397' title='bbox 706 1123 762 1138; x_wconf 89' lang='lat' dir='ltr'>stituto</span> <span class='ocrx_word' id='word_1_398' title='bbox 769 1122 869 1142; x_wconf 76' lang='lat' dir='ltr'>assignamus</span> <span class='ocrx_word' id='word_1_399' title='bbox 878 1124 926 1142; x_wconf 80' lang='lat' dir='ltr'>atque</span> <span class='ocrx_word' id='word_1_400' title='bbox 933 1122 1020 1138; x_wconf 78' lang='lat' dir='ltr'>tribuimus</span> <span class='ocrx_word' id='word_1_401' title='bbox 1029 1124 1079 1139; x_wconf 80' lang='lat' dir='ltr'>ratam</span> 
     </span>
     <span class='ocr_line' id='line_1_99' title="bbox 707 1146 1079 1166; baseline 0.003 -5"><span class='ocrx_word' id='word_1_402' title='bbox 707 1148 769 1166; x_wconf 75' lang='lat' dir='ltr'>partem</span> <span class='ocrx_word' id='word_1_403' title='bbox 776 1146 876 1162; x_wconf 83' lang='lat' dir='ltr'>decimarum</span> <span class='ocrx_word' id='word_1_404' title='bbox 885 1150 905 1161; x_wconf 80' lang='lat' dir='ltr'>ex</span> <span class='ocrx_word' id='word_1_405' title='bbox 912 1146 1036 1166; x_wconf 83' lang='lat' dir='ltr'>Gnayaquilensi</span> <span class='ocrx_word' id='word_1_406' title='bbox 1043 1150 1079 1166; x_wconf 88' lang='lat' dir='ltr'>pro-</span> 
     </span>
     <span class='ocr_line' id='line_1_100' title="bbox 706 1169 1079 1189; baseline 0 -4"><span class='ocrx_word' id='word_1_407' title='bbox 706 1169 758 1185; x_wconf 85' lang='lat' dir='ltr'>vincia</span> <span class='ocrx_word' id='word_1_408' title='bbox 769 1169 902 1189; x_wconf 79' lang='lat' dir='ltr'>colligendarum.</span> <span class='ocrx_word' id='word_1_409' title='bbox 913 1173 952 1189; x_wconf 75' lang='lat' dir='ltr'>quas</span> <span class='ocrx_word' id='word_1_410' title='bbox 963 1173 1011 1189; x_wconf 87' lang='lat' dir='ltr'>supra</span> <span class='ocrx_word' id='word_1_411' title='bbox 1018 1173 1079 1185; x_wconf 85' lang='lat' dir='ltr'>memo-</span> 
     </span>
     <span class='ocr_line' id='line_1_101' title="bbox 707 1193 1079 1212; baseline -0.003 -3"><span class='ocrx_word' id='word_1_412' title='bbox 707 1193 784 1212; x_wconf 76' lang='lat' dir='ltr'>ravimus,</span> <span class='ocrx_word' id='word_1_413' title='bbox 796 1193 849 1209; x_wconf 83' lang='lat' dir='ltr'>habita</span> <span class='ocrx_word' id='word_1_414' title='bbox 859 1195 914 1209; x_wconf 78' lang='lat' dir='ltr'>lamen</span> <span class='ocrx_word' id='word_1_415' title='bbox 924 1193 1030 1212; x_wconf 87' lang='lat' dir='ltr'>proportione</span> <span class='ocrx_word' id='word_1_416' title='bbox 1037 1193 1079 1209; x_wconf 88' lang='lat' dir='ltr'>inter</span> 
     </span>
     <span class='ocr_line' id='line_1_102' title="bbox 707 1216 1080 1236; baseline 0 -4"><span class='ocrx_word' id='word_1_417' title='bbox 707 1217 780 1236; x_wconf 85' lang='lat' dir='ltr'>singulos</span> <span class='ocrx_word' id='word_1_418' title='bbox 791 1216 875 1232; x_wconf 81' lang='lat' dir='ltr'>canonicos</span> <span class='ocrx_word' id='word_1_419' title='bbox 886 1217 902 1232; x_wconf 86' lang='lat' dir='ltr'>et</span> <span class='ocrx_word' id='word_1_420' title='bbox 912 1216 1023 1232; x_wconf 73' lang='lat' dir='ltr'>beneficiarios</span> <span class='ocrx_word' id='word_1_421' title='bbox 1036 1216 1080 1232; x_wconf 77' lang='lat' dir='ltr'>iuxta</span> 
     </span>
     <span class='ocr_line' id='line_1_103' title="bbox 707 1239 1080 1259; baseline -0.003 -3"><span class='ocrx_word' id='word_1_422' title='bbox 707 1240 834 1259; x_wconf 81' lang='lat' dir='ltr'>uniuscuiusque</span> <span class='ocrx_word' id='word_1_423' title='bbox 840 1240 935 1259; x_wconf 76' lang='lat' dir='ltr'>dignitatern</span> <span class='ocrx_word' id='word_1_424' title='bbox 941 1241 958 1255; x_wconf 85' lang='lat' dir='ltr'>et</span> <span class='ocrx_word' id='word_1_425' title='bbox 965 1239 1039 1259; x_wconf 74' lang='lat' dir='ltr'>gradum,</span> <span class='ocrx_word' id='word_1_426' title='bbox 1047 1243 1080 1259; x_wconf 82' lang='lat' dir='ltr'>quo</span> 
     </span>
     <span class='ocr_line' id='line_1_104' title="bbox 707 1263 1080 1283; baseline -0.003 -4"><span class='ocrx_word' id='word_1_427' title='bbox 707 1263 802 1281; x_wconf 84' lang='lat' dir='ltr'>instituitur,</span> <span class='ocrx_word' id='word_1_428' title='bbox 814 1265 832 1279; x_wconf 90' lang='lat' dir='ltr'>ut</span> <span class='ocrx_word' id='word_1_429' title='bbox 844 1263 905 1279; x_wconf 80' lang='lat' dir='ltr'>seilicet</span> <span class='ocrx_word' id='word_1_430' title='bbox 915 1263 966 1283; x_wconf 85' lang='lat' dir='ltr'>prima</span> <span class='ocrx_word' id='word_1_431' title='bbox 978 1263 1047 1282; x_wconf 75' lang='lat' dir='ltr'>dignitas</span> <span class='ocrx_word' id='word_1_432' title='bbox 1058 1263 1080 1279; x_wconf 84' lang='lat' dir='ltr'>di-</span> 
     </span>
     <span class='ocr_line' id='line_1_105' title="bbox 707 1286 1080 1306; baseline -0.003 -3"><span class='ocrx_word' id='word_1_433' title='bbox 707 1287 765 1303; x_wconf 85' lang='lat' dir='ltr'>tiorem</span> <span class='ocrx_word' id='word_1_434' title='bbox 772 1286 843 1302; x_wconf 84' lang='lat' dir='ltr'>obtineat</span> <span class='ocrx_word' id='word_1_435' title='bbox 848 1286 961 1306; x_wconf 85' lang='lat' dir='ltr'>praebendam.</span> <span class='ocrx_word' id='word_1_436' title='bbox 966 1286 1036 1302; x_wconf 86' lang='lat' dir='ltr'>secunda</span> <span class='ocrx_word' id='word_1_437' title='bbox 1040 1290 1080 1302; x_wconf 91' lang='lat' dir='ltr'>vero</span> 
     </span>
     <span class='ocr_line' id='line_1_106' title="bbox 707 1310 1080 1330; baseline 0 -5"><span class='ocrx_word' id='word_1_438' title='bbox 707 1311 737 1326; x_wconf 84' lang='lat' dir='ltr'>etsi</span> <span class='ocrx_word' id='word_1_439' title='bbox 748 1310 808 1326; x_wconf 85' lang='lat' dir='ltr'>minori</span> <span class='ocrx_word' id='word_1_440' title='bbox 821 1310 880 1328; x_wconf 75' lang='lat' dir='ltr'>reditu.</span> <span class='ocrx_word' id='word_1_441' title='bbox 892 1313 939 1329; x_wconf 83' lang='lat' dir='ltr'>qnam</span> <span class='ocrx_word' id='word_1_442' title='bbox 951 1310 1007 1330; x_wconf 79' lang='lat' dir='ltr'>prima.</span> <span class='ocrx_word' id='word_1_443' title='bbox 1019 1311 1080 1326; x_wconf 79' lang='lat' dir='ltr'>consta-</span> 
     </span>
     <span class='ocr_line' id='line_1_107' title="bbox 707 1333 1080 1353; baseline -0.003 -3"><span class='ocrx_word' id='word_1_444' title='bbox 707 1334 785 1352; x_wconf 82' lang='lat' dir='ltr'>bilienda.</span> <span class='ocrx_word' id='word_1_445' title='bbox 803 1333 881 1349; x_wconf 84' lang='lat' dir='ltr'>maiorem</span> <span class='ocrx_word' id='word_1_446' title='bbox 895 1335 949 1349; x_wconf 85' lang='lat' dir='ltr'>tamen</span> <span class='ocrx_word' id='word_1_447' title='bbox 963 1337 1030 1349; x_wconf 82' lang='lat' dir='ltr'>censum</span> <span class='ocrx_word' id='word_1_448' title='bbox 1044 1337 1080 1353; x_wconf 89' lang='lat' dir='ltr'>per-</span> 
     </span>
     <span class='ocr_line' id='line_1_108' title="bbox 707 1356 1080 1377; baseline 0 -5"><span class='ocrx_word' id='word_1_449' title='bbox 707 1358 762 1377; x_wconf 79' lang='lat' dir='ltr'>cipiat.</span> <span class='ocrx_word' id='word_1_450' title='bbox 778 1361 826 1377; x_wconf 80' lang='lat' dir='ltr'>quam</span> <span class='ocrx_word' id='word_1_451' title='bbox 840 1357 899 1373; x_wconf 81' lang='lat' dir='ltr'>caeteri</span> <span class='ocrx_word' id='word_1_452' title='bbox 913 1356 994 1376; x_wconf 81' lang='lat' dir='ltr'>simplices</span> <span class='ocrx_word' id='word_1_453' title='bbox 1009 1357 1080 1373; x_wconf 87' lang='lat' dir='ltr'>canonici</span> 
     </span>
     <span class='ocr_line' id='line_1_109' title="bbox 708 1380 1080 1401; baseline 0 -5"><span class='ocrx_word' id='word_1_454' title='bbox 708 1381 815 1401; x_wconf 69' lang='lat' dir='ltr'>praebendati,</span> <span class='ocrx_word' id='word_1_455' title='bbox 824 1384 841 1396; x_wconf 92' lang='lat' dir='ltr'>ac</span> <span class='ocrx_word' id='word_1_456' title='bbox 848 1380 887 1396; x_wconf 87' lang='lat' dir='ltr'>item</span> <span class='ocrx_word' id='word_1_457' title='bbox 895 1380 966 1396; x_wconf 80' lang='lat' dir='ltr'>canonici</span> <span class='ocrx_word' id='word_1_458' title='bbox 977 1380 1080 1400; x_wconf 75' lang='lat' dir='ltr'>pinguiorem</span> 
     </span>
     <span class='ocr_line' id='line_1_110' title="bbox 707 1403 1080 1424; baseline -0.003 -4"><span class='ocrx_word' id='word_1_459' title='bbox 707 1408 755 1424; x_wconf 84' lang='lat' dir='ltr'>quam</span> <span class='ocrx_word' id='word_1_460' title='bbox 766 1404 863 1420; x_wconf 76' lang='lat' dir='ltr'>beneficiarii</span> <span class='ocrx_word' id='word_1_461' title='bbox 875 1403 985 1423; x_wconf 78' lang='lat' dir='ltr'>praebendati:</span> <span class='ocrx_word' id='word_1_462' title='bbox 1000 1404 1080 1420; x_wconf 86' lang='lat' dir='ltr'>eamdem-</span> 
     </span>
     <span class='ocr_line' id='line_1_111' title="bbox 708 1427 1080 1447; baseline -0.003 -4"><span class='ocrx_word' id='word_1_463' title='bbox 708 1431 739 1447; x_wconf 70' lang='lat' dir='ltr'>que</span> <span class='ocrx_word' id='word_1_464' title='bbox 756 1427 877 1447; x_wconf 84' lang='lat' dir='ltr'>proportionem</span> <span class='ocrx_word' id='word_1_465' title='bbox 893 1427 988 1443; x_wconf 81' lang='lat' dir='ltr'>servandam</span> <span class='ocrx_word' id='word_1_466' title='bbox 1003 1427 1080 1443; x_wconf 79' lang='lat' dir='ltr'>edicimus</span> 
     </span>
     <span class='ocr_line' id='line_1_112' title="bbox 708 1450 1080 1470; baseline 0 -4"><span class='ocrx_word' id='word_1_467' title='bbox 708 1451 721 1466; x_wconf 94' lang='lat' dir='ltr'>si</span> <span class='ocrx_word' id='word_1_468' title='bbox 731 1451 775 1466; x_wconf 86' lang='lat' dir='ltr'>vires</span> <span class='ocrx_word' id='word_1_469' title='bbox 789 1452 875 1470; x_wconf 78' lang='lat' dir='ltr'>suppetant</span> <span class='ocrx_word' id='word_1_470' title='bbox 887 1454 917 1470; x_wconf 86' lang='lat' dir='ltr'>pro</span> <span class='ocrx_word' id='word_1_471' title='bbox 930 1450 965 1466; x_wconf 83' lang='lat' dir='ltr'>aliis</span> <span class='ocrx_word' id='word_1_472' title='bbox 977 1450 1080 1466; x_wconf 86' lang='lat' dir='ltr'>instituendis</span> 
     </span>
     <span class='ocr_line' id='line_1_113' title="bbox 708 1473 1081 1490; baseline 0 -1"><span class='ocrx_word' id='word_1_473' title='bbox 708 1478 725 1490; x_wconf 92' lang='lat' dir='ltr'>ac</span> <span class='ocrx_word' id='word_1_474' title='bbox 736 1474 808 1490; x_wconf 87' lang='lat' dir='ltr'>dotandis</span> <span class='ocrx_word' id='word_1_475' title='bbox 819 1474 853 1489; x_wconf 81' lang='lat' dir='ltr'>sive</span> <span class='ocrx_word' id='word_1_476' title='bbox 864 1473 981 1489; x_wconf 85' lang='lat' dir='ltr'>canonicalibus</span> <span class='ocrx_word' id='word_1_477' title='bbox 990 1473 1025 1489; x_wconf 88' lang='lat' dir='ltr'>sive</span> <span class='ocrx_word' id='word_1_478' title='bbox 1032 1474 1081 1490; x_wconf 82' lang='lat' dir='ltr'>bene-</span> 
     </span>
     <span class='ocr_line' id='line_1_114' title="bbox 708 1497 883 1517; baseline -0.006 -4"><span class='ocrx_word' id='word_1_479' title='bbox 708 1497 771 1513; x_wconf 73' lang='lat' dir='ltr'>ficiariis</span> <span class='ocrx_word' id='word_1_480' title='bbox 782 1497 883 1517; x_wconf 60' lang='lat' dir='ltr'>praebendis-</span> 
     </span>
    </p>

    <p class='ocr_par' dir='ltr' id='par_1_9' title="bbox 728 1520 1081 1541">
     <span class='ocr_line' id='line_1_115' title="bbox 728 1520 1081 1541; baseline -0.003 -4"><span class='ocrx_word' id='word_1_481' title='bbox 728 1522 738 1540; x_wconf 72' lang='grc' dir='ltr'><strong>ἓ</strong></span> <span class='ocrx_word' id='word_1_482' title='bbox 750 1521 773 1537; x_wconf 77' lang='grc' dir='ltr'>Η.</span> <span class='ocrx_word' id='word_1_483' title='bbox 784 1520 859 1537; x_wconf 78' lang='lat' dir='ltr'>Fabricae</span> <span class='ocrx_word' id='word_1_484' title='bbox 869 1520 929 1540; x_wconf 83' lang='lat' dir='ltr'>pariter</span> <span class='ocrx_word' id='word_1_485' title='bbox 937 1522 954 1537; x_wconf 90' lang='lat' dir='ltr'>et</span> <span class='ocrx_word' id='word_1_486' title='bbox 960 1520 1029 1537; x_wconf 78' lang='lat' dir='ltr'>sacrario</span> <span class='ocrx_word' id='word_1_487' title='bbox 1036 1524 1081 1541; x_wconf 81' lang='lat' dir='ltr'>prae-</span> 
     </span>
    </p>
   </div>
   <div class='ocr_carea' id='block_1_8' title="bbox 1093 177 1201 191">
    <p class='ocr_par' dir='ltr' id='par_1_10' title="bbox 1093 177 1201 191">
     <span class='ocr_line' id='line_1_116' title="bbox 1093 177 1201 191; baseline -0.019 0"><span class='ocrx_word' id='word_1_488' title='bbox 1093 177 1121 191; x_wconf 68' lang='lat' dir='ltr'>An.</span> <span class='ocrx_word' id='word_1_489' title='bbox 1128 177 1147 191; x_wconf 80' lang='lat'>0.</span> <span class='ocrx_word' id='word_1_490' title='bbox 1160 177 1201 190; x_wconf 79' lang='lat'>18³7</span> 
     </span>
    </p>
   </div>
  </div>
 </body>
</html>
