1290 1823
360 175 365 191 3
585 180 617 191 tun.
630 179 675 191 νοκτ.
688 179 708 190 nit
719 179 733 190 r.
745 179 760 190 r.
772 179 814 191 ritus
825 179 836 191 1.

360 214 392 228 aec,
401 209 501 225 venerabiles
510 209 572 227 iratres,
579 209 662 225 vobiscum
671 209 698 224 tio-

362 237 381 248 na
392 233 417 248 die
428 233 565 248 communicantes
576 232 652 251 exemplo
663 232 699 247 l'aci-

360 260 362 270 ¹.
373 256 422 271 Patris
433 256 586 273 misericordiarum,
594 255 621 275 qui
633 255 699 271 adversa

361 281 404 298 perat
415 279 497 298 secundis;
509 281 527 294 ut
535 283 564 294 vos
573 282 630 298 nempe
639 280 699 294 nostra-

360 307 362 317 l
373 306 448 317 curarum
460 304 542 317 consortes
553 302 569 317 in
581 303 641 321 partem
653 305 699 317 voce-

360 329 362 339 ;
373 327 389 340 et
400 325 520 343 consolationis,
534 325 606 344 adeoque
621 325 663 340 inter
676 329 699 340 ca-

360 348 407 363 itosas
414 348 457 364 vices
465 349 547 368 erigamus
553 353 570 364 ac
577 348 698 364 confirmemus.

360 371 409 387 iidem
417 372 435 387 ad
447 372 498 387 tristia
506 372 537 387 iam
545 372 612 387 transire
621 376 649 387 nos
657 371 700 390 cogit

360 399 406 410 orum
415 395 497 415 asperitas,
506 395 564 414 quihus
574 395 638 410 aliunde
646 395 699 410 Eccle-

360 422 430 438 ›ppressa
437 418 534 438 ingemiscit.
543 418 591 434 Multa
599 418 665 437 quidem
673 418 699 433 illa

360 443 364 456 ι
375 441 444 460 satisque
458 441 489 457 iam
500 442 595 457 inveterata:
610 441 647 457 licet
658 443 699 457 cete-

360 464 384 480 iin
396 464 435 480 nihil
449 465 584 480 intermiserimus
599 464 642 480 illius
656 464 700 480 solli—

360 488 406 506 diuis,
418 492 459 507 quae
470 488 529 504 iamdiu
541 492 569 504 nos
577 490 625 507 urget
636 488 654 503 ad
666 488 699 503 diu-

360 515 390 527 iam
405 511 540 527 abominationem
552 512 572 527 de
583 512 631 527 domo
645 511 698 529 lsrael.

360 537 404 550 ntum
416 535 431 550 in
442 535 488 550 nobis
496 537 525 552 est,
536 535 645 550 auferendam.
657 534 699 553 Quae

360 562 380 573 em
392 558 486 578 pervulgata
497 558 564 573 nimium
576 558 700 577 suntvohisque

360 581 459 599 loratissima,
467 581 492 597 liic
499 581 563 597 silentio
571 583 698 601 praetereuntes.

370 609 455 624 possumus
466 605 505 624 quin
517 605 610 620 haerentem
617 605 661 620 cordi
672 609 700 620 no-

371 628 494 643 amaritudinem
503 628 522 643 ob
530 628 610 643 infelicem
617 632 669 647 usque
676 632 700 644 ca-

362 651 394 666 icae
406 651 429 667 rei
437 651 453 666 in
461 651 545 667 Borussiae
556 651 612 671 Regno
623 652 700 667 conditio-

360 679 363 690 ι
376 675 480 694 explicemus.

362 698 446 716 eministis,
455 698 591 717 quemadmodum
599 698 636 714 alias
644 702 664 714 ex
670 698 700 714 hoc

360 728 361 734 κ
371 721 406 737 loco
415 721 499 737 maximam
507 722 591 741 conquesti
601 722 652 737 simus
659 722 700 737 iniu-

360 749 366 760 1
378 745 436 760 illatam
452 745 536 764 episcopali
551 745 609 763 ordini,
620 745 700 761 Ecclesiae

360 768 416 784 zoritati
427 772 444 784 ac
455 768 530 786 libertati,
545 770 634 788 nostroque
646 773 665 784 ex
678 769 700 784 di-

360 796 365 807 )
376 791 411 807 iure
422 791 439 807 in
449 791 493 807 illum
505 792 587 811 primatui.
600 796 628 811 per
639 792 700 807 violen-

370 818 419 830 venn.
431 814 484 830 irati-is
495 814 583 830 Clementis
593 815 660 834 Augusti
672 815 700 830 Ar-

360 838 423 857 episcopi
438 838 538 853 Coloniensis
551 842 560 853 e
572 842 600 853 sua
616 838 654 853 sede
669 838 700 854 eie-

360 865 403 876 nem.
415 861 461 877 Scitis
472 863 554 881 praeterea
566 865 595 877 nos
606 861 656 881 gravi.
670 865 700 881 qua

360 885 402 902 ebat.
419 884 533 900 reclamatione
549 885 633 900 confestim
651 885 701 904 ipsius

360 910 398 923 itum
409 912 417 923 a
429 908 533 923 serenissimo
547 908 591 928 Rege
606 908 699 928 postulasse.

360 931 458 947 estissimum
473 933 516 947 certe
531 933 560 950 est,
575 935 623 947 voces
638 934 700 947 nostras

360 955 382 970 nis
393 955 458 970 auribus
469 955 536 970 minime
546 957 619 975 exceptas
627 959 646 971 eo
654 955 701 975 plane

360 980 385 993 ctu
393 978 469 996 caruisse,
477 979 640 998 quenuiiliilomiuus
649 979 700 994 iustis-

360 1006 367 1017 Β
378 1002 394 1017 in
405 1006 451 1017 causa
462 1002 481 1017 ab
491 1002 536 1021 regia
547 1002 626 1021 aequitate
638 1004 701 1022 oporto-

360 1027 450 1044 expectare.
457 1025 477 1040 At
483 1025 523 1041 illud
528 1025 609 1041 acerbitati
617 1026 700 1041 cumulum

360 1048 376 1066 it,
384 1048 427 1067 quod
435 1052 476 1063 nova
484 1048 595 1064 indesinenter
605 1048 665 1064 christi
674 1049 701 1065 Ec-

361 1071 385 1087 iae
397 1071 463 1087 vulnera
476 1072 537 1087 fuerint
548 1076 576 1091 per
587 1072 642 1087 laicam
658 1074 701 1092 pote·

360 1099 385 1110 em
396 1095 460 1111 inflicta.
472 1095 504 1111 lam
516 1095 559 1111 enim
567 1100 575 1111 a
582 1096 608 1111 die
616 1100 638 1111 ix.
647 1096 701 1115 aprilis

360 1119 397 1134 ximi
406 1119 469 1138 regium
478 1119 537 1138 prodiit
545 1119 627 1134 decretum
636 1123 700 1135 omnem

360 1142 433 1157 ecludens
439 1142 500 1157 aditum
506 1142 591 1162 pontificiis
599 1142 618 1158 de
625 1147 644 1158 re
652 1143 701 1158 eccle—

360 1165 389 1181 tica
394 1165 546 1185 praescriptionibus
552 1168 568 1181 et
574 1166 701 1182 ordinationibus

360 1189 440 1204 Borussiae
451 1189 531 1208 Regnum,
542 1189 611 1205 inaudita
622 1190 664 1205 civili
675 1194 701 1205 au-

360 1212 407 1230 itate,
415 1214 504 1231 utcumque
515 1212 609 1231 inferendi&
621 1213 701 1233 simulque

360 1235 388 1251 :eri
399 1236 473 1251 addicens
484 1240 517 1254 eos,
529 1236 556 1255 qui
567 1236 701 1256 qualemcumque

362 1259 371 1274 d
383 1263 448 1278 operam
461 1261 566 1279 praestarent,
582 1260 635 1275 clerici
649 1260 701 1276 sui-ent

366 1282 406 1300 laici,
419 1282 511 1298 Borussicae
518 1284 545 1298 aut
556 1284 620 1298 exterae
631 1283 701 1299 domina·

360 1306 368 1321 ii
379 1306 451 1321 subiecti.
464 1306 541 1322 Mittimus
552 1306 649 1322 declaratum
658 1307 701 1323 dein-

360 1334 365 1344 ς
377 1329 431 1347 luisse,
446 1329 535 1349 quamlibet
549 1330 592 1345 inter
605 1330 701 1346 Coloniense

360 1353 415 1368 itulum
424 1355 440 1368 et
447 1353 554 1372 Apostolicam
564 1353 622 1369 Sedem
630 1358 701 1369 commu-

360 1376 412 1392 ttionis
423 1377 471 1394 viam,
480 1380 512 1392 non
523 1376 592 1392 adhibita
603 1377 644 1396 regii
656 1377 702 1393 mini-

360 1400 373 1415 'ii
381 1404 435 1419 opera,
442 1400 511 1415 suturam
521 1400 584 1420 penitus
590 1400 700 1420 illegitimam:

362 1423 371 1439 d
382 1423 448 1443 quidem
459 1427 478 1439 eo
486 1423 571 1439 manifeste
578 1426 639 1443 spectat
646 1426 664 1439 ut
671 1424 702 1439 Gu-

360 1447 381 1462 nii
392 1447 493 1466 inspectioni.
505 1447 575 1462 examini
583 1448 599 1462 et
606 1447 663 1463 veniae
670 1447 702 1463 sin-

360 1474 376 1485 ae
394 1474 419 1485 res
437 1470 579 1486 communicandae
596 1471 702 1486 subiiciantur

360 1493 406 1508 timus
417 1493 438 1509 ita
446 1494 506 1513 pariter
513 1496 565 1509 actum
574 1498 610 1509 cum
619 1494 702 1509 nonnullis

360 1517 454 1533 Doctoribus
460 1517 576 1535 DecurialihuS.
583 1517 641 1537 quibus
649 1521 702 1537 neque

727 208 767 224 illud
778 209 833 224 datum
844 208 893 224 tuisse
904 208 1016 228 cognovimus,
1025 210 1043 223 ut
1050 208 1101 223 omni-

728 232 791 247 modam
802 236 846 247 suam
858 231 945 251 apostolico
958 231 1016 247 iudicio
1029 231 1048 246 de
1062 231 1101 246 Her<

728 255 774 270 mesii
785 255 830 270 libris
841 255 957 270 subiectionem
969 254 1031 274 perlato
1042 254 1060 270 ad
1072 258 1101 270 nos

728 278 786 298 scripto
794 280 898 294 testarentur.
907 278 984 293 Mittimus
991 278 1020 293 alia
1026 278 1041 293 id
1050 281 1101 297 genus

728 305 759 317 non
771 301 825 317 minus
836 301 944 321 improbanda.
957 301 1024 319 Verum,
1033 305 1074 320 quae
1084 301 1100 316 in

728 326 773 344 parte
784 325 857 340 orientali
863 324 942 340 Borussici
950 324 1002 344 Regni
1010 325 1055 343 gesta
1066 328 1101 343 per-

728 352 782 367 peram
794 350 832 363 sunt
839 350 875 367 post
881 351 933 363 acrem
942 348 969 363 diu
981 351 1016 363 cum
1025 351 1062 363 ven.
1071 347 1102 363 fra-

729 374 752 387 tre
764 371 830 387 Martino
845 371 969 391 Archiepiscopo
984 371 1074 386 Gnesnensi
1085 373 1102 386 et

728 394 831 410 Posnaniensi
842 394 968 412 contentionem,
979 394 1060 409 attendite.

748 418 814 433 Dolebat
828 417 934 433 veliementer
950 417 1041 437 praeclarus
1057 417 1102 432 Anti>

728 443 765 458 stes,
778 441 793 456 vi
802 440 873 456 civilium
881 440 936 460 legum
944 440 1031 456 inolevisse
1038 444 1067 460 per
1075 444 1101 455 eas

728 464 804 483 regiones
815 464 876 484 praxim
887 464 928 480 circa
936 464 985 480 mixta
991 463 1070 479 connubia
1078 467 1102 479 ca-

729 488 796 503 tholicae
808 488 886 503 Ecclesiae
894 488 976 503 doctrinae
984 492 1002 503 ac
1009 487 1102 507 disciplinae

728 511 794 527 omnino
809 513 932 531 repugnantem.
948 511 996 526 Ratus
1009 515 1041 527 non
1054 515 1102 530 posse

728 539 745 551 se
751 535 811 555 absque
818 535 862 554 gravi
868 535 929 554 piaculo
935 534 979 550 illam
985 534 1053 554 amplius
1062 534 1101 549 tole-

728 562 770 576 rare,
777 558 847 578 primum
858 558 918 577 pluries
927 558 991 577 regium
1002 558 1100 575 ministrum,

728 582 765 597 dein
776 585 833 601 regem
848 581 900 601 ipsum
912 585 940 600 per
955 581 1039 600 epistolam
1054 581 1101 596 oflicii

729 605 792 624 plenam
803 605 841 620 adiit
851 607 873 622 et,
880 604 960 620 rationum
972 604 1059 620 momentis
1069 604 1102 619 ani-

729 628 783 648 mique
791 628 816 644 sui
824 628 910 647 angoribus
922 628 1003 647 expositis,
1012 628 1027 643 id
1035 628 1102 643 demum

728 652 774 672 petiit
785 653 802 667 ut
813 652 830 667 in
841 655 859 667 re
870 651 917 666 unius
924 651 1039 667 ecclesiasticae
1049 653 1102 667 aucto-

729 675 778 690 ritatis
790 675 853 695 propria
864 675 894 690 sibi
905 674 927 690 ias
939 676 982 690 esset
994 675 1019 690 vel
1031 679 1066 690 eam
1077 679 1103 691 re-

729 698 783 717 gulam
799 698 894 713 servandam
909 701 975 716 curare,
989 702 1029 717 quae
1044 698 1102 714 litteris

729 721 810 737 Benedicti
819 721 858 736 xlv.
868 721 995 740 praedecessoris
1006 721 1057 737 nostri
1065 722 1102 737 mis-

728 745 749 760 sis
760 745 785 760 die
792 749 837 760 xxix.
846 744 885 760 iunii
893 749 992 760 unccxnvin.
1001 745 1019 760 ad
1028 745 1102 761 Polouiae

729 768 812 784 Antistites
824 768 880 783 tradita
891 768 949 786 iuerat,
960 768 987 783 vel
999 768 1046 784 liuius
1061 768 1102 788 Apo-

729 792 793 807 stolicae
805 791 850 807 Sedis
857 792 954 807 sententiam
961 791 1042 807 sciscitari.
1054 792 1102 811 Atqui

729 817 783 830 tamen
794 817 876 833 neutrum,
885 816 922 830 utut
932 814 1053 834 aequissimum,
1065 819 1102 830 con-

729 842 791 854 cessum
807 840 836 854 est.
848 838 865 853 ln
879 842 918 857 quas
932 838 1000 857 proinde
1014 838 1102 853 anxietates

729 862 754 877 vir
765 861 874 881 pientissimus
885 861 976 877 necessario
990 861 1039 877 tuerit
1049 862 1102 877 conie-

729 887 769 903 ctus,
781 889 814 900 non
825 887 850 900 est
860 889 888 900 cur
899 885 973 904 pluribus
986 885 1101 904 significemus.

729 908 777 925 Novit
791 908 856 924 interim
871 908 904 927 ille,
920 913 955 926 nos,
970 909 1013 928 quod
1028 909 1102 928 privatim

729 933 760 948 iam
771 936 862 951 egeramus,
878 932 942 951 publice
953 932 969 947 in
980 932 1030 948 Coetu
1044 932 1102 948 Vestro

729 956 755 972 die
766 960 781 971 x.
794 955 884 971 decembris
897 955 985 975 superioris
996 955 1033 971 anni
1047 959 1102 975 repro-

729 979 774 995 basse
785 979 873 998 quamlibet
884 979 946 998 praxim
957 979 997 994 circa
1006 978 1062 994 mixtas
1073 983 1102 994 nu-

730 1002 769 1022 ptias
780 1003 796 1018 in
803 1002 886 1018 Borussiae
897 1002 953 1021 Regno
964 1002 1049 1021 illegitime
1056 1002 1102 1018 iudu-

729 1027 776 1041 ctam.
792 1025 831 1041 Hinc
845 1025 912 1041 minime
926 1025 1034 1041 cunctandum
1049 1025 1102 1041 existi-

730 1053 780 1067 mans,
793 1049 888 1068 encyclicam
900 1049 918 1064 ad
930 1049 1025 1064 universum
1033 1053 1071 1064 suae
1078 1053 1102 1064 ar-

730 1072 848 1088 cliidioeteseos
855 1072 916 1087 clerum
924 1072 968 1087 dedit
974 1072 1064 1091 epistolam.
1071 1076 1102 1092 qua

730 1096 759 1112 sub
770 1099 847 1111 censurae
858 1095 990 1111 interminatione
998 1095 1069 1115 graviter
1080 1096 1103 1111 in-

730 1119 775 1137 dixit.
787 1123 808 1135 ne
819 1119 854 1138 quis
861 1119 934 1134 sacerdos
942 1119 1005 1138 nuptias
1014 1119 1103 1135 istiusmodi

730 1147 774 1158 sacro
786 1142 817 1158 ritu
832 1142 929 1160 honestaret,
944 1142 974 1157 nisi
988 1143 1024 1157 ante
1038 1144 1103 1158 cautum

730 1168 773 1182 esset
785 1165 903 1181 conditionibus
917 1169 958 1185 quae
971 1166 989 1181 ab
1004 1165 1060 1181 Sancta
1075 1166 1103 1181 hac

731 1189 771 1205 Sede
778 1189 864 1209 praescribi
870 1190 996 1204 consueverunt.
1004 1189 1039 1204 Mox
1046 1189 1103 1205 iterato

730 1213 748 1228 ad
759 1212 881 1228 serenissimum
892 1216 948 1231 regem
956 1212 1021 1231 scripto,
1028 1216 1061 1227 non
1068 1212 1103 1228 sine

730 1236 835 1255 amplissima.
848 1237 865 1250 ut
876 1239 904 1255 par
918 1237 957 1253 erat,
972 1235 1076 1251 subiectionis
1087 1237 1104 1251 et

731 1259 809 1278 obsequii,
821 1259 838 1274 in
849 1259 867 1274 iis
878 1262 919 1278 quae
930 1258 981 1274 civilis
991 1259 1051 1274 ordinis
1058 1260 1102 1277 sunt,

731 1282 847 1300 testificatione.
856 1286 892 1298 cum
900 1284 1044 1302 praememorasset
1051 1283 1102 1298 datam

730 1306 826 1321 solemniter
842 1306 902 1325 regiam
919 1306 968 1321 fldem
983 1306 1002 1321 de
1017 1306 1103 1321 catholicae

730 1329 814 1349 religionis
821 1329 883 1344 iuribus
892 1329 938 1344 sartis
951 1329 1028 1348 tectisque
1038 1333 1103 1344 servan-

730 1353 762 1372 dis;
775 1353 846 1372 ingenue
857 1353 939 1372 protessus
954 1354 982 1371 est,
995 1354 1030 1372 post
1042 1357 1103 1368 annun-

730 1377 786 1392 tiatum
798 1376 849 1396 palam
860 1376 960 1395 Apostolicae
968 1376 1013 1392 Sedis
1021 1376 1103 1391 oraculum

731 1400 774 1415 nefas
786 1404 821 1415 esse
832 1400 862 1415 sibi
873 1400 910 1415 inde
921 1399 1001 1415 ullatenus
1014 1399 1102 1417 discedere,

730 1424 769 1442 quin
780 1423 848 1438 violatae
860 1423 928 1442 turpiter
943 1422 1057 1438 ecclesiasticae
1068 1422 1103 1438 uni-

730 1447 766 1462 tatis
777 1446 845 1462 crimine
856 1448 958 1465 argueretur.

750 1470 782 1485 lam
796 1473 836 1485 vero
850 1469 942 1485 huiusmodi
956 1473 1013 1485 sensus
1028 1469 1103 1489 religioni

731 1493 800 1513 fideique
812 1492 884 1508 catholici
896 1493 975 1508 Antistitis
983 1493 1055 1512 apprime
1066 1497 1103 1508 con-

730 1517 802 1533 sentanei
814 1521 857 1534 cum.
870 1520 918 1532 veun.
933 1516 996 1534 iratres.
1008 1516 1104 1536 consequuti

1118 174 1146 187 An,
1154 175 1169 187 U.
1180 175 1212 188 18³1,
