4770 6982
287 539 385 597 Ano.
407 545 475 598 asca
526 547 587 615 290

507 702 619 766 presso
642 687 738 750 modo
760 688 894 766 pastoris
917 687 1029 751 solatio
1052 689 1204 752 destituta
1219 691 1258 754 de

508 797 644 860 persona
673 788 726 844 tua
754 781 846 844 nobis
875 789 908 845 et
935 781 1176 846 venerabilibus
1198 785 1258 848 lra-

506 875 610 941 tribus
632 873 751 937 nostris
775 873 906 939 Sanctae
921 875 1081 940 Romanae
1096 878 1256 942 Ecclesiae

505 968 725 1032 dardinalibus
746 969 787 1032 ob
809 975 941 1032 tuorum
971 971 1167 1050 exigentiam
1190 989 1256 1036 me-

504 1063 643 1126 ritorum
664 1053 801 1141 accepta,
821 1064 910 1126 iuxta
932 1063 1098 1128 decretum
1121 1067 1154 1128 in
1175 1066 1256 1129 don-

505 1157 694 1234 gregatione
710 1158 901 1220 eorumdem
917 1158 1053 1220 fratrum
1070 1165 1255 1222 nostrorum

504 1250 644 1327 negotiis
667 1251 706 1313 de
728 1251 932 1330 Propaganda
958 1251 1035 1314 Fide
1060 1255 1255 1332 praeposito-

503 1359 578 1406 rum
604 1344 744 1424 desuper
769 1352 952 1408 emanatum
980 1353 1012 1410 et
1036 1364 1095 1426 per
1119 1365 1179 1411 nos
1204 1365 1255 1430 ap-

504 1438 685 1517 probatum,
703 1439 743 1501 de
758 1438 894 1501 fratrum
914 1440 1105 1504 eorumdem
1122 1443 1255 1506 consilio

503 1532 674 1610 apostolica
690 1533 878 1596 auctoritate
893 1534 1143 1612 providerimus,
1158 1543 1255 1614 teque

504 1625 607 1689 eidem
641 1627 841 1706 patriarchali
874 1628 1025 1692 ecclesiae
1057 1629 1090 1692 in
1122 1631 1255 1694 Patriar-

504 1719 596 1782 cham
618 1721 868 1800 praefecerimus
895 1727 927 1784 et
949 1728 1120 1801 pastorem,
1144 1735 1254 1788 curam

503 1815 652 1891 regimen
683 1822 716 1878 et
741 1816 1052 1879 administrationem
1081 1819 1181 1898 ipsius
1203 1836 1254 1897 pa-

502 1909 680 1972 triarchalis
700 1909 853 1972 ecclesiae
869 1911 926 1972 tibi
940 1911 973 1972 in
987 1911 1206 1989 spiritualibus
1222 1921 1254 1975 et

502 2001 733 2082 temporalibus
745 2003 889 2082 plenarie
901 2005 1144 2078 committendo,
1158 2013 1254 2084 prout

501 2095 535 2158 in
557 2097 676 2159 nostris
698 2098 773 2160 inde
801 2098 954 2161 confectis
982 2099 1099 2161 litteris
1126 2100 1252 2178 plenius

501 2192 697 2264 continetur,
707 2209 741 2255 ac
753 2193 957 2271 postmodum
970 2193 1114 2272 pallium,
1125 2194 1252 2272 insigne

500 2286 652 2350 videlicet
683 2287 892 2366 plenitudinis
925 2287 1114 2366 pontificalis
1141 2289 1250 2363 officii,

501 2397 559 2460 pro
581 2389 671 2461 parte
693 2388 746 2444 tua
767 2380 867 2444 fuerit
889 2381 981 2444 nobis
1010 2383 1106 2446 hodie
1128 2399 1185 2462 per
1208 2385 1252 2447 di-

441 2541 444 2546 ,
500 2476 621 2543 lectum
653 2477 756 2539 filium
789 2476 945 2539 'rhomam
977 2477 1128 2540 comitem
1158 2478 1250 2541 Gnoli

500 2579 629 2635 nostrae
650 2571 878 2635 consistorialis
900 2571 990 2636 aulae
1011 2572 1199 2634 advocatum
1216 2590 1251 2636 ea

501 2680 562 2743 pua
574 2667 682 2729 decuit
693 2667 876 2728 reverentia
889 2666 1101 2744 postulatum:
1116 2682 1175 2728 nos
1188 2668 1251 2729 tuis

500 2759 768 2840 postulationibus
790 2766 981 2833 annuentes
995 2760 1128 2840 pallium
1144 2761 1251 2839 ipsum

428 2851 434 2860 '
500 2855 540 2918 de
562 2871 697 2934 corpore
726 2854 814 2916 Beati
835 2854 922 2917 Petri
950 2859 1117 2932 sumptum
1140 2861 1172 2916 et
1193 2871 1251 2933 per

501 2949 581 3011 duos
602 2948 807 3011 venerabiles
829 2947 943 3010 fratres
966 2954 1094 3009 nostros
1120 2946 1251 3011 Archio-

427 3087 428 3090 η
500 3041 646 3121 piscopos
675 3041 728 3104 vel
756 3041 930 3120 Episcopos
959 3040 1083 3102 inistis
1107 3041 1250 3119 partibus

500 3135 667 3214 degentes,
692 3135 826 3213 gratiam
855 3139 963 3196 tamen
992 3140 1024 3196 et
1051 3135 1250 3197 commuuio-

500 3243 576 3291 nem
605 3226 696 3291 Sedis
721 3227 922 3307 Apostolicae
944 3226 1110 3300 habentes,
1125 3227 1182 3289 tibi
1203 3243 1249 3289 as-

499 3321 693 3399 signandum
722 3337 780 3399 per
809 3319 963 3383 dilectum
989 3335 1120 3398 quoque
1145 3320 1248 3384 filium

498 3413 650 3478 loannem
676 3415 781 3494 Topos
811 3413 1037 3494 presbyterum
1068 3413 1247 3478 Armenum

498 3507 653 3572 nuncium
675 3514 768 3572 tuum
791 3508 942 3570 duximus
958 3509 1195 3582 destinandum,
1212 3515 1248 3572 ut

497 3602 595 3666 iidem
618 3599 858 3681 hrcbiepiscopi
879 3601 932 3665 vel
954 3603 1102 3682 Episcopi
1124 3609 1178 3665 aut
1196 3619 1247 3666 eo-

496 3711 570 3758 rnm
589 3694 671 3757 alter
685 3695 766 3758 illud
781 3695 839 3757 tibi
854 3694 913 3756 sub
929 3695 1130 3774 infrascripta
1145 3695 1248 3758 forma

496 3789 663 3867 assignent
682 3790 736 3852 vel
758 3789 911 3867 assignet,
936 3794 969 3852 et
991 3806 1007 3850 a
1028 3795 1059 3851 te
1082 3795 1194 3851 nostro
1216 3795 1249 3878 et

495 3883 656 3947 Romanae
690 3883 851 3948 Ecclesiae
886 3883 1018 3946 nomine
1053 3883 1114 3945 snb
1149 3884 1247 3946 altera

496 3978 593 4040 etiam
614 3977 839 4057 praesentibus
860 3977 982 4038 inserta
997 3976 1101 4040 forma
1115 3976 1248 4039 fidelita-

495 4071 535 4134 tis
557 4071 683 4135 debitae
704 4073 836 4135 solitum
857 4071 1077 4134 iuramentum
1093 4072 1248 4150 recipiant

495 4180 553 4227 seu
575 4167 717 4246 recipiat.
735 4166 781 4228 Tu
798 4173 905 4228 autem
921 4165 1016 4244 pallio
1034 4165 1148 4228 eodem
1164 4166 1247 4228 intra

494 4259 740 4336 patriarchalem
770 4259 937 4322 ecclesiam
959 4265 1046 4320 tuam
1068 4259 1133 4322 illis
1155 4260 1245 4321 durn-

494 4358 580 4416 taxat
601 4353 714 4416 diebus
736 4353 849 4427 uteris,
868 4353 922 4430 qui
939 4351 1083 4431 expressi
1098 4353 1131 4414 in
1146 4352 1246 4431 ipsius

494 4447 713 4525 patriarchalis
749 4447 901 4510 ecclesiae
936 4445 1115 4526 privilegiis
1148 4447 1246 4509 conti-

494 4547 625 4604 nentur.
649 4539 690 4602 Ut
711 4539 812 4617 igitur
838 4539 969 4618 signum
999 4556 1064 4602 non
1086 4540 1247 4618 discrepet

495 4633 657 4711 asignato,
671 4633 728 4696 sed
741 4633 825 4711 quod
840 4633 925 4711 geris
939 4633 1094 4707 exterius,
1108 4633 1245 4696 interius

494 4742 606 4791 serves
627 4728 661 4790 in
675 4733 797 4803 mente,
815 4726 1050 4790 fraternitatem
1069 4732 1156 4789 tuam
1179 4743 1246 4791 mo-

494 4837 609 4884 nemus
626 4829 658 4885 et
672 4822 841 4885 hortamur
857 4828 988 4896 attente,
1003 4828 1173 4899 quatenus,
1187 4821 1245 4883 hu-

494 4915 664 4978 militatem
687 4923 720 4979 et
739 4916 894 4979 iustitiam
917 4917 1012 4978 dante
1033 4916 1170 4979 Domino
1190 4918 1245 4994 qui

493 5008 546 5070 dat
566 5009 707 5088 praemia
728 5015 761 5071 et
782 5025 918 5072 munera
945 5009 1112 5086 elargitur,
1137 5009 1245 5072 obser·

493 5111 569 5165 vare
591 5104 731 5178 studeas,
745 5117 827 5181 quae
848 5119 944 5165 sunm
966 5110 1098 5166 servant
1119 5109 1151 5166 et
1172 5119 1244 5183 pro-

493 5203 627 5260 movent
657 5203 876 5272 servatorem,
910 5215 944 5260 ac
977 5199 1122 5262 eamdem
1148 5199 1244 5278 patri·

493 5291 652 5354 archalem
682 5291 849 5355 ecclesiam
875 5290 1003 5355 Ciliciae
1024 5291 1242 5355 Armenorum

492 5401 642 5466 sponsam
658 5393 744 5448 tuam
760 5401 854 5449 cures
873 5385 1021 5460 sollicite,
1038 5393 1169 5450 auctore
1183 5388 1243 5450 llo-

492 5481 598 5555 mino,
632 5480 842 5561 spiritualiter
875 5487 908 5542 et
935 5481 1158 5559 temporaliter
1190 5497 1243 5543 au·

493 5589 581 5651 gere.

530 5669 549 5744 ἓ
570 5667 600 5730 2.
624 5665 776 5742 Quocirca
797 5667 967 5748 praedictis
986 5666 1240 5747 nrcuiepiscopis

491 5759 545 5822 vel
566 5761 730 5842 Episcopis
753 5777 811 5842 per
832 5762 1004 5842 apostolica
1022 5762 1139 5841 scripta
1154 5777 1241 5823 man·

492 5853 615 5928 damus,
632 5862 791 5934 quatenus
813 5857 873 5936 ipsi
895 5856 948 5920 vel
969 5855 1050 5918 alter
1066 5870 1180 5917 eorum
1197 5853 1241 5917 di-

491 5953 578 6011 otum
600 5948 733 6034 pallium
758 5951 847 6012 iuxta
868 5950 1015 6014 eamdem
1042 5948 1241 6027 subsequen-

1029 571 1095 618 lUR.
1118 569 1210 616 PONE.
1234 570 1275 617 DE
1296 571 1326 618 P.
1350 572 1381 619 F.
1405 573 1488 619 PARS
1509 575 1531 620 l.
1624 629 1627 634 .

1314 696 1381 754 tem
1410 692 1547 756 formam
1577 692 1634 756 tibi
1656 700 1772 756 curent
1799 709 1857 756 seu
1879 698 1972 756 curet
1992 693 2066 754 assi-

1315 799 1425 861 gnare,
1441 792 1477 849 et
1497 804 1513 848 a
1536 792 1567 849 te
1589 793 1701 848 nostro
1724 792 1756 848 et
1771 785 1916 848 eiusdem
1934 783 2065 848 Sanctae

1313 877 1473 942 Romanae
1501 880 1662 942 Ecclesiae
1691 880 1823 943 nomine
1851 880 1911 943 sub
1941 880 2066 958 reliqua

1313 971 1416 1034 forma
1447 973 1633 1036 huiusmodi
1660 974 1821 1036 fidelitatis
1843 974 1969 1036 debitae
1991 975 2065 1036 soli-

1314 1073 1382 1128 tum
1402 1067 1558 1147 recipiant
1572 1084 1630 1130 seu
1645 1068 1726 1131 alter
1742 1083 1857 1130 eorum
1873 1068 2005 1146 recipiat
2018 1069 2065 1129 iu-

1312 1167 1507 1234 ramentum,
1530 1161 1742 1240 eiusdemqne
1763 1161 1807 1224 sic
1830 1179 1845 1224 a
1867 1168 1899 1224 te
1921 1162 2064 1241 praestiti

1312 1254 1485 1316 iuramenti
1504 1254 1641 1318 formam
1657 1255 1748 1318 nobis
1771 1256 1810 1318 de
1826 1256 1928 1317 verbo
1944 1255 1980 1317 ad
1992 1269 2064 1316 ver-

1311 1347 1388 1409 bum
1412 1365 1470 1428 per
1492 1355 1562 1410 tuas
1584 1355 1730 1428 patentes
1745 1350 1869 1412 litteras
1885 1355 1941 1411 tuo
1957 1349 2064 1426 sigillo

1312 1441 1452 1504 munitas
1468 1458 1525 1520 per
1541 1443 1709 1521 proprium
1729 1443 1884 1506 nuncium
1901 1442 2064 1520 quantoci-

1312 1536 1374 1597 tius
1390 1536 1552 1598 destinare
1567 1552 1732 1615 procures.
1748 1536 1862 1598 Forma
1877 1543 1986 1599 autem
2002 1551 2062 1614 qua

1311 1628 1464 1705 praedicti
1479 1627 1719 1707 Archiepiscopi
1734 1629 1788 1691 vel
1804 1629 1952 1708 Episcopi
1969 1629 2002 1691 in
2017 1646 2063 1691 as-

1310 1725 1467 1803 signando
1498 1725 1553 1788 tibi
1580 1727 1663 1788 dicto
1687 1727 1782 1806 pallio
1813 1733 1959 1799 utentur,
1986 1727 2062 1788 haec

1311 1825 1375 1880 est:
1401 1820 1480 1882 <hd
1504 1819 1663 1882 honorem
1690 1819 1927 1898 omnipotentis
1949 1819 2006 1882 Dei
2027 1837 2062 1881 ac

1309 1911 1423 1974 Beatae
1452 1913 1567 1975 Mariae
1593 1911 1736 1990 Virginis
1758 1931 1792 1976 ac
1815 1911 1870 1976 SS.
1894 1913 2062 1992 Apostolo-

1309 2022 1384 2068 rum
1405 2007 1546 2069 Petrbet
1568 2006 1655 2069 Pauli
1678 2024 1711 2069 ac
1733 2007 1855 2069 domini
1882 2008 1984 2069 nostri
2007 2008 2061 2070 do-

1309 2101 1389 2162 mini
1410 2101 1558 2178 Gregorii
1579 2101 1636 2162 PP.
1655 2099 1735 2162 xvi.
1750 2107 1786 2162 et
1802 2099 1933 2164 Sanctae
1948 2100 2061 2163 Roma-

1309 2211 1368 2256 nae
1389 2195 1549 2257 Ecclesiae
1571 2204 1710 2257 necnon
1726 2195 1944 2274 patriarchalis
1960 2196 2060 2258 ecole-

1308 2289 1372 2352 siae
1393 2289 1521 2352 Ciliciae
1544 2289 1763 2352 Armenorum
1785 2289 1843 2350 tibi
1858 2290 2058 2361 commissae,

1308 2383 1464 2447 tradimus
1497 2383 1555 2446 tibi
1583 2383 1716 2462 pallium
1746 2383 1786 2446 de
1814 2399 1950 2462 corpore
1973 2385 2060 2446 Beati

1308 2476 1394 2548 Petri
1406 2484 1584 2556 sumptum,
1596 2477 1831 2556 plenitudinem
1844 2477 1995 2540 videlicet
2010 2495 2060 2557 pa-

1307 2571 1434 2633 storalis
1450 2570 1554 2642 oflicii,
1572 2577 1661 2632 uteo
1677 2570 1777 2632 utaris
1793 2570 1876 2632 intra
1892 2571 2058 2633 ecclesiam

1307 2671 1395 2726 tuam
1425 2665 1521 2728 certis
1544 2663 1668 2738 diebus,
1693 2665 1748 2743 qui
1775 2665 2005 2743 exprimuntur
2025 2667 2059 2728 in

1307 2757 1486 2835 privilegiis
1509 2757 1539 2820 ei
1560 2757 1801 2840 abshpostolica
1827 2758 1910 2823 Sede
1931 2775 2059 2822 conces-

1307 2851 1349 2912 sis
1361 2869 1389 2912 ».
1402 2851 1543 2914 -Eorma
1558 2859 1666 2914 autem
1678 2852 1851 2914 iuramenti
1868 2855 1955 2931 quod
1971 2871 2059 2934 prae-

1306 2944 1414 3018 stabis,
1431 2945 1510 3008 haec
1525 2951 1590 3008 est:
1616 2945 1714 3023 «Ego
1735 2946 1865 3008 lacobus
1889 2947 1983 3010 Holas
2002 2948 2059 3010 hr-

1306 3038 1528 3121 chiepiscopus
1551 3039 1712 3102 Amasien.
1729 3040 1763 3101 in
1779 3041 1994 3104 Patriarcham
2009 3042 2058 3105 Gi-

1306 3131 1395 3195 liciae
1418 3131 1637 3194 armenorum
1654 3133 1787 3204 electus,
1805 3134 1843 3196 ab
1860 3135 1917 3197 hac
1933 3135 2009 3196 hora
2025 3137 2058 3197 in

1305 3233 1397 3288 antea
1418 3226 1522 3288 fidelis
1545 3233 1577 3288 et
1599 3226 1753 3289 obediens
1776 3243 1831 3289 ero
1851 3227 1948 3290 Beato
1962 3229 2057 3292 Petro

1305 3325 1497 3397 sanctaeque
1515 3319 1707 3399 apostolicae
1722 3321 1882 3383 Romanae
1898 3322 2058 3386 Ecclesiae

1305 3419 1338 3475 et
1362 3414 1494 3477 domino
1522 3422 1635 3476 nostro
1664 3415 1795 3476 domino
1824 3415 1982 3493 Gregorio
2004 3416 2057 3480 Pa-

2096 557 2154 608 An.
2170 553 2210 606 O.
2242 551 2322 600 1842

1304 3523 1362 3584 pae
1384 3505 1465 3570 lllil.
1488 3507 1621 3585 suisque
1642 3507 1882 3570 successoribus
1904 3511 2057 3574 canonice
2109 3587 2111 3594 y

1304 3599 1509 3662 intrantibus.
1534 3601 1605 3663 Non
1628 3617 1684 3664 ero
1706 3602 1739 3664 in
1761 3602 1895 3665 consilio
1916 3611 2057 3668 autcon-

1303 3709 1402 3756 sensu
1413 3694 1467 3757 vel
1479 3695 1561 3758 facto
1572 3701 1609 3757 nt
1626 3695 1725 3758 vitain
1742 3697 1878 3775 perdant
1889 3697 1943 3760 vel
1956 3715 2057 3762 mem-

1303 3787 1411 3860 brum,
1425 3804 1483 3850 seu
1499 3788 1663 3866 capiantur
1679 3790 1761 3851 mala
1776 3791 1932 3870 captione.
1947 3791 2057 3854 (lonsi-

1303 3881 1383 3944 lium
1406 3897 1486 3945 vero
1508 3882 1594 3960 qnod
1617 3882 1697 3944 inihi
1718 3883 1872 3946 credituri
1901 3891 1978 3948 sunt
1999 3901 2056 3964 per

1302 3990 1337 4036 se
1359 3981 1414 4036 aut
1434 3975 1570 4039 nuncios
1591 3991 1650 4038 seu
1672 3974 1806 4049 litteras,
1821 3978 1858 4039 ad
1873 3993 1989 4039 eornm
2004 3979 2055 4040 da-

1303 4083 1416 4131 mnum
1439 4085 1492 4132 me
1515 4070 1637 4132 sciente
1659 4070 1781 4132 nemini
1798 4071 1944 4148 pandam.
1963 4071 2055 4151 Papa-

1302 4167 1372 4224 tum
1394 4162 1575 4224 Romanum
1597 4168 1630 4224 et
1644 4163 1765 4240 regalia
1781 4163 1887 4226 Sancti
1903 4164 1990 4227 Petri
2004 4167 2056 4229 ad-

1301 4255 1388 4318 iutor
1411 4257 1456 4318 eis
1479 4273 1535 4319 ero
1555 4257 1592 4320 ad
1608 4257 1817 4320 retinendum
1834 4263 1866 4320 et
1881 4258 2055 4322 defenden-

1302 4349 1379 4412 dum
1402 4355 1513 4414 contra
1537 4367 1668 4414 omnem
1692 4351 1869 4414 hominem.
1899 4352 2054 4431 Legatum

1301 4441 1502 4522 Apostolicae
1535 4443 1626 4508 Sedis
1648 4445 1680 4507 in
1703 4446 1810 4508 eundo
1834 4453 1866 4509 et
1886 4446 2054 4510 redeundo

1301 4537 1479 4601 honorifice
1492 4539 1632 4602 tractabo
1645 4545 1678 4602 et
1689 4539 1721 4602 in
1734 4540 1800 4602 suis
1813 4541 2055 4605 necessitatibus

1301 4631 1468 4695 adiuvabo.
1491 4631 1628 4696 Vocatus
1650 4634 1687 4695 ad
1711 4632 1889 4714 Synodum,
1912 4637 2052 4710 veniam,

1300 4726 1362 4788 nisi
1385 4727 1590 4806 praepeditus
1612 4727 1706 4789 fuero
1725 4729 1873 4792 canonica
1889 4729 2054 4810 praepedi-

1301 4819 1399 4882 tione.
1417 4819 1648 4900 Apostolorum
1669 4820 1779 4882 limina
1802 4821 1939 4900 singulis
1961 4823 2053 4900 quin·

1301 4914 1450 4990 quenuiis
1483 4915 1619 4978 visitabo
1651 4922 1705 4978 aut
1737 4931 1794 4994 per
1826 4931 1878 4978 me
1910 4923 1965 4978 aut
1995 4933 2053 4994 per

1301 5023 1410 5069 meum
1436 5009 1606 5082 nuncium,
1631 5009 1692 5072 nisi
1714 5009 1885 5088 apostolica
1907 5010 2053 5072 absolvar

1299 5101 1438 5164 licentia.
1474 5103 1693 5165 Possessiones
1725 5117 1804 5165 vero
1837 5103 1875 5166 ad
1907 5119 2052 5166 mensam

1300 5211 1404 5258 meam
1424 5196 1624 5275 pertinentes
1640 5213 1705 5259 non
1720 5197 1859 5260 vendam
1875 5213 1982 5276 neque
1997 5197 2050 5260 do-

1299 5289 1381 5352 nabo
1403 5304 1510 5367 neque
1532 5289 1755 5370 impignorabo
1778 5307 1885 5369 neque
1907 5292 1946 5353 de
1965 5305 2050 5354 novo

1298 5383 1471 5447 infeudabo
1499 5385 1550 5447 vel
1574 5385 1681 5462 aliquo
1703 5385 1799 5448 modo
1824 5383 1980 5458 alienabo,
2004 5385 2050 5447 in-

1298 5477 1446 5540 consulto
1475 5477 1618 5542 Romano
1647 5479 1811 5542 Pontidce.
1836 5479 1876 5541 Et
1896 5480 2050 5542 constitu-

1298 5572 1420 5634 tionem
1437 5588 1536 5652 super
1551 5572 1768 5652 prohibitione
1782 5573 2049 5636 investiturarum

1298 5665 1459 5728 bonorum
1488 5666 1788 5729 iurisdictionalium
1819 5668 1858 5730 de
1887 5684 1970 5732 anno
1997 5667 2050 5731 do·

1299 5760 1380 5822 mini
1415 5760 1589 5823 millesimo
1621 5761 1856 5824 sexcentesimo
1888 5762 2049 5839 vigesimo

1299 5855 1412 5931 quinto
1436 5853 1551 5917 editam
1575 5853 1722 5916 servabo.
1745 5853 1796 5917 Sic
1818 5871 1870 5917 me
1891 5854 1976 5917 Deus
1998 5855 2048 5917 ad-

1298 5948 1390 6010 iuvet
1411 5953 1443 6010 et
1464 5948 1542 6011 haec
1563 5954 1669 6012 sancta
1690 5947 1747 6011 Dei
1769 5949 1983 6028 evangelia.»
