4770 6982
288 563 341 616 An.
356 567 385 616 C.
408 567 476 618 1842
526 563 586 628 294

507 717 565 764 seu
579 701 1174 766 ’133333133313033333111131331131
1188 717 1253 763 rne-

508 795 623 858 311133
645 793 753 857 Novae
775 794 959 859 Hollandiao
979 795 1017 857 ab
1031 794 1254 858 iurisdictione

508 889 564 950 sua
585 888 777 959 subducere,
809 895 841 950 et
861 890 894 952 in
917 890 1028 952 eadem
1057 888 1253 967 peculiarem

508 982 700 1060 Episcopum
733 981 894 1044 1113331331
927 981 1145 1061 113331311333
1181 998 1255 1044 333-

508 1075 654 1147 stituere,
672 1075 723 1137 cui
738 1075 881 1138 eiusdem
897 1075 1020 1138 insulae
1035 1091 1069 1138 ac
1085 1083 1190 1138 133333
1206 1089 1255 1136 33-

508 1169 618 1247 gimen
631 1168 882 1232 ecclesiasticum
894 1170 1126 1245 committatur;
1140 1184 1256 1246 quum-

508 1278 571 1340 que
592 1262 679 1326 idem
702 1262 741 1324 de
763 1263 966 1326 meridionali
984 1261 1162 1325 Australiae
1184 1278 1256 1340 pro·

507 1357 610 1419 vincia
632 1357 838 1422 statuendum
862 1373 932 1420 esse
948 1361 1145 1420 memoratus
1168 1353 1256 1418 Vica-

508 1451 575 1512 rius
608 1450 810 1529 Apostolicus
842 1451 1134 1526 demonstraverit3
1165 1456 1255 1511 motu

508 1544 639 1623 proprio
651 1561 684 1606 ac
696 1545 781 1606 certi
793 1544 934 1616 scientia,
949 1544 1054 1621 deque
1066 1543 1256 1622 apostolicae

508 1639 673 1717 potestatis
685 1638 896 1716 plenitudine,
908 1639 1021 1699 113333
1031 1638 1198 1699 literarum
1211 1637 1253 1709 vi,

509 1739 662 1810 utrasque
685 1733 835 1810 regiones
851 1749 907 1794 seo
927 1731 1107 1811 provincias
1130 1731 1256 1793 monsi-

510 1825 672 1902 gnificatas
688 1841 802 1888 revera
817 1826 854 1888 ab
877 1826 975 1904 ipsius
991 1825 1107 1888 llicarii
1123 1825 1256 1903 Aposto-

444 1939 447 1948 *
509 1919 561 1982 lici
582 1919 887 1983 Novaellollandiae
909 1919 1131 1982 iurisdictione
1153 1919 1256 1980 detra-

508 2014 640 2086 hendas,
664 2021 760 2092 atque
782 2031 834 2077 eas
857 2015 987 2094 proprio
1010 2013 1163 2092 peculiari
1185 2013 1257 2091 Epi-

508 2125 604 2187 scopo
616 2108 741 2170 licerio
757 2107 940 2188 Apostolico
958 2107 1181 2184 gubernandas
1196 2113 1256 2168 133-

509 2203 768 2276 dimandamus,
792 2203 872 2266 11131
898 2201 995 2263 31331
1025 2202 1254 2272 decernentes,

507 2304 545 2358 ut
565 2297 740 2376 Episcopus
756 2296 899 2360 llicarius
915 2295 1117 2374 apostolicus
1132 2293 1256 2356 insulae

507 2409 542 2454 ac
574 2397 679 2452 terrae
712 2390 935 2454 Van-Diemen
967 2387 1256 2450 Hobartoniensem

509 2485 638 2548 titulum
661 2484 821 2562 suscipiat,
848 2483 886 2546 ab
908 2481 1101 2544 Hobartonia
1123 2480 1254 2552 scilicet,

508 2595 589 2656 quae
618 2579 705 2642 illius
734 2577 916 2657 provinciae
949 2575 1117 2655 praecipua
1146 2574 1256 2636 civitas

508 2680 567 2745 est,
591 2673 766 2753 Episcopus
791 2687 870 2734 vero
896 2671 1039 2734 vicarius
1054 2667 1256 2747 Apostolicus

508 2767 691 2846 provinciae
703 2765 922 2829 meridionalis
935 2763 1112 2826 Australiae
1125 2761 1256 2823 titulum

508 2866 649 2922 assumat
662 2860 920 2930 Adelaidensem,
942 2856 1157 2921 3131313113,
1175 2871 1257 2932 quae

508 2955 692 3034 provinciae
713 2954 801 3016 illius
823 2953 925 3032 prima
943 2952 1053 3014 civitas
1076 2941 1134 3012 331.

548 3051 566 3126 ἓ
588 3049 617 3112 3.
641 3050 820 3120 Ρ33313333,
838 3060 1067 3128 quamgraves
1083 3044 1257 3106 31333333-

509 3144 614 3205 tiones
636 3142 907 3214 intellexerimus,
924 3147 961 3202 31
975 3141 1043 3218 1333
1064 3155 1139 3200 ven.
1157 3137 1257 3199 irater

508 3237 642 3299 loannes
664 3237 747 3298 Beda
775 3236 921 3312 Polding,
947 3235 1012 3311 qui,
1037 3239 1108 3311 post
1133 3233 1257 3294 subtra-

509 3335 573 3392 ctas
595 3329 633 3392 ab
655 3329 724 3391 eius
746 3327 967 3390 iurisdictione
989 3325 1138 3403 superius
1161 3338 1257 3402 expo-

509 3423 584 3486 sitas
606 3423 803 3503 provincias,
828 3425 1042 3502 prosequatur
1064 3418 1257 3480 iurisdictio-

509 3533 585 3580 nem
601 3533 703 3590 suam,
722 3522 819 3596 prout
832 3522 935 3587 antea,
953 3514 1152 3578 exercerem
1168 3512 1256 3574 Novi

508 3612 606 3676 Gallia
629 3610 841 3683 meridionali,
865 3610 898 3672 in
920 3607 1079 3671 1113133111
1106 3607 1256 3670 0331133-

510 3705 563 3768 1311
585 3713 681 3782 atque
702 3706 735 3766 in
757 3705 873 3766 ceteris
899 3701 1088 3780 regionibus
1111 3701 1161 3762 rel
1185 3716 1256 3778 pro-

507 3799 620 3862 vinciis
642 3799 679 3860 ad
696 3799 889 3862 vicariatum
912 3795 1131 3875 Apostolicum
1147 3792 1255 3856 Novae

508 3895 692 3958 llollandiae
715 3891 962 3974 pertinentibus,
980 3889 1036 3951 sed
1051 3888 1084 3950 in
1099 3888 1158 3949 1313
1174 3887 1254 3948 nova

509 3989 712 4052 ecclesiastici
723 3986 892 4064 regiminis
904 3984 1075 4064 partitione
1091 3999 1155 4044 non
1171 3997 1255 4044 ccm-

508 4083 688 4163 prebensis,
720 4082 832 4144 relicto
855 4077 1168 4140 Hierocaesareensis
1192 4077 1255 4154 epi-

508 4184 654 4258 scopatus
682 4177 715 4238 in
744 4181 823 4254 part.
855 4174 944 4236 infid.
969 4172 1075 4244 titulo,
1105 4171 1256 4248 suscipiat

508 4273 613 4353 potius
636 4271 766 4334 titulum
790 4268 1045 4347 Spdneyensem,
1069 4283 1085 4326 a
1108 4263 1255 4342 Sydneyd

508 4367 635 4430 civitate
651 4365 794 4444 principe
810 4361 993 4442 provinciae
1015 4359 1122 4422 Novae
1137 4358 1255 4421 Galliae

508 4457 727 4522 meridionalis
749 4457 782 4518 in
805 4472 865 4534 qua
888 4455 955 4533 ipse
981 4453 1117 4528 residet;
1142 4453 1181 4514 de
1203 4468 1255 4514 eo-

508 4556 581 4617 dem
613 4567 711 4614 1333.
743 4551 879 4613 fratrum
909 4554 1096 4610 nostrorum
1122 4545 1256 4608 consilio

507 4657 602 4726 atque
618 4647 728 4709 eadem
745 4643 914 4722 apostolica
930 4641 1117 4703 auctoritate
1134 4641 1253 4712 nostri,

507 4745 567 4824 ipsi
599 4740 775 4804 venerabili
809 4738 898 4800 133131
931 4736 1039 4798 1333111
1072 4735 1154 4798 Beda
1187 4734 1256 4797 Pol-

507 4839 584 4914 ding
607 4834 789 4898 facultatem
820 4831 1003 4902 tribuimus,
1028 4845 1099 4906 qua,
1124 4829 1256 4891 dimisso

507 4933 601 4995 titulo
624 4923 1117 5010 331333331111133333333333331,
1136 4921 1256 5002 83133-

507 5042 641 5106 pensem
664 5024 795 5087 titulum
817 5021 920 5084 libere
941 5035 975 5082 ac
991 5018 1077 5081 licite
1092 5019 1256 5098 suscipere

507 5119 617 5200 possit.

547 5217 565 5290 5
586 5213 615 5275 11.
641 5213 796 5290 Denique,
820 5217 857 5272 ut
878 5210 954 5272 novi
977 5207 1092 5270 Vicarii
1123 5206 1256 5286 Aposto-

508 5309 559 5370 lici
579 5304 842 5368 Hobartoniensis
859 5311 890 5366 ot
905 5302 1125 5366 bdelaidensis
1142 5318 1255 5364 eorum

507 5417 644 5463 munero
655 5399 715 5461 rite
728 5398 880 5477 perlongi
893 5397 1029 5466 valeant,
1040 5396 1154 5456 iisdem
1167 5395 1253 5474 ipsis,

507 5497 544 5558 ab
567 5497 624 5557 bac
647 5493 678 5556 S.
698 5493 780 5556 Sede
803 5492 999 5568 adlegemus,
1018 5506 1130 5552 omnes
1148 5491 1256 5552 31313-

508 5590 598 5668 gulas
621 5587 786 5650 facultates
807 5584 994 5648 huiusmodi
1016 5583 1149 5645 llicariis
1174 5582 1257 5664 Apo-

508 5684 627 5746 stolicis
650 5681 780 5745 concedi
803 5679 923 5753 solitas,
942 5679 1053 5741 eadem
1069 5679 1257 5742 auctoritate

508 5777 617 5841 nostra
641 5775 847 5840 concedimus
870 5779 902 5836 31
922 5771 1140 5851 impertimur.

297 5878 429 5922 Decretum
449 5875 489 5922 de
548 5873 567 5948 ἓ
587 5871 617 5932 b.
641 5869 723 5933 llaec
737 5867 908 5930 statuimus
924 5873 1019 5945 atque
1039 5865 1253 5939 decernimus,

276 5941 374 5986 rogans.

509 5965 707 6038 mandantes,
724 5963 780 6025 bas
795 5967 981 6042 praesentes
1003 5959 1112 6024 literas
1127 5976 1257 6040 semper

1026 583 1091 630 tttlt.
1116 581 1208 629 PONE.
1232 581 1273 626 DE
1295 581 1325 626 P.
1349 581 1379 625 E.
1403 581 1487 628 PARS
1509 583 1530 628 1.

1308 701 1428 774 lirmas,
1442 701 1561 764 validas
1578 709 1610 766 et
1622 703 1764 768 efficaces
1777 703 1917 766 existere
1932 707 1964 764 et
1978 701 2058 773 lore,

1308 811 1448 873 suosque
1461 797 1621 875 plenarios
1638 804 1671 860 et
1684 798 1830 874 integros
1846 797 1979 860 ellectus
1994 785 2061 859 333-Ι

1310 889 1363 950 1131
1378 895 1410 952 31
1422 889 1580 961 obtinere,
1595 890 1689 962 33113,
1703 889 1741 952 ad
1753 905 1834 967 quos
1846 896 1967 970 spectat
1981 894 2013 952 31
2027 889 2060 951 13

1309 982 1456 1046 futurum
1474 983 1638 1062 spectabit,
1653 983 1714 1046 1133
1736 983 1918 1060 futurisque
1938 988 2060 1062 tempo-

1310 1077 2061 1155 ribusplenissnnesunragariacinviatanititer

1311 1171 1491 1248 observari;
1515 1171 1625 1249 sicque
1640 1171 1674 1234 in
1693 1171 1877 1250 praemissis
1893 1185 1951 1249 333
1966 1185 2060 1247 quos-

1310 1279 1450 1342 cumque
1472 1265 1593 1328 iudices
1623 1263 1800 1328 ordinarios
1823 1269 1856 1326 et
1881 1263 2057 1340 delegatos,

1311 1359 1406 1421 etiam
1429 1374 1596 1421 cansarum
1619 1358 1724 1438 palatii
1747 1357 1912 1438 apostolici
1940 1357 2061 1420 audito·

1311 1468 1363 1514 res
1385 1452 1517 1514 iudicari
1539 1457 1571 1514 et
1588 1452 1715 1514 definiri
1731 1451 1861 1524 debere,
1878 1468 1913 1513 ac
1931 1451 2060 1513 irritum

1312 1551 1344 1606 et
1365 1545 1470 1618 inane,
1494 1545 1521 1606 31
1543 1561 1635 1608 33333
1658 1561 1755 1624 33333
1778 1545 1826 1606 313
1849 1562 1865 1606 a
1884 1559 2058 1622 quoquam,

1312 1640 1422 1717 quavis
1434 1638 1784 1712 auctoritate‚scienter
1794 1639 1846 1700 vel
1858 1639 2058 1716 ignoranter,

1311 1733 1484 1812 contigerit
1505 1733 1670 1796 attentari:
1695 1749 1760 1794 non
1783 1731 1982 1794 obstantibus
2004 1748 2060 1794 no·

1311 1829 1375 1890 strat
1397 1834 1430 1890 et
1451 1827 1657 1892 cancellariae
1677 1827 1867 1906 apostolicae
1885 1826 1999 1904 regula
2020 1825 2060 1887 de

1310 1923 1382 1985 iure
1394 1923 1539 1999 quaesito
1555 1937 1619 1983 non
1633 1920 1787 1992 tollendo,
1798 1919 1932 1996 aliisque
1944 1919 2061 1982 consti-

1311 2015 1489 2078 tutionibus
1513 2023 1545 2078 et
1566 2014 1783 2078 sanctionibus
1805 2013 1996 2092 apostolicis,
2010 2029 2060 2076 ce·

1311 2110 1465 2187 terisque,
1490 2109 1584 2170 etiam
1597 2107 1726 2188 speciali
1747 2113 1779 2168 et
1801 2107 2060 2185 33333331333-

1312 2205 1398 2267 tione
1414 2211 1446 2266 et
1461 2203 1670 2282 derogatione
1682 2201 1799 2279 dignis,
1813 2201 1846 2264 in
1861 2200 2059 2264 contrarium

1311 2298 1581 2376 quibuscumque.

1351 2392 1465 2454 Datum
1488 2391 1606 2453 Romae
1628 2389 1710 2468 apud
1733 2387 1910 2451 8131333
1933 2387 2059 2450 331133-

1311 2486 1389 2548 3313
1410 2484 1577 2547 Ρ13331ο313
1600 2483 1651 2545 113
1673 2499 1702 2543 v.
1726 2481 1835 2560 aprilis
1858 2497 2056 2552 3333311313,

1311 2579 1512 2658 pontificatus
1534 2577 1636 2640 nostri
1654 2591 1737 2638 anno
1759 2591 1817 2637 xn.

1635 2903 1738 3018 dext.

1311 3143 1419 3206 Scdcm
1451 3142 1655 3223 episcopalem
1682 3141 1911 3220 8313333333
1939 3141 1974 3202 ic
1996 3141 2060 3202 Aac·

1350 3239 1467 3300 3133113
1482 3235 1762 3316 Metropolitanum
1774 3234 1953 3303 constituit,
1967 3234 2060 3296 cuius

1350 3330 1551 3412 suffraganci
1570 3330 1637 3391 3131
1661 3328 1810 3410 Episcopi
1828 3326 2060 3392 Hobartonien-

1350 3426 1394 3488 sis
1416 3429 1445 3486 ct
1467 3421 1697 3487 Adelot'dccsis.

1484 3591 1704 3661 caesonius
1729 3593 1789 3659 ΡΡ.
1815 3593 1887 3660 Χ111.

1433 3718 1470 3785 31
1493 3722 1667 3801 perpetuam
1690 3718 1734 3782 cel
1758 3717 1941 3782 33333133.

1351 3895 1397 3959 nd
1413 3909 1602 3974 supremum
1617 3892 1714 3954 totius
1728 3891 1886 3956 Ecclesiae
1897 3892 2057 3970 regimen,

1311 3991 1408 4054 nullis
1430 3995 1518 4056 certe
1540 3988 1659 4050 nostris
1682 3986 1878 4065 promeritis,
1902 3986 1958 4048 sed
1980 3985 2060 4048 inei-

1311 4083 1398 4147 iabili
1414 4081 1540 4146 divinae
1556 4079 1777 4158 providentiae
1793 4077 1927 4140 consilio
1943 4078 2057 4151 evecti,

1312 4195 1347 4240 33
1363 4176 1493 4255 quidem
1510 4189 1666 4253 peragere
1682 4171 1848 4244 debemus,
1863 4187 1944 4249 quae
1959 4171 2059 4250 ipsius

1311 4271 1471 4334 Ecclesiae
1492 4269 1647 4333 utilitates
1669 4265 1832 4346 postulare
1853 4266 2016 4328 videntur.

1351 4367 1369 4441 ἓ
1392 4365 1419 4426 t.
1437 4364 1545 4441 ltaque
1557 4363 1594 4425 ad
1607 4361 1752 4424 eiusdem
1765 4359 1924 4422 Ecclesiae
1937 4360 2058 4423 bonum

1312 4459 1413 4537 magis
1440 4459 1607 4535 magisque
1629 4454 1868 4534 procurandum
1891 4454 1923 4515 in
1950 4455 2059 4516 vastis·

1311 4553 1400 4614 simis
1422 4551 1621 4628 regionibus,
1638 4565 1719 4626 quae
1741 4547 1949 4610 11331333313
1971 4548 2059 4611 11133-

1312 4647 1393 4708 31313
1410 4645 1592 4724 Apostolico
1607 4643 1715 4706 Novae
1727 4641 1912 4705 llollandiae
1927 4659 1984 4704 seu
1998 4642 2059 4706 Au-

1311 4740 1438 4802 straliae
1460 4738 1719 4809 continebantur,
1738 4751 1884 4814 quaeque
1900 4735 2059 4798 similibus

1312 4833 1430 4895 nostris
1452 4831 1631 4910 apostolicis
1653 4831 1756 4892 literis
1779 4847 1808 4890 v.
1832 4829 1940 4907 aprilis
1963 4829 2059 4892 buius

1311 4928 1386 4989 anni
1408 4925 1501 4990 editis
1523 4926 1637 4988 intres
1660 4923 1859 5003 episcopatus
1874 4923 1998 4986 interea
2014 4924 2059 4986 di-

1312 5021 1398 5082 uisae
1427 5027 1514 5108 sunt,
1545 5019 1800 5098 Sydneyensem,
1828 5017 2059 5080 Hobartonien-

1311 5131 1379 5176 sem
1409 5120 1442 5176 31
1467 5113 1731 5184 Adelaidensem,
1756 5111 1795 5173 de
1822 5109 1889 5174 llll.
1913 5111 1971 5172 FE.
1996 5117 2056 5174 etc.

1312 5208 1457 5280 consilio,
1481 5205 1783 5284 archiepiscopalem
1809 5204 1920 5266 sedern
1943 5205 2059 5266 consti-

1313 5310 1406 5365 tuere
1430 5306 1647 5380 opportunum
1671 5315 1739 5360 esse
1760 5297 1984 5370 iudicavimus,
2008 5299 2059 5360 cui

1312 5398 1383 5459 iure
1412 5393 1648 5472 metropolitico
1675 5391 1772 5454 ceteri
1803 5391 1932 5454 illarum
1954 5393 2059 5470 regio-

1312 5507 1390 5554 num
1414 5488 1559 5568 Episcopi
1589 5493 1749 5562 tamquam
1771 5485 1965 5563 suffraganei
1986 5485 2059 5548 sub-

1312 5585 1369 5648 diti
1390 5585 1463 5646 sint.

2092 565 2147 616 An.
2167 564 2207 613 C.
2238 560 2319 610 1842

2109 3908 2272 3954 Prooemium.

2131 4371 2302 4432 Metropollae

2080 4429 2225 4470 necessitas

1351 5680 1370 5755 5
1390 5677 1421 5740 2.
1437 5675 1652 5752 Quamobrem
1667 5674 1755 5737 bisce
1767 5673 1869 5737 literis
1882 5681 1972 5738 motu
1987 5691 2059 5755 pro·
2091 5689 2230 5733 secretum
2249 5703 2302 5734 m-
2378 5661 2379 5742 1

1311 5773 1392 5852 3313,
1409 5772 1495 5836 certi
1510 5770 1653 5844 scientia,
1670 5767 1795 5832 matura
1811 5768 2056 5842 deliberatione,

1312 5867 1417 5944 deque
1438 5869 1567 5928 nostrae
1588 5862 1778 5944 apostolicae
1807 5862 1972 5943 potestatis
1993 5862 2059 5942 ple·

1311 5959 1458 6024 nitudine
1492 5957 1604 6024 sedem
1641 5955 1885 6037 Sydneyensem
1921 5955 2059 6020 civitatis

2079 5848 2238 5902 ltetropolit.

2078 5741 2172 5786 ettonis
2199 5744 2302 5798 Sydne-
2378 5743 2379 5794 ζ

2078 5795 2164 5850 pensis
2187 5797 2252 5841 eccl.
2275 5799 2300 5842 in
2378 5797 2379 5860 l
