4822 6986
925 621 1100 668 annuemus
1122 619 1172 667 PP.
1197 620 1262 668 xvl.

356 751 401 799 ιιι.
425 735 492 802 Nec
513 739 569 802 illo
598 739 781 803 inconsulto
807 739 986 819 depositum
1015 745 1069 802 aut

321 831 437 918 pignus
460 833 640 910 suscipere3

360 943 391 988 ιι.
415 925 528 1003 Neque
550 933 701 990 mutuum
731 928 891 1006 quidpiam
918 930 994 991 dare
1016 935 1070 989 aut

320 1022 474 1100 accipere,
489 1037 595 1099 neque
611 1023 851 1101 eleemosynam
867 1039 1002 1100 erogare
1017 1029 1070 1084 aut

321 1120 443 1192 petere,
462 1115 523 1176 nisi
540 1115 595 1176 illo
611 1121 786 1177 annuente:
813 1116 946 1176 servatis
963 1121 1070 1176 tamen

319 1206 400 1268 iuris
422 1207 689 1281 solemnitatibus,
708 1215 739 1268 et
754 1210 876 1286 accepti
893 1227 908 1270 a
924 1209 1070 1286 legitimo

321 1301 489 1378 superiore
509 1301 668 1363 facultate.

472 1489 551 1551 Car.
575 1489 611 1552 ll.
635 1465 740 1552 -De
761 1492 918 1554 castitate.

363 1695 384 1738 ι.
403 1677 592 1740 Monachum
606 1685 732 1756 oportet
745 1695 857 1740 omnes
870 1693 984 1740 sensns
997 1693 1071 1738 suos

324 1769 571 1846 diligentissime
593 1771 763 1846 cohibere,

364 1882 399 1926 ιι.
422 1864 528 1942 Atque
551 1883 566 1926 a
589 1865 783 1928 feminarum
807 1867 901 1929 etiam
928 1866 987 1928 sibi
1010 1865 1073 1927 affi-

324 1957 414 2019 nium
427 1959 588 2034 colloquio
605 1966 636 2020 et
651 1961 883 2022 consuetudine
899 1959 1071 2033 abstinere,

364 2070 412 2114 ιιι.
437 2051 555 2115 Omnes
577 2053 655 2116 item
672 2055 804 2116 omnino
826 2055 959 2116 seminas
975 2054 1012 2114 ab
1027 2054 1073 2114 in-

326 2161 439 2222 gressu
461 2146 510 2206 sui
533 2147 718 2208 monasterii
741 2146 931 2225 prohibere3

365 2256 408 2300 ιι,
432 2239 544 2316 Neque
567 2256 640 2302 cum
667 2257 769 2319 puero
791 2241 887 2302 simul
911 2240 1072 2314 habitare;

230 2360 234 2369 ·
325 2333 443 2410 siquos
457 2341 562 2395 tamen
576 2333 692 2396 docere
705 2334 888 2410 contigerit,
903 2341 992 2396 extra
1008 2349 1074 2394 mo-

325 2427 456 2488 nasterii
480 2427 615 2488 claustra
638 2428 773 2490 docendi
795 2435 909 2503 ernnt3

367 2537 395 2580 v.
420 2519 538 2582 Omnes
566 2522 705 2599 denique
734 2521 913 2583 occasiones
943 2519 1074 2582 castitati

326 2614 438 2676 noxias
460 2620 627 2694 amputare
649 2621 744 2693 atque
766 2630 929 2677 amovere.

447 2803 526 2865 Car.
551 2803 599 2866 lll.
624 2838 661 2851 —
685 2804 729 2865 De
749 2809 948 2885 paupertate.

368 3013 389 3056 ι.
415 2995 604 3056 Monachum
637 2994 789 3056 convenit
825 2992 905 3055 nihil
945 2990 1077 3052 omnino

327 3091 495 3170 proprium
518 3089 699 3167 possidere3

369 3199 403 3244 ιι.
427 3183 540 3259 Neque
551 3181 670 3258 aliquid
684 3181 815 3243 omnino
828 3180 888 3242 sibi
905 3180 993 3258 quasi
1006 3195 1078 3258 pro-

329 3275 435 3354 prium
458 3291 631 3353 usurpare3

369 3388 416 3431 ιιι.
440 3369 552 3446 Neque
579 3385 638 3430 suo
660 3367 748 3430 cordi
777 3375 831 3430 aut
854 3367 979 3446 corpori
1009 3368 1078 3428 iun-

329 3480 407 3540 gere
419 3463 582 3541 quidpiam
595 3479 635 3523 ert
650 3461 742 3523 honis
756 3469 925 3540 parentum
937 3469 991 3523 aut
1005 3478 1079 3523 con·

327 3557 593 3635 sanguineoru1n3
607 3557 796 3618 necessitate
809 3561 916 3618 autern
930 3561 1076 3632 cogente,

329 3651 389 3713 sibi
411 3651 442 3711 id
472 3649 625 3728 praestari
653 3649 829 3726 intelligat,
854 3666 919 3710 non
949 3665 1079 3711 consan-

330 3745 494 3822 guinitatis
507 3744 589 3816 iure,
604 3745 659 3805 sed
676 3760 740 3806 non
752 3761 843 3806 secus
855 3749 951 3820 atque
964 3742 1078 3805 ceteris

330 3839 488 3900 externis.

456 3985 535 4047 Car.
560 3985 612 4048 lv.
637 4019 673 4030 —
697 3985 741 4047 Dc
763 3985 955 4047 inutilitate.

370 4139 392 4181 1.
418 4120 607 4182 Monachum
625 4119 717 4181 decet
731 4119 904 4198 primatum
921 4135 1077 4197 nusquam

330 4221 492 4293 appetere,
517 4214 573 4275 sed
595 4221 715 4284 contra,
733 4213 800 4274 aliis
815 4212 936 4290 ubique
952 4213 1077 4285 cedere,

331 4317 425 4386 atque
448 4307 660 4369 novissimum
683 4306 790 4368 locum
813 4313 944 4384 tenere;

370 4421 405 4465 ιι.
429 4400 547 4466 Omnes
563 4407 650 4464 actus
667 4407 699 4462 et
714 4416 821 4462 mores
837 4417 911 4462 suos
928 4407 1080 4462 externos

330 4499 368 4560 ad
389 4496 600 4559 abiectionem
624 4501 656 4555 et
677 4494 893 4556 humilitatem
909 4510 1081 4572 compono-

331 4607 377 4662 re,
403 4596 435 4650 et
456 4587 607 4650 iratribus
630 4587 751 4664 ubique
774 4586 918 4663 deierre3

371 4701 419 4745 ιιι.
443 4683 588 4745 Fratrem
620 4682 699 4743 item
732 4681 923 4759 praevenire
954 4682 1077 4744 verbo:

331 4777 433 4842 Parce
460 4776 551 4845 milti,
575 4776 687 4847 sirei,
712 4790 793 4851 quae
821 4775 938 4851 agitur,
969 4781 1081 4836 natura

331 4872 417 4934 istud
440 4871 557 4946 exigat.

333 5155 392 5188 rum
414 5143 534 5188 omnium
554 5147 608 5188 tam
631 5143 769 5188 mobilium
791 5157 871 5201 quarn
894 5145 1079 5198 immobilium,

285 5207 291 5220 ’
332 5223 399 5267 quae
412 5201 445 5255 ad
459 5211 546 5266 ipsum
563 5213 585 5256 S.
599 5211 752 5256 llormisdae
766 5213 957 5258 monasterium
969 5213 1008 5256 vel
1019 5215 1079 5256 Con·

331 5278 511 5334 gregationem
527 5279 619 5335 quovis
641 5279 720 5323 titulo
735 5275 867 5335 pertinere
884 5283 1034 5324 noscantur.
1051 5283 1079 5324 ln

333 5351 467 5401 posterum
489 5357 551 5390 vero
572 5351 678 5403 praeter
700 5357 731 5391 ea
752 5347 849 5398 omnia,
866 5359 933 5402 quae
954 5347 985 5391 de
1001 5347 1079 5392 rebus

332 5413 523 5470 temporalibus
539 5424 683 5470 earumque
698 5414 849 5459 oeconomia
863 5413 889 5458 in
901 5414 1016 5459 laudatis
1027 5425 1080 5460 sae-

332 5492 363 5537 pe
377 5479 613 5526 constitutionibus
628 5480 784 5524 antonianis
799 5481 1008 5536 praecipiuntur,
1018 5481 1080 5525 libri

332 5548 441 5604 insuper
461 5558 567 5592 summa
587 5547 727 5604 diligentia
749 5551 898 5602 serventur,
914 5547 958 5592 nbi
978 5548 1080 5592 reditus

332 5626 432 5668 omnes,
449 5615 560 5658 seorsim
575 5625 637 5658 vero
658 5625 795 5670 expensae,
814 5615 970 5660 morrasterii
986 5615 1081 5660 descri-

333 5681 439 5736 bantur,
454 5693 484 5727 ac
499 5682 613 5738 singulis
634 5685 749 5738 quatuor
771 5682 905 5727 mensibus
927 5687 984 5726 tum
1000 5683 1080 5726 abhas

334 5753 391 5794 tum
412 5749 575 5800 definitores,
598 5749 733 5794 nonnullis
754 5761 857 5806 quoque
872 5749 1081 5806 provectioribus

334 5815 469 5861 monacbis
482 5815 619 5870 adhibitis,
634 5817 738 5862 eosdem
749 5817 865 5861 examini
874 5816 1025 5862 subiicient.
1037 5819 1083 5860 Su·

333 5887 422 5939 perest
442 5883 518 5928 modo
539 5885 569 5928 ut
586 5885 726 5929 monachos
748 5887 771 5928 S.
789 5883 942 5929 hormisdae
963 5885 1039 5930 enixe
1054 5884 1080 5928 in

334 5949 444 5994 Domino
458 5949 606 6005 hortemur,
619 5954 649 5994 ut
664 5949 794 5996 vocationi
804 5961 876 6002 suae,
886 5955 966 6008 atque
976 5953 1081 6007 Aposto-

334 6017 401 6064 lieae
420 6017 494 6062 Sedis
508 6029 555 6063 nec
569 6027 621 6062 non
636 6019 659 6061 S.
676 6017 893 6074 congregationis
908 6017 1082 6063 sollicitudini

1794 599 1852 666 383

1182 737 1261 802 Car.
1287 738 1324 800 ll.
1348 771 1386 785 -
1409 737 1452 799 lie
1473 737 1625 818 fraterna
1647 737 1817 802 charitate.

1166 945 1186 990 1.
1212 928 1400 990 Monachum
1425 935 1552 1005 oportet
1569 927 1873 1004 quamdiligentissi-

1126 1039 1178 1084 me
1202 1039 1237 1084 ea
1254 1023 1359 1084 ournia
1376 1033 1559 1100 procurare,
1585 1039 1665 1100 quae
1681 1023 1718 1084 ad
1731 1037 1874 1084 commu-

1126 1133 1199 1178 nem
1225 1117 1426 1178 concordiam
1453 1123 1485 1178 et
1506 1133 1615 1195 pacem
1645 1133 1717 1178 cum
1741 1117 1874 1193 reliquis

1128 1209 1278 1272 iratribus
1301 1211 1482 1272 conducere
1504 1210 1712 1272 intellexerit.

1167 1319 1201 1364 ιι.
1226 1304 1328 1368 Dehet
1349 1304 1456 1380 itaque
1471 1303 1698 1376 reverentiam,
1715 1304 1875 1366 urbanita-

1127 1403 1204 1468 tem,
1223 1397 1472 1474 comitatemque
1491 1397 1591 1460 verbo
1614 1405 1645 1458 et
1668 1413 1765 1476 opere
1787 1398 1874 1459 exiti-

1129 1489 1206 1552 bere
1236 1489 1399 1562 iratribus,
1425 1505 1489 1551 non
1519 1491 1614 1550 motlo
1642 1490 1873 1567 superioribus,

1129 1585 1184 1644 sed
1207 1585 1302 1644 etiam
1325 1583 1511 1660 aequalibus
1533 1589 1628 1659 atque
1654 1583 1873 1656 interioribus,

1129 1683 1161 1738 et
1182 1678 1351 1756 praecipue
1381 1677 1517 1754 illisqui
1548 1676 1607 1738 sibi
1629 1677 1686 1738 ista
1716 1684 1876 1754 praestare

1129 1769 1317 1832 detrectant.

1168 1882 1215 1925 ιιι.
1237 1864 1354 1926 Caveat
1365 1865 1441 1926 item
1456 1865 1700 1936 accuratissime,
1712 1881 1752 1926 ne
1765 1881 1877 1942 quem-

1129 1959 1212 2036 piam
1236 1960 1431 2020 condemnet
1452 1967 1506 2020 aut
1520 1959 1694 2036 vituperet,
1719 1975 1802 2020 neve
1817 1959 1877 2020 sibi

1128 2050 1266 2114 verbum
1280 2059 1431 2128 gestusve
1455 2053 1588 2125 excidat,
1607 2069 1646 2113 ex
1662 2067 1726 2128 quo
1749 2051 1877 2114 audien-

1130 2147 1213 2208 tibus
1234 2147 1393 2208 moestitia
1416 2155 1469 2208 aut
1490 2145 1628 2224 suspicio
1651 2146 1782 2222 quaevis
1799 2147 1878 2206 oria-

1129 2247 1192 2300 tur.

1169 2351 1212 2394 ιν.
1237 2332 1362 2410 Satagat
1384 2341 1549 2412 praeterea
1568 2351 1623 2395 cor
1646 2335 1763 2396 hahere
1786 2350 1878 2396 mun-

1130 2427 1207 2489 tium
1230 2445 1246 2488 a
1269 2428 1381 2505 quavis
1403 2428 1598 2505 appetitione
1614 2429 1789 2506 superioris
1811 2445 1878 2489 sor-

1130 2523 1179 2594 tis,
1204 2539 1245 2583 ne
1267 2521 1341 2582 inde
1364 2520 1446 2582 livor
1469 2529 1500 2582 et
1521 2521 1639 2583 invidia
1654 2521 1816 2599 subrepat,
1833 2522 1878 2581 vi-

1130 2616 1211 2676 tium
1234 2615 1373 2678 maxime
1396 2614 1589 2676 detestatum
1606 2623 1637 2678 et
1653 2615 1798 2677 charitati
1814 2616 1878 2675 eri-

1130 2709 1215 2771 tiale.

1264 2895 1343 2957 Car.
1368 2895 1419 2957 Vl.
1443 2929 1480 2942 —
1505 2896 1548 2958 Dc
1566 2897 1737 2976 patientie.

1172 3101 1193 3144 ι.
1218 3084 1390 3146 Monachus
1418 3083 1514 3146 dehet
1542 3085 1643 3146 verbo
1666 3093 1697 3147 et
1727 3101 1880 3164 operose

1132 3178 1170 3240 ad
1192 3177 1376 3255 patientiam
1394 3193 1579 3256 comparare
1595 3179 1755 3258 perlectae
1771 3180 1881 3240 morti-

1133 3271 1286 3332 ficationis
1308 3272 1424 3333 studia.

1173 3383 1205 3426 ιι,
1234 3363 1370 3428 Suborti
1387 3373 1493 3427 autem
1512 3367 1698 3438 tentatione,
1718 3373 1806 3429 aestu
1822 3367 1882 3428 ira-

1133 3463 1266 3523 cundiae
1289 3461 1401 3538 agitari
1423 3461 1647 3540 perturbarive
1661 3479 1694 3523 se
1707 3479 1771 3523 non
1787 3462 1879 3532 sinat,

1133 3555 1189 3616 sed
1211 3555 1454 3633 longanimitate
1477 3561 1509 3616 et
1530 3555 1658 3617 silentio
1682 3571 1811 3616 omnem
1834 3573 1881 3614 se-

1134 3649 1208 3709 dare
1231 3649 1506 3726 perturbationem
1523 3649 1658 3710 studeat.

1174 3759 1221 3802 ιιι.
1246 3741 1487 3804 Tentationibus
1517 3748 1612 3818 atque
1645 3741 1882 3803 difficultatibus

1135 3851 1281 3913 pressus,
1315 3837 1436 3912 ubique
1469 3836 1534 3898 heo
1565 3836 1680 3912 gratias
1712 3851 1809 3913 agere
1837 3853 1883 3896 as-

1133 3937 1266 3992 suescat.

1174 4118 1254 4179 Gnr.
1273 4117 1337 4179 Vll.
1348 4151 1392 4164 ,...
1409 4118 1453 4180 lle
1468 4116 1581 4181 habitu
1597 4119 1841 4180 ntottrtchorum.

1173 4323 1195 4367 1.
1220 4305 1391 4368 Monachus
1405 4307 1500 4368 debet
1522 4307 1663 4368 habitum
1682 4307 1813 4383 nigrum
1832 4305 1884 4365 ha·

1134 4398 1223 4460 bere.

1175 4509 1209 4554 ιι.
1235 4492 1441 4572 Superiorem
1460 4501 1584 4556 vestem
1601 4495 1736 4566 luricam,
1754 4492 1883 4554 interio-

1135 4601 1205 4648 rem
1227 4603 1306 4649 vero
1336 4588 1454 4649 lineam
1476 4593 1530 4648 aut
1559 4588 1771 4650 bombicinam
1798 4587 1884 4648 adhi-

1136 4679 1217 4742 beat.

1176 4792 1223 4836 ιιι.
1248 4775 1330 4836 Zona
1347 4775 1735 4853 nigristrictasecingat3
1755 4783 1885 4854 tyrones

1136 4884 1213 4930 vero
1237 4870 1313 4930 iune
1337 4885 1375 4930 ex
1398 4869 1468 4946 pilis
1491 4885 1657 4948 caprarum
1685 4870 1844 4931 contexti.

1136 5144 1199 5188 totis
1215 5145 1315 5189 viribus
1338 5146 1494 5202 respondere
1517 5147 1648 5200 satagant.
1668 5144 1886 5188 Anirnnduertant

1135 5211 1300 5257 clraldaicarn
1316 5213 1449 5256 nationem
1462 5213 1493 5256 ad
1506 5213 1575 5268 ipsos
1586 5212 1725 5268 respicere,
1737 5215 1816 5268 atque
1827 5212 1887 5255 inde

1135 5285 1191 5323 tum
1213 5279 1428 5336 quotidianarum
1451 5280 1484 5323 ad
1505 5283 1585 5323 Deum
1609 5291 1716 5333 precum
1739 5280 1886 5332 arixilium,

1135 5353 1192 5390 tarni
1214 5345 1403 5400 integerrimae
1420 5345 1489 5390 vitae
1508 5347 1636 5402 exempla,
1652 5351 1708 5390 tum
1724 5347 1831 5392 demum
1848 5357 1886 5390 re-

1134 5412 1240 5470 ligionis
1255 5413 1373 5472 subsidia
1385 5417 1522 5469 expectare
1534 5415 1714 5458 meminerint.
1726 5418 1887 5460 intueantur

1134 5481 1240 5524 demum
1256 5479 1375 5536 exempla
1392 5484 1511 5524 veterum
1527 5489 1643 5536 patrum,
1659 5483 1702 5538 qm
1719 5482 1745 5526 in
1762 5482 1887 5526 universo

1134 5547 1245 5602 oriente,
1268 5557 1319 5591 raon
1341 5547 1418 5590 modo
1439 5547 1470 5590 de
1486 5549 1647 5593 monasticae
1670 5549 1738 5593 vitae
1760 5549 1886 5594 instituto

1134 5614 1274 5658 sedetiam
1290 5613 1321 5656 de
1336 5613 1419 5669 ipsius
1441 5613 1607 5658 Christianae
1629 5615 1776 5671 Religionis
1796 5627 1887 5673 propa-

1135 5681 1241 5737 gatione
1256 5680 1355 5736 optime
1372 5683 1434 5724 sunt
1447 5681 1546 5733 meriti,
1557 5681 1589 5726 ad
1600 5693 1745 5739 eorumque
1758 5694 1887 5736 normam,

1136 5748 1226 5803 vitam,
1242 5757 1381 5804 moresque
1403 5759 1463 5791 suos
1478 5747 1640 5793 adamussim
1661 5761 1818 5806 componere
1833 5755 1887 5795 stu·

1135 5816 1222 5861 deaut.
1362 5819 1364 5824 '

1175 5885 1270 5928 Datrrm
1291 5885 1390 5926 Romae
1409 5893 1440 5925 ex
1455 5883 1564 5927 aedihns
1579 5887 1602 5927 S.
1619 5888 1642 5926 C.
1659 5884 1701 5928 die
1717 5895 1772 5930 vnr.
1789 5885 1887 5932 decem·

1136 5949 1191 5995 bris
1206 5961 1275 5996 anno
1290 5959 1437 5994 nocccxav.
