4828 6974
964 541 1139 586 unnoonrus
1155 543 1212 586 rr.
1235 542 1300 588 xvr.
1832 527 1886 588 tel
1938 527 1992 580 Aa.
2007 529 2036 580 c.
2059 529 2127 581 1836

357 665 413 730 est,
436 673 529 734 quae,
554 659 668 720 eodem
692 664 828 720 testante
847 658 999 734 Delegato
1021 658 1103 736 llpo-
1159 675 1373 736 rumcumque
1395 659 1579 722 defectuum
1599 661 1695 722 etiam
1718 660 1906 722 substantia-

357 751 477 822 stolico,
495 751 533 812 ab
553 767 592 812 eo
613 751 740 829 publice
761 751 866 813 habita
888 751 948 812 luit
962 751 1102 812 Damasci
1159 751 1250 824 lium,
1267 759 1425 830 quatenus
1448 769 1526 832 opus
1547 755 1598 826 sit,
1616 754 1822 830 eundemque
1844 753 1908 816 ele·

358 847 395 908 de
416 845 555 923 primatu
577 843 709 908 Romani
732 845 903 916 Pontificis,
928 845 1102 908 haeretico·
1159 851 1245 906 ctum
1268 863 1285 906 a
1306 845 1436 908 vinculo
1451 845 1609 910 Ecclesiae
1621 845 1907 924 Arcltiepiscopalis

356 954 428 1000 rum
444 946 476 1000 et
490 938 765 1000 schismaticorum
788 938 1008 1016 indignatione
1030 954 1102 999 con·
1159 940 1324 1018 Myrorum
1339 939 1554 1012 absolventes,
1571 939 1784 1002 Patriarcbam
1798 939 1907 1002 Antio-

357 1037 485 1110 tempta.
509 1031 594 1104 Quae
609 1030 740 1108 quidem
755 1031 793 1092 iis
809 1032 952 1109 apprime
971 1047 1102 1110 respon·
1159 1033 1298 1094 ebenum
1311 1033 1667 1095 Graeco-Melcltitarum
1682 1032 1906 1096 constituimus

356 1127 442 1196 dent,
466 1139 547 1202 quae
569 1131 660 1186 antea
686 1124 735 1184 sui
758 1124 890 1186 dederat
916 1125 1099 1202 specimina.
1159 1141 1193 1186 ac
1215 1125 1423 1198 declaramus,
1448 1127 1543 1203 eique
1564 1142 1689 1188 sacrum
1712 1125 1844 1204 pallium
1859 1125 1905 1186 in-

357 1219 433 1280 Nam
456 1235 496 1280 ea
518 1217 657 1296 parocho
684 1215 776 1298 Alepi
798 1235 814 1279 a
836 1216 1015 1280 Patriarclra
1043 1235 1102 1280 suo
1157 1219 1248 1296 signe
1271 1219 1478 1298 plenitudinis
1500 1220 1662 1298 potestatis
1688 1219 1905 1297 archiepisco-

357 1313 484 1374 llatario
505 1317 706 1374 consecratus
728 1311 872 1373 eiusdem
888 1311 1023 1374 civitatis
1045 1313 1102 1372 Ar·
1158 1313 1236 1390 palis
1258 1313 1452 1375 mittendum
1475 1313 1688 1375 decernimus

356 1407 590 1485 cbiepiscopus,
614 1421 688 1466 curn
709 1404 878 1484 appellatio
906 1405 1102 1468 intercessis-
1198 1405 1232 1466 ln
1254 1404 1391 1466 Nomine
1419 1405 1620 1480 Patrisffiet
1640 1405 1812 1480 tibimet
1837 1405 1905 1484 Spi-

356 1506 413 1572 set,
424 1499 541 1561 iudicio
553 1515 587 1560 se
599 1497 735 1560 subiecit
747 1496 877 1560 Sanctae
890 1499 985 1561 buius
998 1497 1099 1570 SediS,
1159 1499 1239 1561 ritus
1255 1503 1290 1572 tls
1308 1497 1423 1560 Sancti.
1448 1498 1562 1560 Amen.

355 1593 484 1656 titulum
505 1593 660 1670 accipiens
676 1591 914 1671 brebiepiscopi
936 1591 1101 1670 lllyrorum

355 1689 386 1750 in
401 1687 544 1766 partibus
560 1685 751 1757 infidelium,
766 1701 799 1746 ac
814 1685 867 1746 diu
883 1685 1002 1747 Romae
1017 1701 1101 1746 com-

355 1787 496 1843 moratus
527 1779 696 1856 ingenium
724 1778 981 1855 industriamque
1010 1793 1100 1840 suam

249 1861 254 1870 ¹
355 1873 489 1937 contulit
510 1873 620 1934 multis
641 1871 765 1933 arabico
790 1887 942 1932 sermone
964 1871 1101 1932 conscri—
1477 1873 1582 1936 XCIV.

354 1967 466 2029 bendis
489 1975 521 2027 et
545 1966 578 2026 in
599 1965 705 2026 lucem
735 1964 867 2026 edendis
889 1963 1022 2026 utilibus
1043 1963 1101 2025 lle-

354 2059 465 2138 ligioni
487 2058 587 2131 libris,
606 2073 686 2136 quos
709 2064 818 2136 postea
833 2072 890 2136 per
903 2057 1036 2120 orientis
1051 2073 1101 2118 re·
1158 2058 1361 2122 duernionem
1376 2059 1515 2140 probans
1530 2058 1591 2122 sibi
1605 2059 1849 2139 racrttfestetom
1866 2057 1904 2122 eb

354 2154 465 2230 giones
480 2151 677 2231 spargendos
689 2152 825 2213 curavit:
844 2166 950 2228 neque
963 2151 999 2212 ab
1015 2149 1101 2212 Urbe
1199 2154 1351 2234 Episcopo
1374 2154 1549 2217 Besiteeesi
1569 2153 1694 2214 eoesttii
1717 2151 1904 2214 Sotodereo-

354 2247 497 2309 discessit
523 2251 596 2306 ante
625 2259 744 2306 annum
774 2259 993 2318 nncccxxu1.;
1027 2260 1099 2305 cum
1197 2246 1241 2307 sis
1263 2251 1291 2307 et
1313 2245 1461 2326 pubescit
1491 2246 1661 2308 bernensis
1689 2244 1727 2308 eb
1757 2245 1905 2307 articulis

1415 1686 1653 1694 ——---—-—-—

354 2341 431 2402 tacta
452 2357 468 2400 a
490 2337 580 2400 nobis
601 2337 760 2410 facultate,
774 2336 977 2398 Aintrezium
998 2338 1031 2398 in
1045 2336 1101 2415 Sy·
1196 2345 1369 2402 conventus
1399 2340 1554 2402 Bodeosis
1577 2357 1597 2402 o
1623 2338 1698 2400 Sede
1723 2337 1904 2417 Apostotird

352 2435 399 2494 ria
410 2432 572 2510 protectus
585 2437 688 2502 estut
700 2430 948 2493 ecclesiasticum
961 2431 1101 2508 aperiret
1197 2432 1371 2502 damnetis,
1395 2431 1552 2514 inspectet
1580 2432 1770 2512 facultatem
1796 2429 1835 2493 cb
1857 2447 1903 2491 ee-

352 2533 548 2603 regeretque
575 2524 796 2595 seminarium,
827 2525 913 2600 quod
941 2524 1009 2601 ipse
1037 2540 1100 2586 una
1197 2526 1266 2586 dem
1296 2525 1448 2606 Episcopo
1475 2525 1585 2588 dotem
1607 2523 1746 2604 perocbo
1769 2521 1903 2586 Filiabu-

353 2637 425 2682 cum
447 2619 625 2682 Patriarcba
648 2618 776 2680 Matario
802 2616 913 2678 multis
936 2616 1020 2678 euris
1042 2617 1100 2678 im·
1197 2620 1282 2681 eeast
1301 2619 1526 2700 proclamandi
1548 2617 1663 2697 eosque
1686 2617 1770 2680 stolii
1791 2617 1903 2680 matri-

353 2713 525 2793 pensisque
553 2711 753 2782 fundaverat,
778 2710 893 2788 quain
922 2709 1096 2788 provincia,
1195 2713 1304 2776 aeonia
1325 2714 1441 2784 mictu,
1465 2713 1536 2776 ticet
1555 2729 1633 2792 pers
1655 2711 1836 2774 cootbotieo
1858 2712 1903 2774 ut-

352 2808 398 2869 uti
420 2806 570 2878 diximus,
595 2803 746 2867 defuncto
767 2803 898 2866 Gattano
920 2802 1099 2864 Patriarcba
1196 2808 1256 2868 teri
1277 2807 1406 2886 coniugi
1426 2807 1470 2867 stt
1491 2806 1637 2888 alligate,
1661 2805 1719 2867 etsi
1741 2802 1780 2867 eb
1802 2822 1835 2865 eo
1857 2804 1903 2866 di-

352 2901 389 2963 ab
411 2898 571 2978 Episcopis
592 2897 652 2960 tuit
674 2896 806 2958 electus.
1197 2901 1266 2965 oisc
1286 2899 1341 2982 (l).

391 2993 484 3056 Omni
511 3007 591 3053 vero
621 2990 802 3070 suspicione
831 2989 993 3052 studuisse
1022 3006 1097 3054 eum

352 3088 519 3165 aliquando
542 3085 687 3148 erroneis
709 3083 821 3145 Adami
843 3083 919 3145 olim
935 3082 1098 3163 Arcbiepi-
1328 3081 1545 3150 edicemus
1570 3083 1630 3149 ΡΡ.
1655 3081 1726 3149 ltltl.

351 3181 438 3259 scopi
459 3178 586 3258 Alepini
601 3177 781 3249 sententiis,
798 3191 870 3238 sese
883 3176 1029 3249 exsolvit,
1048 3177 1098 3240 da-

353 3275 390 3335 tis
412 3275 449 3336 ad
470 3272 533 3336 Nos
556 3271 646 3334 etad
668 3270 962 3348 congregationem
985 3270 1097 3349 Propa—
1368 3272 1557 3340 venerabilis
1579 3271 1688 3349 trater,

352 3368 472 3446 gandae
486 3365 573 3428 Fidei
595 3363 711 3427 litteris
734 3379 888 3442 expresse
909 3379 1097 3425 asseverari·
1188 3367 1317 3434 salutem
1339 3373 1371 3433 et
1392 3365 1591 3448 apostolicam
1615 3364 1865 3431 benedictionem.

352 3469 465 3538 terque
497 3459 659 3522 declarans
687 3457 774 3519 illius
803 3456 977 3518 sententias
1007 3456 1097 3519 nullo

351 3569 492 3632 unquam
515 3560 662 3630 tempore
683 3551 782 3612 tuisse
802 3565 885 3611 suas·
1193 3557 1381 3635 Accepimus
1402 3554 1562 3618 benevolo
1587 3554 1680 3633 plane
1704 3554 1822 3628 animo,
1848 3569 1902 3616 ve·

390 3647 436 3710 Ad
460 3646 626 3725 synodum
648 3649 756 3706 antem
774 3642 997 3705 (tarnatensem
1012 3643 1098 3720 quod
1154 3649 1305 3712 deraditis
1327 3649 1436 3722 trater,
1465 3648 1575 3710 literas
1601 3653 1670 3708 tuas
1693 3647 1744 3708 die
1770 3664 1825 3708 xx.
1849 3648 1902 3709 de-

352 3742 480 3816 attinet,
504 3740 595 3802 cuius
617 3738 722 3800 luerat
743 3737 781 3798 ab
802 3737 894 3808 actis,
918 3753 934 3798 a
956 3737 1097 3814 Congre-
1154 3744 1291 3807 aambris
1313 3741 1453 3820 proximi
1475 3740 1512 3802 ad
1534 3756 1592 3802 nos
1615 3741 1711 3812 datas,
1729 3739 1846 3816 quibus
1862 3741 1901 3801 si-

352 3829 1098 3912 gationelibrisEcclesiaeorientaliscorrigen-
1155 3836 1321 3916 gnificasti
1352 3850 1541 3914 supremum
1571 3833 1643 3912 pagi
1673 3832 1901 3899 Soloduzensis

351 3931 396 3991 dis
418 3927 594 4010 praeposita
616 3927 687 3987 iuro
709 3931 860 3994 notatam,
885 3924 971 4000 quod
992 3925 1097 3985 missis
1154 3931 1324 3994 eonsilium
1339 3929 1489 3991 articulos
1505 3927 1655 3989 badensis
1670 3932 1849 3989 conventus
1864 3927 1901 3989 ab

350 4024 388 4086 ad
409 4039 467 4085 nos
490 4029 522 4083 et
543 4022 581 4083 ad
602 4017 896 4096 congregationem
914 4017 1002 4078 Fidei
1024 4018 1097 4080 Pro·
1154 4026 1211 4086 bac
1233 4022 1411 4102 Apostolica
1434 4020 1516 4084 Sede
1538 4021 1640 4083 semel
1663 4027 1695 4082 et
1715 4021 1835 4082 iterum
1851 4023 1902 4083 da-

351 4117 510 4196 pagandae
531 4114 647 4176 litteris
662 4127 735 4174 cum
756 4112 844 4173 omni
865 4111 1098 4188 significatione
1154 4123 1278 4180 mnatos
1301 4131 1433 4195 prorsus
1461 4113 1649 4193 reprobasse
1675 4131 1709 4176 ac
1737 4115 1898 4176 reiecisse.

350 4209 546 4290 paratissime
558 4208 596 4270 ad
611 4205 789 4285 parendum
806 4203 936 4266 Sanctae
953 4203 1027 4266 Sedi
1043 4219 1097 4266 vo·
1153 4211 1307 4284 Quantam
1329 4225 1369 4270 er
1391 4209 1451 4270 boo
1472 4207 1653 4286 ceperimus
1676 4207 1839 4280 laetitiam,
1855 4225 1901 4268 sa-

350 4302 481 4374 luntati,
513 4299 668 4379 quidquid
695 4299 734 4360 de
763 4299 829 4377 ipsa
856 4296 985 4376 Synodo
1015 4306 1098 4360 esset
1154 4305 1194 4366 tis
1217 4319 1274 4383 per
1289 4309 1321 4365 te
1337 4302 1457 4388 poteris
1479 4301 1648 4363 conticere.
1672 4301 1777 4377 Atque
1800 4317 1838 4362 eo
1854 4302 1900 4363 iu-

349 4397 536 4466 iudioatura,
559 4410 594 4456 se
616 4393 773 4456 iacturum
796 4392 997 4470 promiserat,
1022 4393 1097 4454 fide·
1154 4398 1289 4460 cundius
1311 4397 1386 4458 inde
1408 4396 1527 4457 luimus
1548 4393 1741 4470 dilectique
1763 4394 1898 4468 tirmiuS,

349 4491 423 4552 liter
446 4495 495 4550 est
516 4493 697 4550 exsecutus.
722 4485 801 4548 Nam
816 4486 1097 4549 damnataanobis
1154 4507 1194 4554 ex
1223 4499 1278 4553 tuo
1306 4489 1433 4561 iudicio,
1464 4504 1594 4567 sperare
1626 4487 1710 4560 licet,
1742 4487 1901 4550 eiusmodi

351 4585 461 4646 eadem
483 4583 536 4644 illa
553 4581 693 4660 synodo,
716 4585 753 4640 Ul
768 4580 909 4658 primum
926 4579 955 4641 θί
971 4580 1097 4640 damna·
1154 4585 1303 4663 exemplo
1325 4583 1497 4645 excitatum
1519 4580 1683 4642 Beruense
1706 4580 1900 4658 gubernium

351 4677 445 4738 tionis
468 4677 635 4738 decretum
657 4673 787 4734 allatum
811 4679 870 4746 est,
894 4673 1001 4734 statim
1017 4673 1097 4734 iudi·
1154 4695 1218 4742 non
1240 4675 1377 4740 absimili
1405 4676 1530 4738 ratione
1558 4689 1594 4736 se
1623 4674 1692 4736 lore
1716 4680 1897 4752 gesturum.

350 4771 397 4831 cio
419 4777 530 4831 nostro
552 4767 721 4844 acquievit,
738 4766 1010 4843 quemadmodum
1033 4769 1096 4846 epi·
1152 4773 1242 4847 Quod
1265 4771 1395 4850 quidem
1417 4776 1453 4831 ut
1475 4770 1605 4848 etipse,
1630 4777 1787 4847 quantum
1808 4769 1900 4832 indu-

348 4863 428 4925 stola
449 4861 645 4940 autographa
661 4876 700 4922 ex
715 4860 860 4937 Collegio
882 4858 1096 4926 Aintreziensi
1152 4867 1228 4930 strii
1249 4873 1282 4928 et
1303 4864 1490 4928 auctoritate
1511 4864 1610 4936 vales,
1638 4865 1784 4942 impense
1806 4879 1900 4926 cures

350 4956 401 5018 die
423 4974 475 5017 xv.
500 4955 639 5017 octobris
654 4955 729 5016 anni
743 4953 883 5033 proximi
901 4954 938 5016 ad
953 4971 1011 5016 nos
1028 4957 1096 5020 data
1153 4961 1248 5022 etiam
1271 4966 1366 5036 atque
1388 4959 1483 5019 etiam
1509 4957 1783 5020 commendamus
1815 4957 1900 5020 Hanc

348 5049 531 5128 planissime
554 5047 735 5110 declaravit·
1153 5069 1249 5132 porro
1277 5051 1473 5114 occasionem
1502 5051 1595 5123 nacti,
1623 5065 1688 5112 non
1716 5065 1898 5128 possumus,

388 5143 472 5217 Quae
494 5157 568 5204 cum
586 5140 629 5202 ita
643 5141 717 5212 sint,
737 5155 810 5202 cum
827 5139 999 5204 Maximum
1016 5144 1096 5205 blaz-
1152 5160 1226 5208 ven.
1261 5145 1374 5218 trater,
1409 5143 1486 5220 quin
1519 5142 1578 5204 alia
1607 5135 1900 5220 sane'gravissima

349 5237 416 5299 lum
439 5233 723 5312 archiepiscopum
753 5233 918 5312 llyrorum
940 5235 973 5296 in
1002 5238 1096 5314 parti·
1154 5247 1336 5302 tractemus.

349 5331 407 5392 bus
427 5328 608 5391 infidelium
623 5328 757 5404 dignum
781 5327 1020 5404 agnoverimus,
1041 5333 1096 5408 qui
1192 5335 1210 5408 ἓ
1234 5333 1260 5393 t.
1285 5331 1320 5393 ln
1342 5333 1376 5394 eat
1399 5347 1538 5408 namque
1567 5329 1765 5408 expositione
1791 5345 1897 5406 quam,

348 5425 385 5485 ad
401 5422 518 5486 Sedem
533 5421 780 5483 Patriarcbalom
795 5419 1027 5484 Antiochenam
1044 5441 1095 5486 na·
1152 5433 1223 5505 post
1243 5426 1429 5488 collationes
1451 5431 1558 5486 tecum
1588 5424 1709 5485 habitas
1731 5439 1789 5501 pro
1815 5440 1899 5485 com-

350 5516 444 5580 tienis
479 5515 842 5577 Graeco-Melcbitarum
875 5517 1093 5594 provebatur,
1152 5519 1308 5598 ponendis
1331 5519 1468 5580 dissidiis
1480 5533 1553 5580 cum
1570 5517 1760 5594 Argoviensi
1783 5516 1899 5592 guber-

349 5610 542 5674 electionem
564 5609 761 5694 admittimus
777 5609 814 5670 ab
836 5609 997 5688 Episcopis
1014 5612 1096 5674 eius·
1152 5613 1217 5686 nio,
1242 5613 1359 5691 publici
1381 5612 1460 5674 iuris
1483 5611 1631 5674 lecerunt
1651 5611 1713 5671 uiri
1735 5611 1772 5672 ad
1794 5610 1826 5671 id
1841 5627 1898 5689 per

349 5705 422 5767 dem
444 5704 581 5767 nationis
604 5703 727 5776 tactam,
745 5719 819 5765 cum
840 5705 1002 5768 sanatione
1018 5722 1095 5784 quo·
1152 5706 1357 5770 Lucernense
1378 5706 1546 5768 consilium
1570 5704 1722 5784 deputati,
1744 5704 1825 5766 illud
1847 5706 1899 5768 ad-

388 5923 418 5982 it)
435 5924 470 5965 Er
485 5923 642 5980 Rosttorany
656 5921 687 5966 de
703 5924 779 5966 Matr.
796 5921 869 5966 mint.
887 5923 904 5965 t.
919 5925 940 5975 -1,
956 5933 979 5977 p.
994 5923 1040 5969 243,
