4828 6974
101 3085 202 3144 ’ΤΕῼΟΓ
217 3091 323 3126 conces·

87 3145 184 3179 5101118.

941 625 1115 678 flondonius
1137 628 1187 676 l’l’.
1211 625 1276 677 xri.

336 764 412 811 rum
443 743 640 811 incumbant.
674 745 800 826 Reliqui
831 763 910 810 1616
943 749 1009 812 dies
1042 747 1083 808 la-

337 841 409 903 bori
431 841 523 903 dicati
546 857 611 904 non
640 857 752 920 parum
781 841 1020 904 imminuuntur
1044 840 1083 902 ob

338 934 479 1012 pluvias,
518 935 593 1011 gelu
628 941 661 996 et
691 934 765 996 alias
797 935 878 997 aeris
914 940 1083 1012 tempesta-

340 1033 399 1100 tes,
420 1045 437 1088 a
458 1026 574 1104 quibus
596 1027 630 1089 in
652 1033 768 1088 neutro
790 1043 830 1088 61
851 1033 989 1103 quatuor
1009 1025 1085 1087 anni

340 1119 538 1198 temporibus
569 1119 623 1182 illa
654 1119 735 1182 coeli
766 1119 940 1197 temperies
972 1119 1084 1180 eximi-

339 1219 404 1274 tur.
433 1212 512 1274 Hinc
540 1213 665 1285 accidit,
695 1219 731 1274 ut
758 1213 791 1274 in
819 1211 992 1292 peramplis
1020 1211 1083 1273 illis

339 1305 543 1384 regionibus,
567 1306 622 1368 ubi
645 1306 734 1384 pauci
762 1306 942 1368 consistunt
965 1305 1083 1366 habita-

339 1405 445 1471 tores,
474 1400 542 1476 agri
568 1415 693 1462 summa
718 1398 883 1460 fertilitate
908 1399 997 1460 ditati
1025 1415 1084 1461 nec

340 1499 500 1566 serantur,
525 1507 631 1569 neque
653 1492 816 1564 colantur,
840 1493 978 1568 ideoque
999 1493 1084 1554 inco-

341 1588 389 1649 lae
404 1587 510 1667 inopia
525 1593 724 1666 premantur.
749 1586 830 1648 cum
846 1587 932 1648 enim
949 1586 981 1647 in
996 1586 1084 1650 hisce

341 1681 513 1760 prouinciis
536 1679 663 1742 nullum
679 1679 720 1742 sit
735 1681 976 1753 commercium,
997 1680 1085 1742 nulla

341 1773 457 1836 artium
488 1772 684 1843 exercitatio,
709 1773 795 1835 inid
818 1788 914 1834 omne
942 1773 1082 1835 studium

342 1866 569 1938 adhibendum,
593 1871 629 1926 ut
650 1881 803 1942 agrorum
825 1866 950 1928 cultura
971 1882 1084 1944 augea·

342 1967 406 2021 tur.
429 1959 583 2032 Quoniam
598 1974 677 2021 uero
699 1958 833 2021 adhunc
855 1959 1084 2035 assequendam

341 2054 433 2116 ualde
455 2053 595 2131 proficua
612 2059 644 2114 et
665 2052 806 2131 privatae
825 2059 860 2126 et
879 2052 1023 2130 publicae
1038 2052 1085 2114 rei

342 2147 467 2209 dierum
496 2145 654 2208 festorum
682 2145 811 2206 videtur
840 2144 1040 2216 imminutio,
1064 2145 1086 2206 ii

342 2247 512 2318 propterea
533 2238 588 2315 qui
609 2239 643 2300 in
665 2237 813 2316 praelatis
836 2237 1009 2300 ditionibus
1033 2238 1085 2298 do-

342 2334 506 2395 minantur
520 2331 557 2393 ad
572 2331 677 2409 ipsum
699 2330 909 2408 apostolicum
931 2330 1085 2391 vicarium

342 2426 569 2502 confugerunt,
583 2429 620 2484 ut
641 2423 763 2485 anobis
785 2423 985 2499 aequabilem
1008 2422 1086 2484 obti-

342 2525 435 2580 neret
455 2517 613 2579 lestorum
627 2516 860 2578 reductionem.
883 2515 1003 2588 Quibus
1018 2515 1087 2592 qui-

342 2612 415 2673 dem
437 2610 598 2672 rationum
627 2609 800 2670 momentis
822 2609 877 2670 ille
907 2615 1084 2686 permotus,

341 2703 477 2783 supplici
499 2719 571 2765 cum
587 2718 681 2781 prece
704 2719 720 2762 a
742 2701 833 2764 nobis
855 2702 1037 2780 postulavit,
1052 2709 1088 2764 ut

341 2798 376 2860 in
398 2797 484 2859 hisce
514 2795 786 2874 quemadmodum
809 2795 842 2856 in
864 2795 933 2856 aliis
959 2795 1087 2873 provin-

342 2892 397 2953 ciis
419 2892 546 2953 dierum
568 2889 723 2952 festorum
751 2889 1012 2951 imminutionem
1033 2889 1087 2951 be-

342 2985 440 3061 nigne
463 2983 593 3059 elargiri
615 2982 765 3043 velimus.

382 3079 401 3152 ἓ
415 3077 443 3139 3.
455 3077 519 3138 Nos
531 3075 641 3152 igitur,
653 3076 707 3154 qui
719 3076 980 3138 christifidelibus
990 3093 1087 3155 quan-

344 3179 411 3232 tum
424 3187 497 3233 cum
507 3169 822 3247 Dominopossumus
834 3168 971 3232 salutare
983 3186 1087 3232 reme-

343 3267 431 3327 dium
454 3263 559 3344 potius
575 3263 611 3324 ad
626 3268 788 3324 aeternam
804 3262 940 3324 salutem
963 3279 1086 3342 compa-

343 3359 472 3421 randam
495 3364 527 3418 61
548 3357 721 3418 humanam
743 3357 841 3416 uitam
862 3355 998 3418 honeste
1019 3373 1087 3419 sus·

343 3451 526 3514 tentandam
548 3450 674 3521 afferre,
698 3464 793 3526 quam
816 3465 873 3527 per
888 3449 1086 3512 severiorem

344 3543 573 3606 ecclesiasticae
595 3542 778 3620 disciplinae
803 3541 945 3618 rigorem
972 3542 1009 3604 ad
1035 3543 1087 3604 de·

343 3638 559 3716 sperationem
574 3635 686 3714 inopes
701 3635 859 3698 adducere
871 3635 1028 3713 cupimus
1044 3636 1088 3696 di-

343 3735 410 3791 ctos
423 3729 541 3791 incolas
553 3727 706 3808 peculiari
718 3727 928 3790 beneficentia
937 3727 1089 3806 prosequi

343 3823 502 3893 volentes,
520 3829 552 3882 et
566 3839 582 3882 a
597 3819 763 3898 quibusvis
787 3821 1087 3882 excommunicatio-

344 3916 392 3976 nis
406 3922 438 3977 et
448 3913 622 3986 interdicti,
639 3913 772 3990 aliisque
785 3912 1003 3976 ecclesiasticis
1015 3929 1087 3976 cen-

343 4009 438 4080 suris,
462 4007 630 4069 sententiis
652 4013 684 4068 et
705 4006 816 4084 poenis
839 4007 953 4083 quovis
979 4007 1085 4078 modo,

342 4102 396 4162 rel
426 4100 536 4178 quavis
560 4099 598 4162 de
621 4115 713 4161 631133
741 4097 826 4170 13113,
850 4099 975 4176 siquas
1005 4099 1087 4161 torte

343 4193 551 4264 incurrerint,
577 4193 672 4253 huius
693 4197 817 4253 tantum
845 4192 892 4252 161
916 4193 1015 4268 gratia
1037 4193 1088 4254 ab·

344 4286 507 4348 solventes
520 4290 552 4346 et
566 4284 728 4346 absolutos
750 4283 820 4345 iore
842 4292 1021 4358 censentes,
1038 4301 1088 4347 re-

343 4377 404 4439 bus
426 4377 576 4440 omnibus
604 4382 727 4436 matura
757 4375 988 4439 deliberatione
1017 4393 1089 4456 per-

345 4471 463 4548 pensis,
478 4469 578 4532 36161.
592 4486 657 4530 rec.
671 4469 835 4530 Benedicti
850 4469 944 4542 lllV.,
962 4469 1007 4530 Pii
1022 4469 1086 4544 Vl,

344 4563 389 4624 Pii
402 4563 466 4626 Vll.
481 4581 514 4625 ac
527 4563 642 4624 Leonis
655 4561 719 4624 llll.
734 4562 1017 4639 praedecessorum
1033 4579 1088 4626 no-

344 4664 486 4718 strorum
501 4655 658 4733 exemplis
670 4655 857 4733 praesertim
870 4655 1086 4728 inhaerentes,

345 4765 384 4810 ex
407 4748 514 4810 dilecti
535 4747 594 4808 filii
615 4763 720 4808 sacrae
746 4745 1012 4824 congregationis
1035 4763 1088 4809 ne-

346 4841 439 4918 gotiis
459 4838 732 4903 consistorialibus
751 4839 932 4917 propositae
953 4847 1089 4902 secreta-

345 4933 384 4994 rii
404 4935 518 5006 relatu‚
537 4931 694 4995 eiusmodi
717 4932 984 5010 postulationihus
1000 4933 1089 4996 ohse-

345 5027 484 5088 cundare
505 5025 686 5088 statuimus.
715 5023 817 5098 Quare
839 5025 878 5086 de
900 5025 1089 5104 apostolicae

345 5119 509 5196 potestatis
532 5119 743 5196 plenitudine,
756 5118 815 5196 ipsi
837 5117 1015 5180 venerabili
1030 5118 1090 5180 ira-

346 5213 387 5273 tri
408 5212 495 5273 lusto
517 5212 556 5274 de
579 5209 691 5274 Sancta
717 5211 811 5272 113113
833 5211 866 5272 11
894 5227 1089 5274 commemo-

345 5306 421 5365 ratis
443 5303 616 5384 provinciis
633 5304 664 5366 S.
678 5303 803 5366 loannis
825 5305 865 5366 de
887 5304 1090 5382 (111161161-

345 5397 444 5459 dorae
459 5405 492 5460 61
507 5397 538 5460 S.
553 5398 664 5459 hloisii
686 5399 725 5459 de
741 5397 769 5458 la
780 5398 882 5458 Punta
897 5397 929 5458 in
945 5397 1091 5460 11161163

345 5490 544 5552 Meridionali
565 5489 690 5552 Vicario
715 5489 898 5568 Apostolico
926 5490 1090 5552 facultates

345 5583 539 5646 necessarias
552 5588 585 5645 et
600 5589 795 5660 opportunas
818 5582 1001 5655 tribuimus,
1017 5598 1090 5659 qna-

345 5693 419 5738 rum
441 5678 484 5748 11,
508 5676 534 5737 31
556 5677 598 5738 113
620 5692 653 5738 36
675 5692 727 5738 163
749 5676 884 5749 131611,
914 5683 1010 5754 prout
1038 5693 1090 5737 ex-

346 5771 478 5849 positae,
495 5769 563 5831 dies
579 5769 677 5831 festos
693 5769 756 5830 illis
768 5769 801 5830 in
814 5769 987 5848 provinciis
1003 5786 1090 5848 prae-

346 5863 480 5940 scriptos
503 5861 605 5924 libere
626 5868 658 5923 et
671 5861 757 5922 licite
779 5863 974 5924 imminuere
996 5869 1028 5924 et
1042 5878 1091 5923 re-

347 5956 465 6018 ducere
488 5955 598 6034 possit,
616 5955 652 6016 ad
675 5971 729 6015 eos
752 5955 806 6031 qui
829 5961 1020 6031 sequuntur,
1045 5955 1092 6016 ni-

1138 747 1257 811 mirum
1286 749 1323 810 ad
1353 764 1465 811 omnes
1492 747 1558 820 dies
1584 748 1760 811 dominicos
1782 749 1880 810 totins

1138 841 1223 914 anni,
1239 842 1278 903 ad
1299 842 1442 920 quinque
1457 841 1536 904 lesta
1551 842 1676 904 Domini
1693 843 1795 904 nostri
1809 841 1880 903 lesu

1137 933 1268 1007 christi,
1299 952 1415 1015 nempe
1443 935 1716 1008 circumcisionis,
1746 935 1881 1014 Epipha-

1138 1027 1220 1098 niae,
1237 1027 1452 1102 ascensionis,
1469 1029 1621 1108 Corporis
1641 1029 1760 1092 christi
1778 1036 1810 1090 et
1824 1027 1881 1090 Na-

1138 1120 1281 1194 tiuitatis,
1312 1139 1346 1184 36
1375 1130 1539 1201 praeterea
1561 1124 1598 1187 ad
1627 1123 1771 1200 quinque
1803 1121 1881 1184 testa

1138 1213 1341 1276 Beatissimae
1363 1215 1504 1292 Virginis
1521 1216 1645 1288 1131136,
1658 1215 1809 1278 videlicet
1823 1215 1882 1276 Pu-

1137 1306 1333 1380 111163116113,
1348 1307 1619 1380 111111113116113,
1633 1309 1880 1388 133111116113,

1138 1397 1316 1461 Natiuitatis
1339 1407 1371 1462 et
1398 1400 1641 1480 conceptionis,
1670 1417 1729 1463 nec
1758 1417 1822 1464 161
1845 1402 1881 1462 31

1139 1492 1205 1554 dies
1228 1491 1326 1555 lestos
1349 1493 1527 1556 Natiuitatis
1550 1493 1654 1556 Sancti
1681 1495 1806 1556 loannis
1829 1495 1882 1555 lla-

1139 1585 1264 1663 ptistae,
1287 1592 1472 1648 sanctorum
1494 1587 1722 1666 Apostolorum
1744 1587 1828 1648 Petri
1852 1593 1884 1648 61

1138 1677 1236 1751 Pauli,
1251 1678 1572 1742 commemorationis
1595 1679 1740 1742 omnium
1762 1686 1884 1740 331616--

1139 1787 1211 1834 rum
1236 1779 1268 1834 et
1297 1771 1328 1834 S.
1351 1773 1452 1836 Rosae
1473 1775 1512 1836 de
1541 1773 1629 1835 Lima
1651 1780 1683 1836 ct
1704 1773 1803 1834 sancti
1833 1789 1883 1850 pa-

1139 1864 1224 1927 troni
1246 1866 1500 1943 uniuscuiusque
1513 1867 1694 1944 provinciae
1710 1873 1763 1928 aut
1777 1865 1884 1928 civita-

1140 1959 1179 2020 tis
1201 1959 1254 2020 uel
1277 1959 1395 2038 oppidi.
1418 1959 1567 2038 Exceptis
1593 1965 1700 2021 autem
1722 1959 1771 2020 his
1794 1958 1884 2019 iestis

1139 2052 1184 2114 sic
1206 2053 1413 2126 enumeratis,
1430 2069 1465 2114 36
1478 2053 1611 2131 insuper
1633 2052 1684 2114 die
1701 2049 1731 2112 S.
1748 2051 1884 2130 losepho

1140 2147 1253 2208 Beatae
1275 2147 1389 2208 Mariae
1411 2145 1553 2223 Virginis
1578 2161 1696 2224 sponso
1718 2145 1827 2218 dicata,
1852 2145 1884 2206 in

1140 2255 1201 2316 qua
1223 2240 1334 2302 fideles
1356 2245 1526 2302 teneantur
1556 2239 1666 2302 audire
1693 2245 1816 2300 tantum
1839 2255 1885 2298 sa-

1140 2338 1341 2394 crosanctum
1363 2333 1478 2394 missae
1499 2331 1688 2394 sacrificium
1721 2348 1754 2392 ac
1775 2337 1885 2408 postea

1139 2424 1312 2488 servilibus
1335 2425 1485 2504 operibus
1500 2439 1611 2490 vacare
1633 2423 1765 2502 possint,
1783 2429 1883 2484 caete·

1140 2532 1194 2578 ros
1216 2518 1283 2578 dies
1307 2516 1405 2578 iestos
1428 2531 1660 2594 quoscumque,
1684 2516 1752 2576 sive
1767 2532 1783 2575 a
1798 2529 1883 2576 sum-

1142 2610 1202 2670 mis
1224 2609 1440 2680 Pontificibus,
1465 2610 1533 2670 3116
1555 2627 1570 2670 3
1593 2609 1723 2687 synodis
1752 2623 1884 2683 genera-

1141 2703 1238 2774 libus,
1253 2701 1513 2781 provincialibus,
1527 2708 1581 2763 aut
1595 2701 1801 2772 dioecesanis,
1816 2701 1884 2760 sive

1142 2814 1158 2858 a
1179 2795 1476 2867 consuetudinibus,
1501 2795 1554 2858 vel
1575 2794 1634 2856 alia
1662 2794 1773 2870 quavis
1795 2809 1884 2854 631133

1142 2890 1353 2968 praescriptos
1376 2889 1461 2951 idem
1483 2887 1676 2950 venerabilis
1698 2886 1796 2948 trater
1822 2886 1884 2948 adi-

1142 2990 1217 3054 mat,
1235 2983 1465 3060 ademptosque
1487 2980 1636 3052 declaret,
1654 2979 1696 3040 ita
1710 2985 1746 3040 ut
1760 2979 1884 3040 christi-

1142 3076 1252 3138 fideles
1275 3091 1387 3137 omnes
1402 3075 1439 3136 ab
1456 3090 1554 3136 onere
1569 3073 1638 3135 sive
1653 3088 1778 3135 sacrum
1794 3073 1884 3134 durn-

1142 3177 1226 3230 taxat
1256 3169 1422 3241 audiendi,
1455 3169 1524 3229 sive
1553 3167 1648 3229 etiam
1675 3184 1690 3226 3
1718 3165 1884 3227 laboriosis

1142 3262 1292 3340 operibus
1304 3261 1483 3323 abstinendi
1495 3261 1528 3321 in
1537 3260 1586 3320 his
1599 3259 1711 3321 diebus
1723 3259 1884 3320 immunes

1141 3355 1273 3416 omnino
1295 3355 1420 3425 sintae
1441 3359 1643 3415 censeantur.

1181 3449 1199 3523 ἓ
1220 3448 1249 3508 l.
1274 3447 1457 3508 hiandamus
1478 3447 1612 3524 insuper
1633 3445 1693 3523 ipsi
1708 3444 1885 3506 venerabili
1904 3458 2116 3558 aurffigmm

1143 3539 1242 3613 fratri,
1260 3539 1343 3601 utin
1364 3539 1542 3617 pervigiliis
1566 3539 1691 3600 dierum
1714 3537 1883 3610 festorum,

1142 3647 1222 3709 quos
1244 3639 1396 3710 utsupra
1418 3633 1660 3708 abrogavimus,
1685 3647 1797 3692 omnes
1818 3631 1885 3692 illa-

1142 3741 1215 3786 rum
1235 3725 1472 3804 provinciarum
1487 3725 1681 3785 habitatores
1697 3741 1712 3784 a
1728 3723 1801 3800 lege
1816 3730 1885 3784 tum

1142 3819 1315 3891 ieiunandi,
1336 3825 1405 3880 turn
1420 3817 1600 3880 abstinendi
1615 3817 1652 3878 ab
1668 3833 1724 3878 esu
1740 3817 1885 3879 ciborum

1141 3913 1318 3974 vetitorum
1352 3912 1483 3973 omnino
1515 3910 1634 3984 361131,
1665 3910 1776 3972 ieiunii
1807 3926 1886 3972 1616

1143 4021 1223 4068 6113
1245 4005 1278 4066 11
1300 4005 1442 4082 singulas
1468 4003 1754 4066 1131316131161133
1783 4011 1887 4065 sextas

1143 4105 1175 4160 et
1196 4097 1345 4159 sabbatha
1366 4097 1522 4160 adrentus
1544 4095 1671 4158 Domini
1693 4097 1795 4158 nostri
1816 4097 1887 4158 lesu

1142 4190 1261 4253 Christi
1273 4191 1491 4264 occurrentia3
1514 4190 1679 4267 inquibus
1701 4197 1807 4250 tamen
1823 4190 1887 4251 die-

1143 4284 1202 4345 bus
1224 4283 1457 4346 lacticiniorum
1481 4291 1513 4345 et
1534 4299 1670 4345 ovorum
1698 4298 1794 4344 usum
1816 4297 1887 4360 per-

1143 4377 1312 4439 mittimus.
1337 4376 1494 4438 Volumus
1509 4377 1651 4448 demum,
1670 4376 1751 4437 utin
1766 4375 1804 4436 iis
1820 4391 1886 4436 om-

1144 4471 1237 4533 nibus
1261 4486 1342 4548 quae
1357 4471 1395 4531 ad
1410 4485 1530 4532 sacram
1552 4469 1716 4546 liturgiam
1733 4470 1766 4531 in
1788 4469 1887 4530 eccle-

1143 4565 1198 4624 siis
1226 4564 1415 4626 servandam
1438 4563 1612 4641 pertinent,
1640 4561 1721 4624 nihil
1744 4561 1887 4640 profecto

1144 4655 1184 4718 sit
1212 4656 1419 4732 innovatum3
1453 4663 1688 4734 proptereaque
1717 4655 1888 4716 servitium

1143 4749 1247 4822 chori,
1271 4749 1442 4810 missarum
1471 4749 1713 4820 celebrationes
1744 4747 1888 4823 aliaeque

1144 4843 1374 4905 ecclesiasticae
1396 4841 1576 4904 iunctiones
1590 4840 1698 4919 peragi
1720 4839 1813 4918 plane
1835 4839 1888 4900 de-

1143 4935 1249 5008 beant,
1266 4935 1340 4997 acsi
1356 4935 1444 4996 11113
1465 4935 1627 5013 impertita
1648 4932 1747 4995 luerit
1761 4933 1888 4994 dierum

1144 5027 1302 5090 festorum
1323 5027 1480 5090 reductio.

1140 5169 1142 5175 .
1183 5120 1251 5196 55.
1275 5119 1357 5182 llaec
1385 5119 1590 5182 concedimus
1618 5126 1714 5196 atque
1741 5119 1915 5227 indulge-l

1145 5229 1234 5289 mus;
1258 5214 1471 5276 decernentes
1500 5213 1593 5275 hasce
1621 5213 1730 5275 literas
1760 5229 1889 5290 semper
1907 5240 1962 5282 tum
1981 5237 2092 5283 irritans.

1145 5306 1264 5378 llrmas,
1277 5306 1395 5368 validas
1408 5323 1441 5368 ac
1454 5305 1594 5368 efficaces
1607 5305 1748 5367 existere
1763 5313 1795 5368 ct
1807 5306 1886 5378 lore,

1144 5413 1284 5475 suosque
1296 5397 1456 5476 plenarios
1472 5405 1504 5460 et
1515 5398 1659 5475 integros
1674 5399 1807 5460 eliectns
1822 5413 1888 5457 sor-

1144 5490 1197 5551 tiri
1221 5497 1253 5552 et
1275 5491 1432 5563 obtinere,
1457 5507 1491 5552 ac
1512 5490 1575 5553 illis
1604 5491 1641 5553 ad
1664 5506 1744 5568 quos
1769 5495 1890 5568 spectat

1146 5589 1178 5644 et
1194 5598 1251 5660 pro
1268 5589 1413 5662 tempore
1435 5583 1702 5660 quandocumque
1724 5581 1887 5660 spectabit,

1146 5674 1332 5752 plenissime
1343 5676 1522 5752 suflragari3
1536 5675 1645 5752 sicque
1659 5675 1693 5736 in
1708 5675 1889 5752 praemissis

1146 5783 1203 5845 per
1219 5783 1440 5845 quoscumque
1455 5768 1575 5829 iudices
1598 5767 1775 5829 ordinarios
1791 5773 1823 5828 et
1838 5767 1890 5828 de-

1145 5861 1268 5938 legatos
1291 5862 1386 5924 etiam
1409 5877 1573 5924 causarum
1596 5860 1703 5938 palatii
1727 5859 1891 5939 apostolici

1146 5954 1308 6016 auditores
1336 5954 1469 6016 iudicari
1491 5960 1523 6017 et
1548 5953 1675 6018 definiri
1704 5953 1834 6028 debere,
1858 5969 1892 6020 31

1822 605 1861 677 93
1911 612 1964 668 An.
1979 613 2008 669 (l.
2031 613 2101 670 1834

1928 5129 2048 5175 clausula
2062 5128 2120 5174 sub·

1918 5187 1962 5228 ata
1982 5188 2006 5229 61
2031 5183 2119 5228 decre-
