4770 6982
295 567 346 618 an.
363 564 392 616 (t.
415 564 483 616 1842
533 557 593 626 298

555 697 624 773 §ts
648 697 718 760 Non
745 698 943 762 obstantibus
972 699 1152 779 apostolicis
1174 699 1262 762 acin

515 791 753 853 universalibus
778 793 1092 872 provincialibusque
1116 800 1147 855 et
1168 809 1263 874 syno-

516 883 639 946 dalibus
651 885 792 947 conciliis
809 886 901 948 editis
915 887 1119 964 generalibus
1132 887 1184 948 vel
1194 903 1263 966 spe-

515 977 646 1040 cialibus
662 979 946 1042 constitutionibus
962 987 994 1042 et
1010 981 1263 1043 ordinationibus

515 1073 697 1150 ceterisque
719 1075 886 1136 contrariis
908 1073 1177 1152 quibuscumque.

555 1166 669 1228 Datum
692 1167 809 1229 Romae
822 1168 904 1246 apud
921 1166 951 1229 S.
970 1167 1098 1229 Mariam
1111 1167 1263 1230 Maiorem

515 1260 574 1322 sub
596 1259 716 1323 annulo
744 1261 912 1323 Piscatoris
941 1262 992 1324 die
1020 1279 1112 1323 xxrn.
1137 1263 1262 1339 augusti

515 1370 715 1427 uncccmu„
744 1355 945 1433 pontificatus
974 1357 1076 1417 nostri
1099 1371 1182 1418 anno
1204 1373 1262 1416 mr.

824 1637 955 1701 ccxvi.

519 1824 719 1890 licitatorem
741 1826 955 1907 Apostolicatm
977 1825 1012 1887 ie
1034 1823 1267 1887 Archidioecesi

558 1917 777 1990 ,latibureuai
793 1919 890 1982 teuto
904 1917 1042 1989 modum,
1060 1919 1149 1999 elipit
1167 1919 1179 1999 (
1201 1917 1223 1998 ).

517 2106 688 2172 Venerabili
717 2107 804 2173 fratri
838 2102 979 2191 ilapba'c'ii
1009 2105 1166 2173 Barissicb
1198 2103 1265 2186 Epi-

556 2217 652 2284 scopo
675 2201 818 2266 bzotensi
848 2199 968 2267 vicario
995 2199 1168 2284 apostolico
1193 2198 1266 2264 Pro-

557 2295 672 2360 vinciae
697 2292 819 2360 Bosnae
840 2295 1004 2378 lupentius
1028 2294 1224 2372 otbomanae,

690 2440 910 2509 obscurius
935 2441 1005 2507 ev,
1019 2441 1091 2507 xvt.

736 2577 926 2645 Venerabilis
947 2578 1045 2645 frater

552 2673 680 2740 salutern
703 2678 734 2738 et
756 2671 953 2756 apostolicam
978 2671 1227 2738 benedictionem.

557 2866 576 2940 5
599 2863 626 2925 l.
650 2863 696 2926 lle
710 2863 853 2926 universi
870 2863 1021 2926 dominici
1038 2861 1147 2941 gregis
1163 2863 1266 2924 salute

516 2957 731 3019 vehementer
752 2956 881 3018 solliciti
903 2971 937 3018 ea
961 2957 1067 3017 omnia
1088 2955 1266 3034 peragenda

517 3065 677 3122 curamus
692 3064 773 3126 quae
795 3050 831 3112 ad
854 3049 1054 3128 spiritualem
1077 3065 1189 3111 eorum
1206 3049 1266 3110 uti-

516 3144 640 3206 litatem
652 3143 816 3222 pertinere
828 3143 991 3205 videntur.
1005 3143 1113 3220 ltaque
1125 3160 1197 3205 cum
1211 3159 1266 3205 no-

517 3253 644 3311 scamus,
664 3236 737 3298 talia
758 3252 844 3298 nunc
865 3237 898 3297 in
918 3235 1156 3298 brebidioecesi
1179 3235 1266 3298 buti-

517 3329 645 3393 barensi
667 3345 778 3392 rerum
802 3346 870 3391 esse
891 3329 1048 3402 adiuncta,
1072 3335 1108 3391 ut
1130 3329 1265 3408 peculia-

517 3440 587 3486 rem
598 3423 902 3502 buiusbpostolicae
913 3421 1003 3485 Sedis
1015 3421 1265 3485 sollicitudinem

517 3517 700 3595 requirant,
732 3517 771 3580 de
799 3533 897 3580 venn.
920 3516 1055 3578 fratrum
1078 3522 1265 3578 nostrorum

519 3609 550 3674 S.
567 3610 603 3673 lt.
620 3609 656 3672 ll.
680 3609 897 3672 cardinalium
924 3609 1063 3688 negotiis
1087 3610 1266 3689 Propagan-

517 3705 674 3768 daeFidei
689 3705 946 3784 praepositorum
962 3704 1106 3778 consilio,
1124 3705 1265 3782 aliquem

517 3799 717 3878 praeclarum
749 3799 858 3860 virum
890 3799 994 3861 eidem
1028 3796 1266 3862 brebidioecesi

517 3891 722 3955 Antibarensi
746 3892 996 3971 praeficiendum
1019 3891 1185 3966 duximus,
1210 3893 1266 3970 qui

517 3985 596 4048 inibi
617 3987 789 4048 visitatoris
808 3985 971 4065 apostolici
994 4003 1132 4048 munere
1154 3987 1266 4064 lunga-

518 4085 582 4153 tur,
606 4086 701 4158 atque
720 4079 906 4141 huiusmodi
927 4079 1066 4142 officium
1082 4081 1121 4143 de
1137 4097 1261 4142 eorum-

518 4175 591 4238 dem
615 4174 681 4238 VV.
705 4173 763 4236 FF.
787 4173 921 4237 consilio
946 4175 1004 4236 tibi
1033 4175 1265 4238 committendo

518 4269 714 4332 censuimus
748 4267 962 4342 Quamobrem
994 4273 1041 4341 te,
1072 4269 1265 4331 venerabilis

517 4364 627 4438 frater,
641 4361 795 4443 peculiari
809 4361 1036 4424 benevolentia
1048 4363 1199 4440 prosequi
1211 4379 1266 4424 vo-

517 4457 633 4530 lentes,
651 4461 684 4521 et
699 4475 714 4520 a
731 4455 897 4535 quibusvis
912 4456 1263 4531 excommunicationis,

517 4551 738 4630 suspensionis
760 4557 793 4612 et
813 4549 986 4622 interdicti,
1010 4549 1145 4626 aliisque
1167 4549 1266 4612 eccle-

517 4646 650 4708 siasticis
662 4646 817 4718 censuris,
832 4641 1001 4706 sententiis
1014 4649 1047 4706 et
1061 4643 1172 4722 poenis
1188 4659 1266 4722 quo-

517 4739 566 4800 vis
596 4740 692 4802 modo
719 4739 772 4802 vel
802 4737 913 4817 quavis
944 4738 983 4801 de
1009 4754 1101 4800 causa
1127 4737 1215 4811 latis,
1239 4739 1265 4799 si

519 4848 597 4910 quas
612 4833 696 4896 forte
710 4831 886 4904 incurristi,
901 4829 997 4894 huius
1012 4837 1121 4894 tamen
1135 4831 1182 4896 rei
1197 4847 1266 4909 gra-

499 4925 560 4988 ·tia
581 4926 783 4988 absolventes
798 4932 831 4988 et
845 4925 1027 4988 absolutum
1050 4925 1119 4987 lore
1134 4941 1265 4988 censen-

518 5026 576 5094 tes,
601 5021 686 5082 bisce
707 5019 824 5084 litteris
849 5020 1037 5081 anctoritate
1063 5027 1172 5082 nostra
1193 5035 1265 5098 apo-

518 5113 638 5188 stolica,
662 5114 699 5176 ad
721 5119 867 5177 nostrum
891 5119 923 5174 et
947 5113 1043 5174 brrius
1065 5113 1266 5191 Apostolicae

519 5207 608 5270 Sedis
623 5207 803 5278 arbitrium,
818 5215 850 5270 te
865 5207 898 5268 in
914 5205 1120 5269 visitatorem
1133 5205 1266 5286 Aposto-

517 5301 616 5364 licum
647 5302 680 5362 in
711 5305 982 5364 commemoratae
1013 5299 1265 5364 archidicecesis

517 5394 736 5458 Antibarensis
752 5395 914 5473 eligimus
929 5394 1154 5457 constituimus
1170 5401 1201 5456 et
1213 5396 1265 5458 de-

517 5496 676 5570 putamus,
700 5489 823 5568 tibique
847 5489 972 5568 plenam
995 5495 1185 5568 potestatem
1210 5490 1267 5550 tri-

517 5583 647 5647 buimus
669 5583 803 5661 regendi
823 5589 855 5646 et
870 5582 1071 5661 gubernandi
1093 5583 1266 5661 praefatam

559 5856 585 5911 (ti
602 5856 638 5901 [ix
653 5857 716 5914 Reg.
731 5857 854 5902 brevium
870 5855 919 5901 vol.
936 5857 973 5910 tt,
988 5865 1045 5912 pap.
1061 5855 1095 5901 89.

1034 582 1099 628 lUR.
1123 581 1215 628 PON'l'.
1239 581 1280 626 nt:
1302 582 1331 627 P.
1356 581 1386 627 F.
1410 581 1494 628 PARS
1515 583 1537 627 1.

1319 697 1564 761 Antibarensem
1587 689 1859 764 Archidioccesim
1876 717 1948 764 cum
1966 703 2067 764 omni·

1319 793 1378 855 bus
1394 797 1426 854 et
1441 792 1578 870 singulis
1601 793 1812 868 facultatibus,
1837 795 1954 873 quibus
1976 803 2068 857 antea

1318 886 1404 948 illius
1427 885 1693 965 brebiepiscopus
1716 887 1901 962 fruebatur,
1925 889 1978 966 qui
2001 906 2068 950 sus-

1319 995 1438 1058 pensus
1460 981 1591 1042 interim
1611 987 1776 1044 remaneat
1790 983 1827 1044 ab
1844 983 1998 1045 exercitio
2014 1001 2067 1061 pc-

1319 1074 1441 1135 testatis
1464 1081 1533 1136 tum
1556 1075 1688 1147 ordinis,
1706 1081 1775 1137 tum
1790 1076 2019 1138 iurisdictionis
2034 1079 2067 1139 in

1320 1184 1355 1228 ea
1378 1168 1625 1240 Archidioecesi,
1650 1175 1756 1231 amoto
1784 1169 1918 1249 insuper
1943 1169 2067 1233 Vicario

1319 1261 1502 1339 Apostolico
1515 1261 1654 1324 Antonio
1670 1280 1685 1324 a
1701 1261 1902 1336 Boscomare,
1918 1265 1968 1327 cui
1981 1281 2068 1343 prae·

1320 1355 1381 1417 fata
1403 1353 1636 1418 Archidiocesis
1652 1359 1794 1434 regenda
1816 1359 1930 1420 tradita
1951 1357 2066 1432 fuerat,

1319 1449 1403 1512 salva
1426 1455 1533 1512 tamen
1556 1466 1686 1529 semper
1708 1453 1740 1513 in
1760 1452 1942 1530 praemissis
1964 1460 2069 1516 aucto-

1320 1543 1414 1605 ritate
1446 1543 1713 1621 Congregationis
1743 1546 1930 1608 earumdem
1963 1545 2069 1609 Cardi-

1320 1637 1453 1700 nalium.

1361 1734 1379 1808 ἓ
1400 1733 1430 1793 2.
1449 1731 1633 1794 blandamus
1646 1733 1780 1810 proinde
1797 1734 1948 1796 omnibus
1962 1742 1993 1797 et
2008 1737 2070 1798 sin-

1323 1826 1407 1904 gulis
1422 1827 1458 1888 ad
1475 1843 1555 1904 quos
1570 1833 1701 1904 spectat,
1718 1835 1755 1890 ut
1769 1835 1800 1890 te
1816 1829 1849 1890 in
1865 1829 2069 1892 visitatorem

1322 1920 1542 1998 apostolieum
1559 1921 1756 1997 ‚buiusmodi
1786 1922 1942 2001 recipiant
1967 1931 1999 1986 et
2019 1925 2070 1986 ad-

1323 2014 1461 2087 mittant,
1485 2014 1608 2092 tibique
1630 2013 1766 2088 faveant,
1781 2023 1912 2094 pareant
1933 2033 1967 2080 ac
1983 2035 2071 2096 prae-

1322 2115 1371 2171 sto
1394 2109 1468 2182 sint,
1493 2115 1611 2186 tuaque
1627 2110 1771 2171 mandata
1788 2110 1957 2173 efficaciter
1974 2112 2070 2172 adim-

1323 2204 1440 2282 pleant,
1451 2219 1543 2264 secus
1555 2203 1748 2264 sententiam
1761 2219 1817 2264 seu
1830 2220 1966 2282 poenam
1976 2219 2069 2282 quam

1322 2298 1383 2359 rite
1396 2296 1509 2358 tuleris
1525 2311 1582 2358 seu
1599 2297 1749 2358 statueris
1761 2297 1793 2358 in
1806 2297 1956 2370 rebelles,
1971 2305 2070 2360 ratam

1322 2391 1511 2454 habebimus
1523 2407 1556 2453 ac
1568 2389 1720 2452 faciemus
1736 2397 1921 2454 auctorante
1935 2391 2070 2454 Domino

1322 2499 1426 2562 usque
1442 2483 1478 2546 ad
1494 2483 1741 2546 satisfactionem
1755 2485 1946 2562 condignam
1969 2486 2069 2548 invio-

1322 2575 1462 2640 labiliter
1484 2579 1660 2639 observari.
1684 2577 1755 2640 Non
1778 2578 1978 2641 obstantibus
1999 2597 2070 2659 apo·

1322 2671 1442 2733 stolicis
1473 2689 1506 2733 ac
1538 2671 1571 2732 in
1599 2671 1838 2734 universalibus
1871 2674 2070 2751 provinciali·

1322 2763 1447 2841 busque
1469 2770 1501 2825 et
1522 2763 1729 2842 synodalibus
1751 2765 1893 2827 conciliis
1909 2767 2002 2828 editis
2018 2784 2070 2845 ge-

1322 2857 1485 2918 neralibus
1504 2857 1557 2918 vel
1579 2857 1768 2935 specialibus
1788 2860 2070 2923 constitutionibus

1323 2956 1355 3012 et
1384 2950 1655 3023 ordinationibus,
1690 2952 1872 3030 ceterisque
1904 2956 2070 3017 contrariis

1322 3045 1589 3121 quibuscumque,

1362 3139 1476 3200 Datum
1502 3137 1620 3200 Romae
1648 3139 1728 3217 apud
1760 3137 1791 3200 S.
1821 3140 1949 3202 Mariam
1979 3142 2071 3203 bfaio-

1322 3249 1392 3294 rem
1414 3232 1473 3294 sub
1495 3231 1614 3294 annulo
1637 3232 1804 3294 Piscatoris
1827 3229 1879 3296 dic¹
1900 3251 1974 3296 xxv.
1996 3253 2068 3315 ang.

1322 3341 1521 3396 uncccxcn,
1546 3325 1748 3403 pontificatus
1778 3326 1879 3387 nostri
1907 3345 1990 3390 anno
2014 3347 2069 3390 nn.

1624 3607 1769 3670 ccxvn.

1327 3795 1435 3858 Trium
1457 3797 1742 3876 conprepctionum
1764 3799 1994 3862 mortariorum
2010 3801 2071 3864 Bu-

1361 3891 1471 3952 cilicn.
1497 3889 1723 3953 Melcbitorum
1745 3893 1780 3953 ita
1802 3899 1907 3955 monte
1937 3893 2069 3963 Libano,

1362 3983 1629 4158 icet&)modam,
1657 3984 1778 4048 visitet.
1807 3987 1938 4067 apostol.
1969 3987 2072 4050 decer-

1362 4077 1412 4138 uit
1483 4125 1489 4138 .

1323 4261 1397 4328 lien.
1429 4262 1517 4330 fratri
1550 4263 1718 4331 francisco
1748 4263 1886 4332 ilillardel
1917 4267 2071 4351 drobiepi-

2099 565 2154 619 Αῃ,
2171 567 2210 616 C,
2245 563 2323 610 1842

1362 4375 1456 4433 scopo
1489 4357 1681 4441 Philippensi,
1704 4377 1741 4426 ac
1765 4361 1912 4444 lieleqato
1942 4361 2072 4446 dposto-
2162 4427 2165 4432 .

1363 4451 1420 4517 lico
1444 4453 1470 4518 in
1494 4449 1595 4518 Monte
1620 4452 1744 4532 libano,

1496 4597 1719 4667 entecnius
1742 4601 1801 4668 ΡΡ.
1824 4600 1894 4670 xvi.

1537 4733 1727 4801 venerabilis
1750 4733 1857 4814 freter,

1356 4828 1483 4896 satutem
1508 4833 1539 4894 et
1560 4829 1759 4913 apostoticam
1788 4831 2037 4898 benedictionem.

1361 5021 1380 5093 ξ
1403 5019 1430 5079 l.
1455 5017 1536 5080 Cum
1559 5025 1708 5082 surrecta
1732 5021 1959 5097 religiosarum
1981 5022 2071 5085 fami·

1322 5112 1438 5174 liarum
1452 5112 1616 5192 disciplina
1628 5113 1661 5176 in
1676 5114 1879 5178 christianam
1895 5121 1928 5178 et
1942 5117 2071 5180 civilem

1322 5206 1554 5286 rempublicam
1588 5207 1726 5269 maxima
1758 5208 1839 5270 bona
1868 5209 2068 5284 redundent,

1322 5306 1392 5363 tum
1416 5301 1502 5362 omni
1526 5301 1656 5378 quidem
1678 5302 1843 5379 vigilantia
1865 5310 1897 5365 et
1915 5305 2020 5367 studio
2035 5321 2071 5367 ea

1323 5395 1504 5473 peragenda
1527 5411 1691 5469 curamus,
1716 5412 1797 5474 quae
1819 5398 1856 5460 ad
1883 5399 2069 5462 earumdem

1323 5487 1517 5551 familiarum
1552 5490 1674 5552 bonurn
1707 5491 1872 5568 pertinere
1908 5493 2070 5570 cognosci-

1323 5599 1406 5644 mus.
1431 5583 1539 5661 ltaque
1555 5599 1628 5646 cum
1645 5584 1809 5648 occasione
1831 5587 2071 5650 controversiae

557 5921 588 5980 (t)
604 5927 640 5966 Ex
655 5925 718 5979 Reg.
733 5921 855 5970 Brevlurn
871 5925 921 5972 vol.
936 5927 974 5980 V,
989 5935 1046 5980 pap.
1057 5925 1090 5968 93.
1099 5945 1126 5957 -
1137 5926 1170 5970 be
1181 5922 1222 5968 bls
1237 5922 1372 5969 iuonuclris
1384 5921 1441 5968 vido
1456 5923 1515 5968 ceri.
1528 5923 1590 5967 XIV.
1604 5923 1761 5975 Opinionem.
1771 5945 1796 5956 -
1807 5927 1894 5978 Super·
1903 5927 2035 5976 forasticum
2045 5945 2070 5957 -

518 5989 592 6034 frater·
602 5994 707 6044 plures.
