4822 6986
951 567 1128 620 auunculus
1150 573 1201 618 PP.
1224 569 1290 620 xvi.

379 685 446 755 Neo
467 695 576 758 miuus
598 712 638 758 ex
659 696 755 758 saeris
785 697 1005 758 monumentis
1028 692 1093 754 evi-

343 789 421 850 dens
451 796 721 868 compertumque
751 795 799 851 est
827 787 997 868 Apostolos
1019 785 1093 846 mis-

342 897 460 960 sosque
482 884 519 945 ab
542 883 587 945 eis
609 885 642 946 in
664 884 793 946 ultimas
811 883 907 944 etiam
923 883 1009 944 orbis
1025 897 1092 961 par-

343 984 390 1039 tes
413 977 585 1058 Episcopus
604 978 713 1056 plures
730 991 933 1055 quacumque
948 977 1093 1038 sacerdo-

343 1077 390 1134 tes
414 1079 445 1133 31
467 1073 632 1134 ministros
654 1072 807 1144 initiasse,
826 1079 920 1149 atque
936 1072 1015 1132 adeo
1031 1071 1093 1132 cle·

342 1182 415 1226 rum
429 1183 468 1226 ex
482 1167 643 1242 indigenis
657 1167 841 1230 bominibus
853 1167 890 1228 ad
903 1165 1093 1226 obristianae

342 1259 509 1336 religionis
532 1261 717 1322 firmitatem
742 1267 774 1322 et
793 1261 1032 1322 incrementum
1047 1259 1094 1320 in-

341 1352 493 1434 stituisse.
511 1353 590 1415 llinc
607 1353 637 1415 S.
656 1353 797 1430 ignatius
814 1353 943 1432 Martyr,
962 1352 993 1416 S.
1008 1354 1094 1414 Petri

341 1446 516 1525 discipulus
533 1447 668 1524 eiusque
680 1449 712 1508 in
723 1448 799 1510 sede
812 1447 1011 1510 Antiocheno
1023 1454 1095 1526 post

341 1539 500 1602 Evodium
530 1557 706 1613 successor,
731 1541 920 1604 constitutos
942 1541 1038 1602 variis
1060 1541 1093 1602 in

341 1635 484 1696 ecclesiis
512 1652 574 1696 una
604 1652 677 1698 eum
707 1636 863 1714 Episcopo
888 1635 1093 1714 presbyteros
1120 1644 1123 1745 ἶ

341 1736 373 1790 31
394 1729 543 1790 diaconos
565 1735 710 1790 accurate
732 1729 894 1790 describit.
919 1727 1091 1796 «Studete,
1120 1750 1122 1761 ⁴

251 1893 256 1902 Ι
342 1823 446 1898 inquit
458 1823 490 1883 in
503 1838 558 1884 sua
570 1824 608 1884 ad
622 1822 841 1900 llagnesianos
854 1823 985 1901 epistola
998 1840 1030 1884 n.
1043 1823 1091 1894 13,

340 1923 377 1976 ut
399 1916 632 1996 rorcfirmemiui
654 1915 689 1976 iu
703 1914 905 1995 dopmotibus
921 1916 1050 1978 Domini
1065 1923 1094 1978 et

342 2009 614 2088 Apostolorum...
640 2025 712 2070 curu
735 2009 921 2088 diguissimo
940 2010 1093 2091 Episcopo

343 2109 443 2164 oestro
465 2108 494 2164 et
515 2102 610 2182 dipoe
626 2107 778 2165 33313313
792 2103 959 2182 spirituali
974 2119 1094 2166 corono

341 2194 527 2274 presbyterii
543 2196 640 2258 uestri
655 2201 685 2256 et
699 2197 875 2258 seeundum
890 2196 987 2258 Deum
1000 2214 1094 2277 open-

342 2288 426 2350 tibus
440 2289 586 2352 diucouis
598 2309 627 2350 t.
645 2291 685 2350 Et
700 2291 733 2351 in
749 2289 809 2350 alia
825 2291 862 2352 ad
879 2290 1094 2369 Smyrnenses

342 2400 373 2444 n.
400 2383 436 2444 tr
464 2384 579 2444 salutat
605 2383 667 2444 Deo
696 2384 830 2463 dignum
854 2384 1045 2464 Episcopum
1066 2391 1095 2447 et

343 2475 405 2536 Deo
423 2476 571 2538 uterorum
584 2475 826 2556 presbyterium,
843 2483 873 2538 et
888 2495 1092 2540 eouseroos...

342 2571 503 2632 diaconos.
528 2571 561 2632 ld
584 2571 689 2649 ipsum
713 2572 752 2633 de
774 2571 1018 2635 Corinthiorum
1038 2573 1094 2635 Ee·

343 2664 437 2724 clesia
452 2665 556 2741 liquet
570 2681 610 2726 ex
625 2665 717 2726 allata
733 2667 882 2743 superius
900 2665 931 2726 S.
946 2665 1095 2728 Clemen-

345 2759 383 2818 tis
405 2759 513 2836 priore
529 2757 662 2836 epistola
678 2756 807 2837 33310,
824 2757 880 2820 ubi
896 2760 941 2822 313
956 2759 1093 2836 legitur:

343 2869 495 2914 esurrrmo
518 2852 629 2932 quippe
649 2853 809 2916 secerdoti
830 2871 891 2916 suo
908 2856 1023 2916 maenio
1038 2857 1095 2918 tri·

344 2944 421 3008 butu
442 2952 530 3014 suut,
551 2953 580 3008 et
601 2945 819 3009 sacerdotibus
841 2948 929 3010 locus
942 2950 1096 3028 proprius

342 3040 556 3120 praestitutus
585 3045 649 3112 est;
679 3041 783 3102 ieritis
812 3057 931 3119 quoque
956 3059 1018 3104 suo
1039 3043 1096 3104 mi-

344 3134 480 3196 nisterio
502 3132 732 3197 incumbunt».
757 3135 902 3213 Denique
923 3153 989 3198 uon
1008 3153 1096 3216 prae-

345 3228 521 3290 tereundus
545 3229 702 3290 Eusebius
718 3229 756 3290 ab
772 3229 1000 3307 Apostolorum
1017 3247 1096 3292 aevo

345 3321 418 3382 lieet
440 3322 608 3394 remotior,
633 3323 723 3384 cuius
739 3323 961 3401 apertissimus
978 3325 1096 3402 estqui

344 3415 491 3492 sequitur
507 3417 595 3477 locus
610 3415 703 3496 (Hist.
723 3417 806 3478 Eccl.
825 3417 880 3478 lib.
898 3417 927 3490 3,
945 3435 1012 3496 333.
1030 3417 1093 3494 23):

345 3509 459 3571 «Euro
491 3515 562 3589 post
595 3507 714 3572 obitum
748 3511 883 3588 1333331
915 3529 955 3573 33
986 3512 1096 3574 insuto

346 3603 459 3664 Prttmo
483 3603 642 3683 Ephesum
663 3603 808 3664 rediisset
830 3603 977 3674 1333333,
1000 3605 1041 3666 cd
1062 3606 1096 3685 ti-

346 3698 478 3760 31113133
496 3714 615 3776 quoque
627 3697 813 3776 provincius
828 3703 962 3778 rogetus
977 3715 1009 3760 se
1025 3715 1097 3760 cou-

347 3792 438 3860 tulit,
463 3792 586 3872 purtim
612 3795 648 3852 ut
672 3790 842 3871 Episcopor
870 3793 1094 3861 constitueret,

343 3887 465 3964 purtim
486 3891 523 3946 ut
542 3885 689 3948 ecclesius
704 3885 848 3964 integros
864 3885 1044 3966 disponeret
1059 3903 1097 3948 33

307 3967 311 3978 ’
345 3979 513 4058 formaret,
536 3980 658 4058 purtim
679 3981 776 4042 etiam
792 3983 829 4040 31
845 3978 987 4040 homiues
1001 3978 1062 4042 sibi
1077 3997 1098 4042 3

346 4071 454 4133 diuino
477 4071 601 4151 Spiritu
623 4072 783 4134 iudicatos
805 4073 839 4134 iu
859 4073 1098 4150 3133333333-

346 4165 421 4236 dum
442 4183 496 4227 seu
522 4171 639 4228 sortem
661 4166 790 4228 Domini
811 4171 972 4246 seponeret
986 4185 1014 4228 t.

387 4261 450 4320 lam
473 4275 552 4322 vero
575 4261 803 4339 Apostolorum
827 4262 977 4339 exemplo
997 4264 1030 4324 et
1044 4277 1097 4324 ve-

347 4353 450 4430 stigiis
471 4354 678 4416 inhaerentes
693 4353 827 4416 Romani
844 4355 1012 4417 Pontifices
1029 4355 1098 4418 uni-

348 4464 460 4509 versae
481 4447 641 4510 Ecclesiae
670 4448 777 4510 divina
799 4449 988 4510 auctoritate
1010 4465 1097 4527 prae-

348 4540 459 4618 positi,
490 4557 564 4602 333
593 4557 723 4619 semper
751 4548 783 4602 et
804 4541 842 4603 ab
867 4541 1098 4618 antiquissimis

347 4650 451 4711 usqne
480 4634 699 4712 temporibus,
732 4641 800 4698 133
830 4635 969 4696 manime
996 4636 1099 4698 tribus

299 4746 305 4758 ⁸
348 4729 520 4805 postremis
542 4728 676 4790 saeculis
699 4745 756 4807 per
779 4727 905 4790 Sacram
921 4728 1099 4791 113331133-

348 4822 571 4898 gregationem
593 4823 793 4884 sanctissimo
810 4823 1035 4901 Propagandae
1052 4823 1099 4884 li-

348 4916 397 4977 dei
415 4917 546 4994 negotio
561 4916 767 4995 peculiariter
782 4916 936 4978 addictam
951 4917 1098 4995 impense

348 5017 513 5083 curarunt,
530 5018 566 5072 ut
582 5011 812 5089 multiplicatis,
830 5026 894 5087 quo
910 5011 1012 5088 magis
1028 5012 1098 5072 lieri

349 5111 467 5182 posset,
484 5104 658 5184 Episcopis,
677 5105 858 5182 erectisque
879 5121 936 5184 pro
953 5104 1099 5167 locorum

349 5199 588 5278 opportunitate
610 5199 762 5271 ecclesiis,
788 5200 955 5276 religionis
978 5201 1099 5262 incolu-

303 5329 304 5334 1
349 5293 452 5356 311311
474 5299 506 5356 31
527 5293 696 5355 commodo
719 5294 902 5355 consultum
919 5294 1038 5371 iugiter
1053 5312 1099 5356 es-

349 5395 408 5448 set.
432 5386 537 5464 Atque
560 5387 641 5448 banc
661 5387 906 5449 saluberrimam
929 5389 1099 5466 providen-

350 5482 411 5544 tiae
426 5481 584 5542 rationem
600 5497 664 5543 non
680 5481 776 5542 modo
791 5481 828 5542 ad
841 5483 993 5558 regiones
1006 5498 1099 5544 evan-

351 5575 453 5652 gelico
485 5577 610 5637 semine
644 5576 783 5654 primum
813 5575 1011 5650 fecundatas,
1044 5578 1099 5639 sed

350 5669 444 5729 etiam
467 5670 504 5730 ad
526 5668 607 5740 illas
625 5669 691 5741 ubi,
709 5683 767 5746 per
782 5668 986 5730 saeculorum
1002 5671 1100 5734 inter-

349 5762 442 5836 valla,
467 5763 519 5825 rel
541 5765 699 5824 haeretica
722 5763 887 5840 pravitate,
905 5764 959 5826 vel
975 5765 1109 5828 etbnica'

350 5855 468 5917 iterum
491 5855 721 5934 superstitione
739 5855 967 5930 invalescente,
985 5873 1037 5919 res
1054 5877 1100 5920 33-

353 5949 466 6011 tbolica
489 5951 608 6011 misere
633 5949 879 6026 periclitabatur,
905 5959 1013 6029 patere
1035 5959 1101 6014 stn-

460 6097 512 6142 lur.
533 6098 602 6144 l‘out.
619 6097 649 6144 de
667 6099 739 6157 11333Δ
756 6097 818 6142 Fide
833 6099 915 6142 Partis
931 6100 948 6142 l.
964 6099 1017 6144 131.
1034 6101 1060 6144 v.

1821 553 1880 622 su

1149 691 1329 754 diosissime
1343 694 1530 756 voluerunt.
1545 692 1634 768 Quod
1646 693 1672 754 31
1685 692 1851 755 nonnullis
1867 694 1900 754 in

1149 784 1226 846 loeis
1250 785 1289 848 ob
1312 787 1460 850 adversas
1476 795 1662 866 temporum
1676 787 1763 850 vices
1779 787 1901 864 magni-

1149 893 1212 954 que
1234 881 1389 944 momenti
1412 899 1519 944 causas
1543 882 1684 944 titulatos
1706 888 1801 958 atque
1818 880 1902 942 ordi-

1149 974 1255 1035 narios
1275 976 1448 1055 Episcopus
1470 977 1668 1040 constituere
1691 977 1775 1038 baud
1800 975 1900 1048 licuit,

1149 1067 1348 1146 Apostolicos
1365 1077 1472 1132 tamen
1485 1069 1626 1133 Vicarios
1644 1071 1815 1149 episcopali
1831 1069 1901 1132 oba-

1149 1171 1273 1224 raetere
1292 1170 1325 1226 et
1339 1171 1496 1242 potestate
1512 1172 1620 1228 333133
1636 1167 1675 1228 ad
1691 1165 1821 1228 fidelem
1837 1163 1903 1226 illic

1149 1257 1305 1336 populum
1330 1259 1512 1334 regendum
1535 1260 1666 1322 mittere
1688 1276 1753 1321 non
1771 1259 1903 1320 distule-

1150 1357 1243 1426 runt;
1268 1353 1440 1430 paucisque
1463 1353 1688 1414 tantummodo
1710 1353 1744 1414 in
1763 1352 1903 1429 regioni-

1150 1443 1209 1505 bus
1232 1444 1271 1506 ob
1289 1445 1435 1522 graviora
1453 1463 1565 1508 rerum
1582 1447 1728 1510 adiuncta
1743 1445 1903 1524 simplices

1150 1537 1357 1616 presbyteros
1376 1541 1532 1602 catbolioo
1549 1542 1640 1618 gregi
1658 1555 1806 1618 praeesse
1824 1541 1904 1618 passi

1150 1639 1236 1706 sunt,
1262 1650 1300 1695 eo
1324 1641 1411 1696 certe
1435 1635 1568 1698 oonsilio
1590 1641 1904 1706 armamentorum

1151 1725 1291 1802 primum
1305 1729 1411 1790 clatum
1425 1735 1517 1800 33331,
1529 1727 1669 1806 perlecta
1677 1727 1798 1790 ibidem
1807 1729 1904 1790 eccle-

1149 1819 1293 1882 siasticae
1315 1821 1514 1883 bierarebiae
1537 1821 1639 1884 torma
1654 1824 1900 1884 instauraretur.

1190 1913 1290 1976 Porro
1318 1921 1427 1978 autem
1456 1915 1616 1978 Romanos
1646 1915 1815 1978 Pontifices
1845 1931 1903 1994 pro

1149 2008 1294 2085 supremi
1317 2009 1410 2072 officii
1432 2010 1481 2071 sui
1504 2010 1670 2072 sanctitate
1692 2009 1725 2071 in
1746 2009 1776 2072 id
1800 2025 1902 2088 aeque

1150 2101 1238 2162 omni
1261 2118 1320 2180 333
1342 2109 1437 2180 atque
1458 2118 1553 2182 opera
1569 2103 1765 2176 incubuisse,
1783 2109 1829 2175 31,
1849 2103 1903 2180 qui

1149 2195 1182 2255 in
1204 2195 1346 2258 diversas
1369 2202 1475 2258 terrae
1497 2204 1604 2274 partes
1626 2197 1754 2259 abibant
1776 2212 1905 2258 earum-v

1150 2305 1213 2364 que
1236 2289 1378 2351 ecclesiis
1408 2290 1677 2368 praeficiebantur
1699 2291 1858 2369 Episcopi,
1883 2291 1903 2349 11

1149 2382 1319 2460 indigenae
1336 2385 1414 2446 cleri
1429 2385 1668 2448 institutionem
1684 2385 1902 2447 vehementis·
1989 2391 1993 2406 ⁴

1150 2477 1231 2538 3133
1258 2485 1431 2556 urgerent,
1462 2495 1515 2540 res
1537 2485 1602 2552 est,
1635 2485 1671 2542 ut
1692 2479 1809 2556 cuique
1832 2494 1903 2556 per-

1150 2571 1324 2648 spectabo
1339 2571 1509 2648 multiplici
1523 2572 1793 2634 ‹locumentorum
1808 2587 1903 2648 gene-

1151 2679 1186 2724 re
1209 2663 1405 2726 confirmata.
1428 2663 1495 2726 lluc
1514 2681 1628 2727 revera
1642 2671 1787 2744 spectant
1802 2665 1904 2726 3331-

1152 2773 1233 2834 gena
1254 2758 1398 2820 subsidia
1416 2759 1448 2819 in
1472 2759 1644 2838 Episcopos
1673 2759 1903 2822 remotissima·

1152 2867 1225 2911 rum
1255 2851 1350 2914 etiam
1380 2853 1552 2929 regionum
1583 2853 1704 2930 pluries
1731 2851 1844 2914 collata
1865 2853 1903 2914 ad

1151 2945 1322 3006 seminaria
1345 2947 1510 3023 erigenda,
1533 2946 1588 3007 ubi
1618 2946 1711 3024 pueri
1732 2945 1903 3022 indigenae

1152 3038 1249 3102 sacris
1279 3039 1428 3117 deinceps
1457 3040 1605 3102 initiandi
1632 3040 1670 3101 ad
1699 3039 1850 3117 pietatem
1873 3048 1905 3100 et

1151 3133 1317 3194 scientiam
1349 3133 1616 3194 informarentur.
1647 3132 1715 3194 Η33
1744 3133 1906 3211 permulta

1152 3228 1322 3290 nationalia
1344 3227 1479 3304 collegia
1501 3228 1653 3290 eumdem
1672 3228 1706 3290 13
1722 3229 1820 3290 tinem
1837 3227 1905 3289 sire

1151 3321 1281 3392 Romae,
1305 3321 1373 3382 sive
1403 3321 1477 3383 alibi
1499 3321 1625 3397 ingenti
1654 3321 1904 3399 3333133313-

1152 3415 1231 3478 bore
1260 3407 1405 3476 instituta
1433 3421 1465 3476 et
1486 3415 1539 3476 vel
1567 3415 1823 3478 alundamentis
1851 3432 1905 3478 en-

1151 3515 1282 3570 structa.
1307 3509 1374 3570 1133
1396 3507 1575 3586 peculiares
1597 3508 1761 3572 laeultates
1778 3507 1913 3596 Episoo3

1152 3603 1199 3682 pis
1222 3610 1254 3664 et
1276 3601 1407 3664 Vieariis
1429 3601 1620 3680 Apostolieis
1643 3610 1733 3665 extra
1756 3603 1904 3665 ordinem

1153 3697 1308 3772 tributae;
1325 3713 1389 3774 quo
1404 3697 1525 3758 scilicet
1539 3697 1699 3773 aliquibus
1715 3699 1904 3776 praesertim

1151 3792 1184 3852 in
1206 3792 1283 3853 locis
1306 3791 1428 3854 lacilior
1451 3798 1537 3852 esset
1557 3791 1787 3868 indigenarum
1803 3792 1905 3854 bomi-

1152 3901 1231 3946 num
1253 3885 1289 3947 ad
1313 3885 1505 3963 presbyterii
1533 3885 1693 3946 bonorem
1716 3892 1748 3948 et
1770 3886 1905 3961 gradum

1153 3995 1314 4040 aseensus.
1329 3979 1396 4040 llnc
1412 3980 1543 4040 demum
1559 3979 1751 4040 innumerae
1767 3977 1906 4040 1333113-

1154 4089 1325 4136 manorum
1348 4073 1538 4135 Pontificum
1562 4071 1715 4150 epistolae
1738 4073 1906 4134 31333311-

1154 4169 1306 4239 tutiones,
1321 4167 1465 4242 itemque
1481 4172 1577 4228 13133
1593 4171 1679 4228 13313
1693 4166 1839 4244 ipsorum
1855 4184 1908 4228 au-

1154 4261 1299 4324 ctoritate
1312 4277 1370 4339 per
1381 4259 1507 4322 Sacram
1520 4260 1600 4322 banc
1612 4259 1904 4338 Congregationem

1155 4355 1237 4418 edita
1264 4355 1456 4416 documenta
1478 4360 1510 4415 et
1531 4353 1674 4426 decreta,
1700 4353 1906 4431 perspicuum

1156 4449 1267 4528 procul
1290 4449 1388 4512 dubio
1411 4447 1634 4509 testimonium
1654 4447 1844 4525 apostolieae
1868 4448 1907 4509 de

1154 4545 1212 4606 ista
1235 4560 1270 4605 re
1292 4541 1517 4604 sollicitudinis
1540 4543 1574 4602 13
1595 4556 1711 4604 aevum
1734 4541 1886 4604 3311133.

1196 4637 1393 4713 Perlongum
1424 4634 1520 4696 nimis
1543 4641 1628 4696 esset
1649 4635 1827 4714 pontificias
1850 4635 1908 4697 bu-

1154 4729 1294 4790 iusmodi
1316 4729 1498 4790 sanctiones
1518 4725 1708 4804 singillatim
1724 4744 1906 4800 recensere,

1155 4824 1207 4885 vel
1230 4822 1434 4884 solummodo
1457 4822 1565 4894 etiam,
1583 4821 1673 4884 serie
1690 4839 1706 4884 a
1725 4821 1837 4900 primis
1853 4823 1909 4884 Ec-

1155 4917 1269 4979 clesiae
1298 4916 1433 4978 saeculis
1456 4917 1492 4978 ad
1516 4933 1574 4978 nos
1597 4917 1743 4989 deducta,
1769 4933 1909 4979 comme-

1156 5025 1294 5072 morare.
1325 5008 1406 5072 Satis
1435 5010 1476 5070 sit
1498 5011 1669 5074 nonnullas
1699 5011 1750 5072 hio
1779 5011 1906 5082 afferre,

1156 5118 1237 5181 quae
1259 5104 1296 5165 ab
1320 5102 1433 5166 Sacrae
1448 5103 1544 5164 buius
1560 5101 1829 5181 congregauonis
1847 5106 1908 5166 ori-

1157 5199 1232 5275 gine
1254 5199 1291 5260 ad
1314 5198 1391 5260 baec
1413 5213 1517 5275 usque
1537 5204 1682 5276 tempora
1699 5198 1779 5262 latae
1794 5198 1909 5262 identi-

1156 5294 1229 5356 dem
1246 5299 1331 5354 sunt.
1345 5293 1529 5370 Itaqueiam
1542 5293 1616 5356 inde
1632 5292 1669 5354 ab
1685 5310 1734 5354 an.
1750 5310 1906 5356 uooxxvr.

1155 5387 1301 5467 laponiae
1323 5387 1480 5466 Episcopo
1504 5389 1688 5448 mandatum
1709 5385 1824 5458 luerat,
1844 5394 1910 5449 sut

1156 5479 1356 5562 lupouurios,
1372 5497 1446 5558 quos
1461 5481 1657 5542 accessorius
1672 5485 1701 5541 et
1717 5480 1845 5542 idoneos
1862 5481 1910 5542 iu-

1156 5575 1289 5644 dicaret,
1315 5575 1355 5637 ud
1377 5589 1486 5636 sucros
1509 5573 1636 5640 ordines
1657 5591 1756 5652 usque
1778 5574 1819 5637 od
1838 5592 1908 5655 pre-

1156 5666 1351 5745 sbyteratum
1371 5675 1612 5747 promoveret».
1641 5668 1681 5728 At
1703 5669 1796 5746 paulo
1823 5677 1907 5748 post,

1157 5763 1207 5824 die
1224 5777 1340 5840 nempe
1357 5777 1470 5822 xxvru.
1490 5777 1565 5824 nov.
1586 5761 1835 5835 annitendum,
1855 5779 1908 5840 ge-

1157 5856 1293 5917 neratim
1307 5856 1410 5932 quoad
1425 5854 1520 5916 ludos
1533 5863 1687 5918 statutum
1701 5864 1762 5921 est:
1779 5859 1909 5919 «omui-

1156 5967 1196 6012 uo
1216 5949 1449 6029 prouidendum
1470 5967 1544 6020 esse,
1561 5955 1597 6010 ut
1616 5951 1671 6028 qui
1686 5969 1725 6012 eoo
1741 5951 1911 6032 133113313-

1780 6103 1807 6144 la
