<?xml version="1.0" encoding="UTF-8"?>
<!DOCTYPE html PUBLIC "-//W3C//DTD XHTML 1.0 Transitional//EN"
    "http://www.w3.org/TR/xhtml1/DTD/xhtml1-transitional.dtd">
<html xmlns="http://www.w3.org/1999/xhtml" xml:lang="en" lang="en">
 <head>
  <title>
</title>
<meta http-equiv="Content-Type" content="text/html;charset=utf-8" />
  <meta name='ocr-system' content='tesseract 3.04.00' />
  <meta name='ocr-capabilities' content='ocr_page ocr_carea ocr_par ocr_line ocrx_word'/>
</head>
<body>
  <div class='ocr_page' id='page_1' title='image "./iurispontificii01martgoog_0298.png"; bbox 0 0 4770 6982; ppageno 0'>
   <div class='ocr_carea' id='block_1_1' title="bbox 359 487 660 552">
    <p class='ocr_par' dir='ltr' id='par_1_1' title="bbox 359 487 660 552">
     <span class='ocr_line' id='line_1_1' title="bbox 359 487 660 552; baseline 0 -10"><span class='ocrx_word' id='word_1_1' title='bbox 359 488 412 542; x_wconf 83' lang='lat' dir='ltr'>An.</span> <span class='ocrx_word' id='word_1_2' title='bbox 427 491 457 544; x_wconf 80' lang='grc' dir='ltr'>Ο.</span> <span class='ocrx_word' id='word_1_3' title='bbox 480 491 547 542; x_wconf 79' lang='grc'><strong>1842</strong></span> <span class='ocrx_word' id='word_1_4' title='bbox 599 487 660 552; x_wconf 74' lang='grc'>288</span> 
     </span>
    </p>
   </div>
   <div class='ocr_carea' id='block_1_2' title="bbox 549 620 1330 1260">
    <p class='ocr_par' dir='ltr' id='par_1_2' title="bbox 549 620 1330 1260">
     <span class='ocr_line' id='line_1_2' title="bbox 579 620 1328 701; baseline -0.005 -15"><span class='ocrx_word' id='word_1_5' title='bbox 579 624 676 701; x_wconf 92' lang='lat' dir='ltr'>liquis</span> <span class='ocrx_word' id='word_1_6' title='bbox 698 623 792 686; x_wconf 90' lang='lat' dir='ltr'>itate</span> <span class='ocrx_word' id='word_1_7' title='bbox 817 622 898 684; x_wconf 89' lang='lat' dir='ltr'>hene</span> <span class='ocrx_word' id='word_1_8' title='bbox 921 622 1058 699; x_wconf 84' lang='lat' dir='ltr'>gessisti,</span> <span class='ocrx_word' id='word_1_9' title='bbox 1089 628 1124 683; x_wconf 90' lang='grc' dir='ltr'>ιιι</span> <span class='ocrx_word' id='word_1_10' title='bbox 1150 620 1328 699; x_wconf 79' lang='lat' dir='ltr'>praedictae</span> 
     </span>
     <span class='ocr_line' id='line_1_3' title="bbox 579 715 1328 795; baseline -0.007 -15"><span class='ocrx_word' id='word_1_11' title='bbox 579 717 729 780; x_wconf 88' lang='lat' dir='ltr'>ecclesiae</span> <span class='ocrx_word' id='word_1_12' title='bbox 751 715 952 795; x_wconf 90' lang='lat' dir='ltr'>patriarchali</span> <span class='ocrx_word' id='word_1_13' title='bbox 967 715 1094 777; x_wconf 80' lang='lat' dir='ltr'>Ciliciae</span> <span class='ocrx_word' id='word_1_14' title='bbox 1109 715 1328 776; x_wconf 86' lang='lat' dir='ltr'>hrmenoruni</span> 
     </span>
     <span class='ocr_line' id='line_1_4' title="bbox 549 809 1329 894; baseline -0.004 -22"><span class='ocrx_word' id='word_1_15' title='bbox 549 886 553 894; x_wconf 29' lang='grc' dir='ltr'><strong><em>Ι</em></strong></span> <span class='ocrx_word' id='word_1_16' title='bbox 580 811 707 889; x_wconf 85' lang='lat' dir='ltr'>praefici</span> <span class='ocrx_word' id='word_1_17' title='bbox 730 810 845 886; x_wconf 89' lang='lat' dir='ltr'>dignas</span> <span class='ocrx_word' id='word_1_18' title='bbox 860 809 1030 882; x_wconf 85' lang='lat' dir='ltr'>censearis,</span> <span class='ocrx_word' id='word_1_19' title='bbox 1048 809 1215 887; x_wconf 80' lang='lat' dir='ltr'>ipsamque</span> <span class='ocrx_word' id='word_1_20' title='bbox 1235 809 1329 887; x_wconf 90' lang='lat' dir='ltr'>patri-</span> 
     </span>
     <span class='ocr_line' id='line_1_5' title="bbox 578 902 1329 980; baseline -0.003 -16"><span class='ocrx_word' id='word_1_21' title='bbox 578 903 738 966; x_wconf 90' lang='lat' dir='ltr'>archalem</span> <span class='ocrx_word' id='word_1_22' title='bbox 761 902 928 964; x_wconf 86' lang='lat' dir='ltr'>ecclesiam</span> <span class='ocrx_word' id='word_1_23' title='bbox 949 903 1027 964; x_wconf 91' lang='lat' dir='ltr'>scies</span> <span class='ocrx_word' id='word_1_24' title='bbox 1048 902 1138 964; x_wconf 89' lang='lat' dir='ltr'>voles</span> <span class='ocrx_word' id='word_1_25' title='bbox 1161 909 1193 964; x_wconf 90' lang='lat' dir='ltr'>et</span> <span class='ocrx_word' id='word_1_26' title='bbox 1209 903 1329 980; x_wconf 90' lang='lat' dir='ltr'>poteris</span> 
     </span>
     <span class='ocr_line' id='line_1_6' title="bbox 578 995 1330 1073; baseline -0.001 -15"><span class='ocrx_word' id='word_1_27' title='bbox 578 1005 707 1059; x_wconf 87' lang='lat' dir='ltr'>auctore</span> <span class='ocrx_word' id='word_1_28' title='bbox 730 996 865 1058; x_wconf 89' lang='lat' dir='ltr'>Domino</span> <span class='ocrx_word' id='word_1_29' title='bbox 887 996 1060 1058; x_wconf 81' lang='lat' dir='ltr'>salubriter</span> <span class='ocrx_word' id='word_1_30' title='bbox 1087 1013 1202 1073; x_wconf 87' lang='lat' dir='ltr'>regere</span> <span class='ocrx_word' id='word_1_31' title='bbox 1229 1003 1261 1058; x_wconf 88' lang='lat' dir='ltr'>et</span> <span class='ocrx_word' id='word_1_32' title='bbox 1286 995 1330 1058; x_wconf 91' lang='lat' dir='ltr'>fe-</span> 
     </span>
     <span class='ocr_line' id='line_1_7' title="bbox 578 1089 1330 1166; baseline -0.001 -14"><span class='ocrx_word' id='word_1_33' title='bbox 578 1091 682 1152; x_wconf 90' lang='lat' dir='ltr'>liciter</span> <span class='ocrx_word' id='word_1_34' title='bbox 712 1089 906 1166; x_wconf 89' lang='lat' dir='ltr'>gubernare,</span> <span class='ocrx_word' id='word_1_35' title='bbox 935 1089 1112 1152; x_wconf 80' lang='lat' dir='ltr'>direximus</span> <span class='ocrx_word' id='word_1_36' title='bbox 1143 1090 1252 1152; x_wconf 91' lang='lat' dir='ltr'>oculos</span> <span class='ocrx_word' id='word_1_37' title='bbox 1276 1107 1330 1151; x_wconf 94' lang='lat' dir='ltr'>no-</span> 
     </span>
     <span class='ocr_line' id='line_1_8' title="bbox 578 1183 1329 1260; baseline 0.004 -16"><span class='ocrx_word' id='word_1_38' title='bbox 578 1191 662 1248; x_wconf 87' lang='lat' dir='ltr'>strae</span> <span class='ocrx_word' id='word_1_39' title='bbox 675 1183 803 1246; x_wconf 88' lang='lat' dir='ltr'>inentis.</span> <span class='ocrx_word' id='word_1_40' title='bbox 818 1183 1024 1246; x_wconf 87' lang='lat' dir='ltr'>intendentes</span> <span class='ocrx_word' id='word_1_41' title='bbox 1039 1183 1140 1260; x_wconf 86' lang='lat' dir='ltr'>igitur</span> <span class='ocrx_word' id='word_1_42' title='bbox 1153 1191 1215 1246; x_wconf 90' lang='lat' dir='ltr'>tani</span> <span class='ocrx_word' id='word_1_43' title='bbox 1229 1185 1329 1246; x_wconf 89' lang='lat' dir='ltr'>dictae</span> 
     </span>
    </p>
   </div>
   <div class='ocr_carea' id='block_1_3' title="bbox 578 1275 1363 1356">
    <p class='ocr_par' dir='ltr' id='par_1_3' title="bbox 578 1275 1363 1356">
     <span class='ocr_line' id='line_1_9' title="bbox 578 1275 1363 1356; baseline -0.003 -16"><span class='ocrx_word' id='word_1_44' title='bbox 578 1277 791 1356; x_wconf 88' lang='lat' dir='ltr'>patriarchiali</span> <span class='ocrx_word' id='word_1_45' title='bbox 807 1277 958 1339; x_wconf 89' lang='lat' dir='ltr'>ecclesiae</span> <span class='ocrx_word' id='word_1_46' title='bbox 970 1277 1098 1338; x_wconf 80' lang='lat' dir='ltr'>Ciliciae</span> <span class='ocrx_word' id='word_1_47' title='bbox 1111 1275 1328 1340; x_wconf 81' lang='lat' dir='ltr'>Armenorum</span> <span class='ocrx_word' id='word_1_48' title='bbox 1362 1287 1363 1290; x_wconf 74' lang='grc'>’</span> 
     </span>
    </p>
   </div>
   <div class='ocr_carea' id='block_1_4' title="bbox 574 1370 1329 5386">
    <p class='ocr_par' dir='ltr' id='par_1_4' title="bbox 574 1370 1329 5386">
     <span class='ocr_line' id='line_1_10' title="bbox 578 1370 1329 1450; baseline -0.001 -16"><span class='ocrx_word' id='word_1_49' title='bbox 578 1389 674 1450; x_wconf 92' lang='lat' dir='ltr'>quani</span> <span class='ocrx_word' id='word_1_50' title='bbox 696 1372 764 1434; x_wconf 88' lang='lat' dir='ltr'>eius</span> <span class='ocrx_word' id='word_1_51' title='bbox 787 1371 880 1448; x_wconf 86' lang='lat' dir='ltr'>gregi</span> <span class='ocrx_word' id='word_1_52' title='bbox 896 1371 1055 1432; x_wconf 90' lang='lat' dir='ltr'>dominico</span> <span class='ocrx_word' id='word_1_53' title='bbox 1069 1370 1242 1432; x_wconf 79' lang='lat' dir='ltr'>salubriter</span> <span class='ocrx_word' id='word_1_54' title='bbox 1258 1388 1329 1450; x_wconf 93' lang='lat' dir='ltr'>pro·</span> 
     </span>
     <span class='ocr_line' id='line_1_11' title="bbox 577 1465 1329 1544; baseline 0 -16"><span class='ocrx_word' id='word_1_55' title='bbox 577 1468 811 1543; x_wconf 73' lang='lat' dir='ltr'>videremque</span> <span class='ocrx_word' id='word_1_56' title='bbox 834 1483 849 1526; x_wconf 95' lang='lat' dir='ltr'>a</span> <span class='ocrx_word' id='word_1_57' title='bbox 871 1465 1039 1542; x_wconf 83' lang='lat' dir='ltr'>quibusvis</span> <span class='ocrx_word' id='word_1_58' title='bbox 1060 1465 1279 1544; x_wconf 82' lang='lat' dir='ltr'>suspensionis</span> <span class='ocrx_word' id='word_1_59' title='bbox 1298 1474 1329 1528; x_wconf 92' lang='lat' dir='ltr'>et</span> 
     </span>
     <span class='ocr_line' id='line_1_12' title="bbox 576 1557 1328 1636; baseline -0.001 -14"><span class='ocrx_word' id='word_1_60' title='bbox 576 1560 739 1622; x_wconf 83' lang='lat' dir='ltr'>interdicti</span> <span class='ocrx_word' id='word_1_61' title='bbox 759 1559 892 1636; x_wconf 87' lang='lat' dir='ltr'>aliisque</span> <span class='ocrx_word' id='word_1_62' title='bbox 919 1557 1137 1620; x_wconf 88' lang='lat' dir='ltr'>ecclesiasticis</span> <span class='ocrx_word' id='word_1_63' title='bbox 1159 1561 1328 1622; x_wconf 92' lang='lat' dir='ltr'>sententiis</span> 
     </span>
     <span class='ocr_line' id='line_1_13' title="bbox 578 1652 1328 1732; baseline -0.001 -16"><span class='ocrx_word' id='word_1_64' title='bbox 578 1655 722 1716; x_wconf 86' lang='lat' dir='ltr'>censuris</span> <span class='ocrx_word' id='word_1_65' title='bbox 746 1659 778 1716; x_wconf 91' lang='lat' dir='ltr'>et</span> <span class='ocrx_word' id='word_1_66' title='bbox 799 1653 910 1732; x_wconf 90' lang='lat' dir='ltr'>poenis</span> <span class='ocrx_word' id='word_1_67' title='bbox 932 1669 948 1713; x_wconf 92' lang='lat' dir='ltr'>a</span> <span class='ocrx_word' id='word_1_68' title='bbox 968 1652 1039 1712; x_wconf 88' lang='lat' dir='ltr'>iure</span> <span class='ocrx_word' id='word_1_69' title='bbox 1067 1652 1176 1714; x_wconf 88' lang='lat' dir='ltr'>velab</span> <span class='ocrx_word' id='word_1_70' title='bbox 1196 1653 1328 1716; x_wconf 88' lang='lat' dir='ltr'>homine</span> 
     </span>
     <span class='ocr_line' id='line_1_14' title="bbox 578 1745 1328 1825; baseline -0.004 -15"><span class='ocrx_word' id='word_1_71' title='bbox 578 1747 689 1825; x_wconf 89' lang='lat' dir='ltr'>quavis</span> <span class='ocrx_word' id='word_1_72' title='bbox 706 1748 868 1810; x_wconf 86' lang='lat' dir='ltr'>occasione</span> <span class='ocrx_word' id='word_1_73' title='bbox 885 1745 937 1807; x_wconf 90' lang='lat' dir='ltr'>vel</span> <span class='ocrx_word' id='word_1_74' title='bbox 959 1761 1050 1807; x_wconf 89' lang='lat' dir='ltr'>causa</span> <span class='ocrx_word' id='word_1_75' title='bbox 1069 1745 1149 1816; x_wconf 90' lang='lat' dir='ltr'>fatis,</span> <span class='ocrx_word' id='word_1_76' title='bbox 1168 1747 1328 1824; x_wconf 90' lang='lat' dir='ltr'>siquibus</span> 
     </span>
     <span class='ocr_line' id='line_1_15' title="bbox 578 1839 1328 1917; baseline -0.001 -13"><span class='ocrx_word' id='word_1_77' title='bbox 578 1841 821 1917; x_wconf 78' lang='lat' dir='ltr'>quomodolibet</span> <span class='ocrx_word' id='word_1_78' title='bbox 851 1839 1021 1901; x_wconf 90' lang='lat' dir='ltr'>innodatus</span> <span class='ocrx_word' id='word_1_79' title='bbox 1055 1839 1176 1911; x_wconf 73' lang='lat' dir='ltr'>existis</span> <span class='ocrx_word' id='word_1_80' title='bbox 1204 1841 1328 1903; x_wconf 90' lang='lat' dir='ltr'>adhoc</span> 
     </span>
     <span class='ocr_line' id='line_1_16' title="bbox 578 1933 1328 2012; baseline 0 -15"><span class='ocrx_word' id='word_1_81' title='bbox 578 1937 742 1998; x_wconf 81' lang='lat' dir='ltr'>dumtaxat</span> <span class='ocrx_word' id='word_1_82' title='bbox 756 1941 793 1996; x_wconf 92' lang='grc' dir='ltr'>ιιι</span> <span class='ocrx_word' id='word_1_83' title='bbox 807 1933 982 2006; x_wconf 89' lang='lat' dir='ltr'>translatio,</span> <span class='ocrx_word' id='word_1_84' title='bbox 1004 1933 1144 2010; x_wconf 86' lang='lat' dir='ltr'>provisio</span> <span class='ocrx_word' id='word_1_85' title='bbox 1160 1938 1192 1994; x_wconf 89' lang='lat' dir='ltr'>et</span> <span class='ocrx_word' id='word_1_86' title='bbox 1207 1935 1328 2012; x_wconf 90' lang='lat' dir='ltr'>praefe-</span> 
     </span>
     <span class='ocr_line' id='line_1_17' title="bbox 578 2026 1328 2106; baseline -0.003 -15"><span class='ocrx_word' id='word_1_87' title='bbox 578 2030 639 2092; x_wconf 90' lang='lat' dir='ltr'>ctio</span> <span class='ocrx_word' id='word_1_88' title='bbox 656 2045 713 2106; x_wconf 87' lang='lat' dir='ltr'>per</span> <span class='ocrx_word' id='word_1_89' title='bbox 729 2045 787 2090; x_wconf 90' lang='lat' dir='ltr'>nos</span> <span class='ocrx_word' id='word_1_90' title='bbox 805 2033 839 2089; x_wconf 93' lang='lat' dir='ltr'>ut</span> <span class='ocrx_word' id='word_1_91' title='bbox 854 2026 936 2087; x_wconf 90' lang='lat' dir='ltr'>inira</span> <span class='ocrx_word' id='word_1_92' title='bbox 952 2026 1112 2088; x_wconf 82' lang='lat' dir='ltr'>faciendae</span> <span class='ocrx_word' id='word_1_93' title='bbox 1128 2035 1328 2105; x_wconf 89' lang='lat' dir='ltr'>praesentes-</span> 
     </span>
     <span class='ocr_line' id='line_1_18' title="bbox 577 2120 1327 2200; baseline 0 -16"><span class='ocrx_word' id='word_1_94' title='bbox 577 2139 640 2200; x_wconf 91' lang='lat' dir='ltr'>que</span> <span class='ocrx_word' id='word_1_95' title='bbox 661 2123 787 2186; x_wconf 89' lang='lat' dir='ltr'>litterae</span> <span class='ocrx_word' id='word_1_96' title='bbox 808 2137 903 2183; x_wconf 88' lang='lat' dir='ltr'>suum</span> <span class='ocrx_word' id='word_1_97' title='bbox 927 2121 1033 2182; x_wconf 89' lang='lat' dir='ltr'>debite</span> <span class='ocrx_word' id='word_1_98' title='bbox 1055 2120 1231 2182; x_wconf 91' lang='lat' dir='ltr'>sortiantur</span> <span class='ocrx_word' id='word_1_99' title='bbox 1253 2122 1327 2184; x_wconf 86' lang='lat' dir='ltr'>effe-</span> 
     </span>
     <span class='ocr_line' id='line_1_19' title="bbox 577 2213 1327 2289; baseline -0.004 -9"><span class='ocrx_word' id='word_1_100' title='bbox 577 2225 675 2289; x_wconf 89' lang='lat' dir='ltr'>ctum,</span> <span class='ocrx_word' id='word_1_101' title='bbox 707 2218 821 2278; x_wconf 86' lang='lat' dir='ltr'>hartim</span> <span class='ocrx_word' id='word_1_102' title='bbox 850 2215 934 2276; x_wconf 89' lang='lat' dir='ltr'>serie</span> <span class='ocrx_word' id='word_1_103' title='bbox 960 2213 1163 2276; x_wconf 87' lang='lat' dir='ltr'>absolventes</span> <span class='ocrx_word' id='word_1_104' title='bbox 1186 2221 1218 2276; x_wconf 92' lang='lat' dir='ltr'>et</span> <span class='ocrx_word' id='word_1_105' title='bbox 1238 2216 1327 2278; x_wconf 91' lang='lat' dir='ltr'>ahso-</span> 
     </span>
     <span class='ocr_line' id='line_1_20' title="bbox 577 2307 1327 2380; baseline -0.003 -8"><span class='ocrx_word' id='word_1_106' title='bbox 577 2312 681 2373; x_wconf 90' lang='lat' dir='ltr'>lutum</span> <span class='ocrx_word' id='word_1_107' title='bbox 711 2310 780 2372; x_wconf 91' lang='lat' dir='ltr'>fore</span> <span class='ocrx_word' id='word_1_108' title='bbox 809 2316 988 2380; x_wconf 90' lang='lat' dir='ltr'>censentes,</span> <span class='ocrx_word' id='word_1_109' title='bbox 1013 2325 1046 2370; x_wconf 89' lang='lat' dir='ltr'>ac</span> <span class='ocrx_word' id='word_1_110' title='bbox 1075 2307 1234 2370; x_wconf 90' lang='lat' dir='ltr'>eiusmodi</span> <span class='ocrx_word' id='word_1_111' title='bbox 1264 2309 1327 2370; x_wconf 90' lang='lat' dir='ltr'>cle-</span> 
     </span>
     <span class='ocr_line' id='line_1_21' title="bbox 576 2402 1325 2482; baseline -0.004 -15"><span class='ocrx_word' id='word_1_112' title='bbox 576 2405 717 2467; x_wconf 90' lang='lat' dir='ltr'>ctionem</span> <span class='ocrx_word' id='word_1_113' title='bbox 748 2421 804 2466; x_wconf 88' lang='lat' dir='ltr'>seu</span> <span class='ocrx_word' id='word_1_114' title='bbox 838 2402 1088 2482; x_wconf 87' lang='lat' dir='ltr'>postulationem</span> <span class='ocrx_word' id='word_1_115' title='bbox 1122 2403 1160 2464; x_wconf 91' lang='lat' dir='ltr'>de</span> <span class='ocrx_word' id='word_1_116' title='bbox 1189 2403 1325 2464; x_wconf 89' lang='lat' dir='ltr'>fratrum</span> 
     </span>
     <span class='ocr_line' id='line_1_22' title="bbox 576 2497 1325 2574; baseline -0.003 -14"><span class='ocrx_word' id='word_1_117' title='bbox 576 2499 766 2560; x_wconf 88' lang='lat' dir='ltr'>eorumdem</span> <span class='ocrx_word' id='word_1_118' title='bbox 789 2497 923 2559; x_wconf 93' lang='lat' dir='ltr'>consilio</span> <span class='ocrx_word' id='word_1_119' title='bbox 948 2497 1117 2574; x_wconf 90' lang='lat' dir='ltr'>apostolica</span> <span class='ocrx_word' id='word_1_120' title='bbox 1139 2497 1325 2558; x_wconf 88' lang='lat' dir='ltr'>auctoritate</span> 
     </span>
     <span class='ocr_line' id='line_1_23' title="bbox 576 2591 1327 2671; baseline -0.003 -18"><span class='ocrx_word' id='word_1_121' title='bbox 576 2593 787 2671; x_wconf 88' lang='lat' dir='ltr'>approbantes</span> <span class='ocrx_word' id='word_1_122' title='bbox 803 2597 835 2652; x_wconf 89' lang='lat' dir='ltr'>et</span> <span class='ocrx_word' id='word_1_123' title='bbox 848 2591 1085 2659; x_wconf 87' lang='lat' dir='ltr'>confirmantes,</span> <span class='ocrx_word' id='word_1_124' title='bbox 1101 2605 1278 2666; x_wconf 90' lang='lat' dir='ltr'>omnesque</span> <span class='ocrx_word' id='word_1_125' title='bbox 1295 2597 1327 2651; x_wconf 91' lang='lat' dir='ltr'>et</span> 
     </span>
     <span class='ocr_line' id='line_1_24' title="bbox 575 2684 1325 2764; baseline -0.001 -17"><span class='ocrx_word' id='word_1_126' title='bbox 575 2687 720 2764; x_wconf 85' lang='lat' dir='ltr'>singulos</span> <span class='ocrx_word' id='word_1_127' title='bbox 745 2686 840 2748; x_wconf 89' lang='lat' dir='ltr'>etiam</span> <span class='ocrx_word' id='word_1_128' title='bbox 867 2684 1092 2746; x_wconf 91' lang='lat' dir='ltr'>substantiales</span> <span class='ocrx_word' id='word_1_129' title='bbox 1122 2684 1275 2756; x_wconf 90' lang='lat' dir='ltr'>defectus,</span> <span class='ocrx_word' id='word_1_130' title='bbox 1299 2685 1325 2746; x_wconf 93' lang='lat' dir='ltr'>si</span> 
     </span>
     <span class='ocr_line' id='line_1_25' title="bbox 576 2777 1325 2858; baseline -0.004 -16"><span class='ocrx_word' id='word_1_131' title='bbox 576 2781 631 2858; x_wconf 89' lang='lat' dir='ltr'>qui</span> <span class='ocrx_word' id='word_1_132' title='bbox 653 2781 686 2842; x_wconf 90' lang='lat' dir='ltr'>iu</span> <span class='ocrx_word' id='word_1_133' title='bbox 708 2780 865 2842; x_wconf 86' lang='lat' dir='ltr'>electione</span> <span class='ocrx_word' id='word_1_134' title='bbox 893 2795 951 2840; x_wconf 88' lang='lat' dir='ltr'>scii</span> <span class='ocrx_word' id='word_1_135' title='bbox 981 2777 1194 2857; x_wconf 89' lang='lat' dir='ltr'>postulatione</span> <span class='ocrx_word' id='word_1_136' title='bbox 1217 2777 1325 2839; x_wconf 89' lang='lat' dir='ltr'>huius·</span> 
     </span>
     <span class='ocr_line' id='line_1_26' title="bbox 576 2871 1325 2949; baseline -0.003 -15"><span class='ocrx_word' id='word_1_137' title='bbox 576 2873 662 2935; x_wconf 91' lang='lat' dir='ltr'>modi</span> <span class='ocrx_word' id='word_1_138' title='bbox 684 2871 929 2949; x_wconf 90' lang='lat' dir='ltr'>quomodolibet</span> <span class='ocrx_word' id='word_1_139' title='bbox 950 2871 1198 2942; x_wconf 82' lang='lat' dir='ltr'>intervenerint,</span> <span class='ocrx_word' id='word_1_140' title='bbox 1216 2878 1325 2947; x_wconf 89' lang='lat' dir='ltr'>quate-</span> 
     </span>
     <span class='ocr_line' id='line_1_27' title="bbox 576 2964 1324 3044; baseline -0.004 -15"><span class='ocrx_word' id='word_1_141' title='bbox 576 2984 635 3028; x_wconf 92' lang='lat' dir='ltr'>nus</span> <span class='ocrx_word' id='word_1_142' title='bbox 659 2983 738 3044; x_wconf 90' lang='lat' dir='ltr'>opus</span> <span class='ocrx_word' id='word_1_143' title='bbox 753 2967 803 3037; x_wconf 91' lang='lat' dir='ltr'>sit,</span> <span class='ocrx_word' id='word_1_144' title='bbox 822 2965 932 3027; x_wconf 90' lang='lat' dir='ltr'>eadem</span> <span class='ocrx_word' id='word_1_145' title='bbox 951 2964 1122 3042; x_wconf 89' lang='lat' dir='ltr'>apostolica</span> <span class='ocrx_word' id='word_1_146' title='bbox 1138 2965 1324 3026; x_wconf 88' lang='lat' dir='ltr'>auctoritate</span> 
     </span>
     <span class='ocr_line' id='line_1_28' title="bbox 574 3058 1324 3146; baseline -0.004 -23"><span class='ocrx_word' id='word_1_147' title='bbox 574 3061 761 3146; x_wconf 82' lang='lat' dir='ltr'>supplentes</span> <span class='ocrx_word' id='word_1_148' title='bbox 783 3067 816 3121; x_wconf 91' lang='lat' dir='ltr'>et</span> <span class='ocrx_word' id='word_1_149' title='bbox 836 3065 994 3128; x_wconf 85' lang='lat' dir='ltr'>sanantes,</span> <span class='ocrx_word' id='word_1_150' title='bbox 1013 3059 1099 3120; x_wconf 89' lang='lat' dir='ltr'>iuxta</span> <span class='ocrx_word' id='word_1_151' title='bbox 1120 3058 1285 3120; x_wconf 85' lang='lat' dir='ltr'>decretum</span> <span class='ocrx_word' id='word_1_152' title='bbox 1308 3077 1324 3120; x_wconf 89' lang='lat' dir='ltr'>a</span> 
     </span>
     <span class='ocr_line' id='line_1_29' title="bbox 574 3151 1324 3230; baseline -0.003 -14"><span class='ocrx_word' id='word_1_153' title='bbox 574 3153 833 3230; x_wconf 82' lang='lat' dir='ltr'>Congregatione</span> <span class='ocrx_word' id='word_1_154' title='bbox 849 3151 1039 3214; x_wconf 86' lang='lat' dir='ltr'>eorumdem</span> <span class='ocrx_word' id='word_1_155' title='bbox 1053 3151 1188 3213; x_wconf 88' lang='lat' dir='ltr'>fratruin</span> <span class='ocrx_word' id='word_1_156' title='bbox 1201 3159 1324 3214; x_wconf 89' lang='lat' dir='ltr'>nostro-</span> 
     </span>
     <span class='ocr_line' id='line_1_30' title="bbox 575 3244 1324 3326; baseline -0.003 -18"><span class='ocrx_word' id='word_1_157' title='bbox 575 3264 647 3309; x_wconf 94' lang='lat' dir='ltr'>rum</span> <span class='ocrx_word' id='word_1_158' title='bbox 671 3247 849 3326; x_wconf 89' lang='lat' dir='ltr'>praedictae</span> <span class='ocrx_word' id='word_1_159' title='bbox 872 3245 903 3307; x_wconf 88' lang='lat' dir='ltr'>S.</span> <span class='ocrx_word' id='word_1_160' title='bbox 920 3245 956 3307; x_wconf 85' lang='lat' dir='ltr'>R.</span> <span class='ocrx_word' id='word_1_161' title='bbox 974 3245 1009 3305; x_wconf 85' lang='lat' dir='ltr'>E.</span> <span class='ocrx_word' id='word_1_162' title='bbox 1034 3244 1250 3308; x_wconf 79' lang='lat' dir='ltr'>cardinalium</span> <span class='ocrx_word' id='word_1_163' title='bbox 1270 3261 1324 3306; x_wconf 91' lang='lat' dir='ltr'>ne-</span> 
     </span>
     <span class='ocr_line' id='line_1_31' title="bbox 576 3337 1323 3418; baseline -0.004 -15"><span class='ocrx_word' id='word_1_164' title='bbox 576 3343 670 3418; x_wconf 89' lang='lat' dir='ltr'>gotiis</span> <span class='ocrx_word' id='word_1_165' title='bbox 693 3341 731 3402; x_wconf 89' lang='lat' dir='ltr'>de</span> <span class='ocrx_word' id='word_1_166' title='bbox 753 3340 958 3418; x_wconf 89' lang='lat' dir='ltr'>Propaganda</span> <span class='ocrx_word' id='word_1_167' title='bbox 976 3337 1053 3400; x_wconf 78' lang='lat' dir='ltr'>fide</span> <span class='ocrx_word' id='word_1_168' title='bbox 1069 3339 1323 3418; x_wconf 88' lang='lat' dir='ltr'>praepositorum</span> 
     </span>
     <span class='ocr_line' id='line_1_32' title="bbox 575 3432 1320 3511; baseline -0.004 -14"><span class='ocrx_word' id='word_1_169' title='bbox 575 3441 758 3498; x_wconf 90' lang='lat' dir='ltr'>emanatum</span> <span class='ocrx_word' id='word_1_170' title='bbox 781 3441 813 3496; x_wconf 91' lang='lat' dir='ltr'>et</span> <span class='ocrx_word' id='word_1_171' title='bbox 835 3449 892 3511; x_wconf 90' lang='lat' dir='ltr'>per</span> <span class='ocrx_word' id='word_1_172' title='bbox 915 3449 972 3494; x_wconf 91' lang='lat' dir='ltr'>nos</span> <span class='ocrx_word' id='word_1_173' title='bbox 989 3432 1084 3506; x_wconf 90' lang='lat' dir='ltr'>etiam</span> <span class='ocrx_word' id='word_1_174' title='bbox 1100 3433 1320 3510; x_wconf 90' lang='lat' dir='ltr'>approbatum,</span> 
     </span>
     <span class='ocr_line' id='line_1_33' title="bbox 575 3526 1323 3603; baseline -0.003 -12"><span class='ocrx_word' id='word_1_175' title='bbox 575 3539 617 3602; x_wconf 90' lang='lat' dir='ltr'>te,</span> <span class='ocrx_word' id='word_1_176' title='bbox 631 3530 706 3591; x_wconf 89' lang='lat' dir='ltr'>licet</span> <span class='ocrx_word' id='word_1_177' title='bbox 720 3527 897 3598; x_wconf 86' lang='lat' dir='ltr'>absentem,</span> <span class='ocrx_word' id='word_1_178' title='bbox 912 3545 927 3588; x_wconf 93' lang='lat' dir='ltr'>a</span> <span class='ocrx_word' id='word_1_179' title='bbox 940 3526 1069 3588; x_wconf 92' lang='lat' dir='ltr'>vinculo</span> <span class='ocrx_word' id='word_1_180' title='bbox 1082 3542 1146 3603; x_wconf 90' lang='lat' dir='ltr'>qao</span> <span class='ocrx_word' id='word_1_181' title='bbox 1162 3527 1261 3588; x_wconf 88' lang='lat' dir='ltr'>dictae</span> <span class='ocrx_word' id='word_1_182' title='bbox 1275 3544 1323 3589; x_wconf 91' lang='lat' dir='ltr'>ec-</span> 
     </span>
     <span class='ocr_line' id='line_1_34' title="bbox 574 3621 1321 3699; baseline -0.005 -14"><span class='ocrx_word' id='word_1_183' title='bbox 574 3623 688 3686; x_wconf 89' lang='lat' dir='ltr'>clesiae</span> <span class='ocrx_word' id='word_1_184' title='bbox 710 3621 873 3693; x_wconf 75' lang='lat' dir='ltr'>Amasen,</span> <span class='ocrx_word' id='word_1_185' title='bbox 896 3621 946 3682; x_wconf 90' lang='lat' dir='ltr'>cui</span> <span class='ocrx_word' id='word_1_186' title='bbox 969 3621 1122 3685; x_wconf 90' lang='lat' dir='ltr'>hactenus</span> <span class='ocrx_word' id='word_1_187' title='bbox 1145 3621 1321 3699; x_wconf 84' lang='lat' dir='ltr'>praefuisti,</span> 
     </span>
     <span class='ocr_line' id='line_1_35' title="bbox 575 3714 1323 3793; baseline -0.003 -15"><span class='ocrx_word' id='word_1_188' title='bbox 575 3715 746 3788; x_wconf 91' lang='lat' dir='ltr'>tenebaris,</span> <span class='ocrx_word' id='word_1_189' title='bbox 764 3715 803 3776; x_wconf 88' lang='lat' dir='ltr'>de</span> <span class='ocrx_word' id='word_1_190' title='bbox 818 3714 915 3776; x_wconf 89' lang='lat' dir='ltr'>simili</span> <span class='ocrx_word' id='word_1_191' title='bbox 938 3714 1071 3776; x_wconf 92' lang='lat' dir='ltr'>consilio</span> <span class='ocrx_word' id='word_1_192' title='bbox 1087 3720 1119 3776; x_wconf 89' lang='lat' dir='ltr'>et</span> <span class='ocrx_word' id='word_1_193' title='bbox 1134 3715 1323 3793; x_wconf 88' lang='lat' dir='ltr'>apostolicae</span> 
     </span>
     <span class='ocr_line' id='line_1_36' title="bbox 574 3806 1324 3888; baseline -0.003 -17"><span class='ocrx_word' id='word_1_194' title='bbox 574 3809 738 3888; x_wconf 89' lang='lat' dir='ltr'>potestatis</span> <span class='ocrx_word' id='word_1_195' title='bbox 761 3807 961 3886; x_wconf 89' lang='lat' dir='ltr'>plenitudine</span> <span class='ocrx_word' id='word_1_196' title='bbox 987 3806 1201 3877; x_wconf 84' lang='lat' dir='ltr'>absolventes,</span> <span class='ocrx_word' id='word_1_197' title='bbox 1219 3808 1256 3870; x_wconf 90' lang='lat' dir='ltr'>ad</span> <span class='ocrx_word' id='word_1_198' title='bbox 1279 3809 1324 3870; x_wconf 89' lang='lat' dir='ltr'>di-</span> 
     </span>
     <span class='ocr_line' id='line_1_37' title="bbox 574 3900 1323 3980; baseline -0.004 -15"><span class='ocrx_word' id='word_1_199' title='bbox 574 3909 656 3965; x_wconf 90' lang='lat' dir='ltr'>ctam</span> <span class='ocrx_word' id='word_1_200' title='bbox 678 3900 920 3980; x_wconf 86' lang='lat' dir='ltr'>patriarchalem</span> <span class='ocrx_word' id='word_1_201' title='bbox 944 3900 1109 3962; x_wconf 86' lang='lat' dir='ltr'>ecclesiam</span> <span class='ocrx_word' id='word_1_202' title='bbox 1124 3900 1251 3962; x_wconf 81' lang='lat' dir='ltr'>Ciliciae</span> <span class='ocrx_word' id='word_1_203' title='bbox 1266 3901 1323 3963; x_wconf 87' lang='lat' dir='ltr'>hr-</span> 
     </span>
     <span class='ocr_line' id='line_1_38' title="bbox 575 3995 1323 4075; baseline 0 -17"><span class='ocrx_word' id='word_1_204' title='bbox 575 4012 748 4058; x_wconf 86' lang='lat' dir='ltr'>menoium</span> <span class='ocrx_word' id='word_1_205' title='bbox 771 3995 810 4056; x_wconf 92' lang='lat' dir='ltr'>de</span> <span class='ocrx_word' id='word_1_206' title='bbox 832 3995 963 4056; x_wconf 90' lang='lat' dir='ltr'>consilio</span> <span class='ocrx_word' id='word_1_207' title='bbox 984 4000 1016 4055; x_wconf 91' lang='lat' dir='ltr'>et</span> <span class='ocrx_word' id='word_1_208' title='bbox 1029 3995 1220 4072; x_wconf 83' lang='lat' dir='ltr'>apostolicae</span> <span class='ocrx_word' id='word_1_209' title='bbox 1237 4005 1323 4075; x_wconf 89' lang='lat' dir='ltr'>pote-</span> 
     </span>
     <span class='ocr_line' id='line_1_39' title="bbox 574 4087 1320 4166; baseline 0.003 -17"><span class='ocrx_word' id='word_1_210' title='bbox 574 4091 662 4152; x_wconf 90' lang='lat' dir='ltr'>statis</span> <span class='ocrx_word' id='word_1_211' title='bbox 684 4088 884 4166; x_wconf 89' lang='lat' dir='ltr'>plenitudine</span> <span class='ocrx_word' id='word_1_212' title='bbox 906 4087 1065 4148; x_wconf 87' lang='lat' dir='ltr'>similibus</span> <span class='ocrx_word' id='word_1_213' title='bbox 1087 4087 1320 4162; x_wconf 88' lang='lat' dir='ltr'>transferimus,</span> 
     </span>
     <span class='ocr_line' id='line_1_40' title="bbox 575 4181 1324 4260; baseline 0 -16"><span class='ocrx_word' id='word_1_214' title='bbox 575 4189 672 4260; x_wconf 91' lang='lat' dir='ltr'>teque</span> <span class='ocrx_word' id='word_1_215' title='bbox 693 4182 741 4244; x_wconf 94' lang='lat' dir='ltr'>illi</span> <span class='ocrx_word' id='word_1_216' title='bbox 764 4183 796 4244; x_wconf 93' lang='lat' dir='ltr'>in</span> <span class='ocrx_word' id='word_1_217' title='bbox 825 4181 1038 4243; x_wconf 90' lang='lat' dir='ltr'>Patriaroham</span> <span class='ocrx_word' id='word_1_218' title='bbox 1066 4182 1268 4260; x_wconf 86' lang='lat' dir='ltr'>praeficimus</span> <span class='ocrx_word' id='word_1_219' title='bbox 1292 4191 1324 4244; x_wconf 91' lang='lat' dir='ltr'>et</span> 
     </span>
     <span class='ocr_line' id='line_1_41' title="bbox 575 4276 1323 4356; baseline 0.001 -18"><span class='ocrx_word' id='word_1_220' title='bbox 575 4285 748 4356; x_wconf 91' lang='lat' dir='ltr'>pastorem,</span> <span class='ocrx_word' id='word_1_221' title='bbox 765 4292 886 4347; x_wconf 90' lang='lat' dir='ltr'>curam,</span> <span class='ocrx_word' id='word_1_222' title='bbox 904 4276 1052 4352; x_wconf 83' lang='lat' dir='ltr'>regimen</span> <span class='ocrx_word' id='word_1_223' title='bbox 1075 4281 1107 4336; x_wconf 91' lang='lat' dir='ltr'>et</span> <span class='ocrx_word' id='word_1_224' title='bbox 1125 4277 1323 4339; x_wconf 89' lang='lat' dir='ltr'>administra-</span> 
     </span>
     <span class='ocr_line' id='line_1_42' title="bbox 575 4367 1322 4449; baseline -0.004 -15"><span class='ocrx_word' id='word_1_225' title='bbox 575 4372 696 4434; x_wconf 87' lang='lat' dir='ltr'>tionem</span> <span class='ocrx_word' id='word_1_226' title='bbox 722 4370 819 4449; x_wconf 91' lang='lat' dir='ltr'>ipsias</span> <span class='ocrx_word' id='word_1_227' title='bbox 845 4367 1062 4448; x_wconf 88' lang='lat' dir='ltr'>patriarchalis</span> <span class='ocrx_word' id='word_1_228' title='bbox 1088 4369 1238 4431; x_wconf 89' lang='lat' dir='ltr'>ecclesiae</span> <span class='ocrx_word' id='word_1_229' title='bbox 1266 4371 1322 4432; x_wconf 92' lang='lat' dir='ltr'>tibi</span> 
     </span>
     <span class='ocr_line' id='line_1_43' title="bbox 574 4461 1323 4542; baseline 0 -17"><span class='ocrx_word' id='word_1_230' title='bbox 574 4465 608 4526; x_wconf 93' lang='lat' dir='ltr'>iii</span> <span class='ocrx_word' id='word_1_231' title='bbox 629 4463 848 4542; x_wconf 90' lang='lat' dir='ltr'>spiritualibus</span> <span class='ocrx_word' id='word_1_232' title='bbox 870 4469 903 4524; x_wconf 86' lang='lat' dir='ltr'>et</span> <span class='ocrx_word' id='word_1_233' title='bbox 923 4461 1154 4540; x_wconf 88' lang='lat' dir='ltr'>temporalibus</span> <span class='ocrx_word' id='word_1_234' title='bbox 1181 4463 1323 4542; x_wconf 89' lang='lat' dir='ltr'>plenarie</span> 
     </span>
     <span class='ocr_line' id='line_1_44' title="bbox 575 4555 1322 4632; baseline -0.004 -11"><span class='ocrx_word' id='word_1_235' title='bbox 575 4557 817 4630; x_wconf 85' lang='lat' dir='ltr'>committendo,</span> <span class='ocrx_word' id='word_1_236' title='bbox 842 4557 1042 4632; x_wconf 89' lang='lat' dir='ltr'>liberamque</span> <span class='ocrx_word' id='word_1_237' title='bbox 1064 4555 1119 4618; x_wconf 90' lang='lat' dir='ltr'>tibi</span> <span class='ocrx_word' id='word_1_238' title='bbox 1147 4556 1322 4618; x_wconf 87' lang='lat' dir='ltr'>addictam</span> 
     </span>
     <span class='ocr_line' id='line_1_45' title="bbox 575 4650 1323 4731; baseline -0.003 -17"><span class='ocrx_word' id='word_1_239' title='bbox 575 4651 818 4731; x_wconf 82' lang='lat' dir='ltr'>patriarchalem</span> <span class='ocrx_word' id='word_1_240' title='bbox 842 4650 1008 4712; x_wconf 88' lang='lat' dir='ltr'>ecclesiam</span> <span class='ocrx_word' id='word_1_241' title='bbox 1024 4650 1211 4712; x_wconf 88' lang='lat' dir='ltr'>transeundi</span> <span class='ocrx_word' id='word_1_242' title='bbox 1227 4650 1323 4712; x_wconf 86' lang='lat' dir='ltr'>licen-</span> 
     </span>
     <span class='ocr_line' id='line_1_46' title="bbox 576 4743 1324 4822; baseline 0.001 -15"><span class='ocrx_word' id='word_1_243' title='bbox 576 4747 651 4808; x_wconf 89' lang='lat' dir='ltr'>tiam</span> <span class='ocrx_word' id='word_1_244' title='bbox 673 4745 855 4814; x_wconf 87' lang='lat' dir='ltr'>tribuendo,</span> <span class='ocrx_word' id='word_1_245' title='bbox 871 4744 903 4806; x_wconf 95' lang='lat' dir='ltr'>in</span> <span class='ocrx_word' id='word_1_246' title='bbox 924 4744 981 4806; x_wconf 93' lang='lat' dir='ltr'>illo</span> <span class='ocrx_word' id='word_1_247' title='bbox 1004 4743 1058 4822; x_wconf 93' lang='lat' dir='ltr'>qui</span> <span class='ocrx_word' id='word_1_248' title='bbox 1082 4744 1133 4806; x_wconf 88' lang='lat' dir='ltr'>dat</span> <span class='ocrx_word' id='word_1_249' title='bbox 1154 4745 1269 4821; x_wconf 79' lang='lat' dir='ltr'>gratias</span> <span class='ocrx_word' id='word_1_250' title='bbox 1292 4753 1324 4808; x_wconf 90' lang='lat' dir='ltr'>et</span> 
     </span>
     <span class='ocr_line' id='line_1_47' title="bbox 575 4839 1323 4918; baseline -0.001 -16"><span class='ocrx_word' id='word_1_251' title='bbox 575 4840 711 4917; x_wconf 89' lang='lat' dir='ltr'>largitur</span> <span class='ocrx_word' id='word_1_252' title='bbox 740 4839 879 4918; x_wconf 91' lang='lat' dir='ltr'>praemia</span> <span class='ocrx_word' id='word_1_253' title='bbox 907 4839 1117 4911; x_wconf 86' lang='lat' dir='ltr'>confidentes,</span> <span class='ocrx_word' id='word_1_254' title='bbox 1141 4839 1226 4915; x_wconf 89' lang='lat' dir='ltr'>quod</span> <span class='ocrx_word' id='word_1_255' title='bbox 1249 4840 1323 4902; x_wconf 91' lang='lat' dir='ltr'>diri-</span> 
     </span>
     <span class='ocr_line' id='line_1_48' title="bbox 577 4931 1323 5010; baseline -0.001 -14"><span class='ocrx_word' id='word_1_256' title='bbox 577 4941 673 5010; x_wconf 80' lang='lat' dir='ltr'>gente</span> <span class='ocrx_word' id='word_1_257' title='bbox 695 4932 830 4994; x_wconf 90' lang='lat' dir='ltr'>Domino</span> <span class='ocrx_word' id='word_1_258' title='bbox 852 4938 938 4994; x_wconf 88' lang='lat' dir='ltr'>actus</span> <span class='ocrx_word' id='word_1_259' title='bbox 962 4938 1033 4993; x_wconf 83' lang='lat' dir='ltr'>taos</span> <span class='ocrx_word' id='word_1_260' title='bbox 1055 4931 1119 5010; x_wconf 91' lang='lat' dir='ltr'>ipsa</span> <span class='ocrx_word' id='word_1_261' title='bbox 1135 4932 1323 5010; x_wconf 90' lang='lat' dir='ltr'>patriarcha·</span> 
     </span>
     <span class='ocr_line' id='line_1_49' title="bbox 576 5025 1324 5101; baseline 0.001 -14"><span class='ocrx_word' id='word_1_262' title='bbox 576 5027 614 5088; x_wconf 92' lang='lat' dir='ltr'>lis</span> <span class='ocrx_word' id='word_1_263' title='bbox 647 5025 778 5088; x_wconf 87' lang='lat' dir='ltr'>ecclesia</span> <span class='ocrx_word' id='word_1_264' title='bbox 815 5025 874 5088; x_wconf 89' lang='lat' dir='ltr'>sab</span> <span class='ocrx_word' id='word_1_265' title='bbox 897 5031 952 5086; x_wconf 91' lang='lat' dir='ltr'>tuo</span> <span class='ocrx_word' id='word_1_266' title='bbox 981 5025 1065 5087; x_wconf 90' lang='lat' dir='ltr'>felici</span> <span class='ocrx_word' id='word_1_267' title='bbox 1093 5026 1252 5101; x_wconf 77' lang='lat' dir='ltr'>gubernio</span> <span class='ocrx_word' id='word_1_268' title='bbox 1275 5043 1324 5089; x_wconf 89' lang='lat' dir='ltr'>re·</span> 
     </span>
     <span class='ocr_line' id='line_1_50' title="bbox 577 5118 1323 5196; baseline 0.003 -16"><span class='ocrx_word' id='word_1_269' title='bbox 577 5125 671 5196; x_wconf 86' lang='lat' dir='ltr'>geter</span> <span class='ocrx_word' id='word_1_270' title='bbox 703 5119 826 5180; x_wconf 86' lang='lat' dir='ltr'>utiliter</span> <span class='ocrx_word' id='word_1_271' title='bbox 856 5125 887 5180; x_wconf 90' lang='lat' dir='ltr'>et</span> <span class='ocrx_word' id='word_1_272' title='bbox 916 5133 1069 5196; x_wconf 90' lang='lat' dir='ltr'>prospere</span> <span class='ocrx_word' id='word_1_273' title='bbox 1102 5118 1261 5195; x_wconf 84' lang='lat' dir='ltr'>dirigetur</span> <span class='ocrx_word' id='word_1_274' title='bbox 1289 5137 1323 5182; x_wconf 93' lang='lat' dir='ltr'>ac</span> 
     </span>
     <span class='ocr_line' id='line_1_51' title="bbox 577 5212 1323 5291; baseline 0 -16"><span class='ocrx_word' id='word_1_275' title='bbox 577 5220 664 5291; x_wconf 89' lang='lat' dir='ltr'>grata</span> <span class='ocrx_word' id='word_1_276' title='bbox 685 5214 718 5275; x_wconf 96' lang='lat' dir='ltr'>in</span> <span class='ocrx_word' id='word_1_277' title='bbox 740 5214 861 5276; x_wconf 88' lang='lat' dir='ltr'>eisdem</span> <span class='ocrx_word' id='word_1_278' title='bbox 881 5212 1100 5291; x_wconf 90' lang='lat' dir='ltr'>spiritualibus</span> <span class='ocrx_word' id='word_1_279' title='bbox 1116 5229 1150 5274; x_wconf 91' lang='lat' dir='ltr'>ac</span> <span class='ocrx_word' id='word_1_280' title='bbox 1165 5219 1323 5291; x_wconf 89' lang='lat' dir='ltr'>tempora-</span> 
     </span>
     <span class='ocr_line' id='line_1_52' title="bbox 575 5307 1060 5386; baseline -0.006 -17"><span class='ocrx_word' id='word_1_281' title='bbox 575 5308 657 5370; x_wconf 91' lang='lat' dir='ltr'>libus</span> <span class='ocrx_word' id='word_1_282' title='bbox 679 5307 830 5386; x_wconf 87' lang='lat' dir='ltr'>suscipiet</span> <span class='ocrx_word' id='word_1_283' title='bbox 851 5307 1060 5368; x_wconf 89' lang='lat' dir='ltr'>incrementa.</span> 
     </span>
    </p>
   </div>
   <div class='ocr_carea' id='block_1_5' title="bbox 366 5399 1323 5481">
    <p class='ocr_par' dir='ltr' id='par_1_5' title="bbox 366 5399 1323 5481">
     <span class='ocr_line' id='line_1_53' title="bbox 366 5399 1323 5481; baseline 0.006 -23"><span class='ocrx_word' id='word_1_284' title='bbox 366 5411 555 5458; x_wconf 73' lang='lat' dir='ltr'>rairaarcnaius</span> <span class='ocrx_word' id='word_1_285' title='bbox 615 5405 634 5478; x_wconf 66' lang='lat' dir='ltr'>g</span> <span class='ocrx_word' id='word_1_286' title='bbox 655 5403 684 5464; x_wconf 76' lang='lat'>2.</span> <span class='ocrx_word' id='word_1_287' title='bbox 708 5401 860 5475; x_wconf 87' lang='lat' dir='ltr'>Quocirca</span> <span class='ocrx_word' id='word_1_288' title='bbox 882 5399 1072 5461; x_wconf 83' lang='lat' dir='ltr'>fraternitati</span> <span class='ocrx_word' id='word_1_289' title='bbox 1092 5406 1164 5462; x_wconf 90' lang='lat' dir='ltr'>tuae</span> <span class='ocrx_word' id='word_1_290' title='bbox 1180 5417 1236 5480; x_wconf 91' lang='lat' dir='ltr'>per</span> <span class='ocrx_word' id='word_1_291' title='bbox 1252 5419 1323 5481; x_wconf 92' lang='lat' dir='ltr'>apo-</span> 
     </span>
    </p>
   </div>
   <div class='ocr_carea' id='block_1_6' title="bbox 342 5467 1324 5573">
    <p class='ocr_par' dir='ltr' id='par_1_6' title="bbox 342 5467 1324 5573">
     <span class='ocr_line' id='line_1_54' title="bbox 342 5467 1324 5573; baseline -0.001 -14"><span class='ocrx_word' id='word_1_292' title='bbox 342 5467 553 5567; x_wconf 46' lang='lat' dir='ltr'>ssssssfiffiiafi¹2¹f³⁰¹</span> <span class='ocrx_word' id='word_1_293' title='bbox 575 5495 685 5558; x_wconf 89' lang='lat' dir='ltr'>stolica</span> <span class='ocrx_word' id='word_1_294' title='bbox 713 5494 828 5573; x_wconf 89' lang='lat' dir='ltr'>scripta</span> <span class='ocrx_word' id='word_1_295' title='bbox 858 5493 1055 5566; x_wconf 91' lang='lat' dir='ltr'>mandamus,</span> <span class='ocrx_word' id='word_1_296' title='bbox 1087 5501 1254 5570; x_wconf 88' lang='lat' dir='ltr'>quatenus,</span> <span class='ocrx_word' id='word_1_297' title='bbox 1286 5497 1324 5558; x_wconf 92' lang='lat' dir='ltr'>ad</span> 
     </span>
    </p>
   </div>
   <div class='ocr_carea' id='block_1_7' title="bbox 575 5587 1324 5854">
    <p class='ocr_par' dir='ltr' id='par_1_7' title="bbox 575 5587 1324 5854">
     <span class='ocr_line' id='line_1_55' title="bbox 575 5587 1323 5668; baseline 0.009 -18"><span class='ocrx_word' id='word_1_298' title='bbox 575 5589 746 5668; x_wconf 88' lang='lat' dir='ltr'>praefatam</span> <span class='ocrx_word' id='word_1_299' title='bbox 778 5587 1022 5666; x_wconf 86' lang='lat' dir='ltr'>patriarchalem</span> <span class='ocrx_word' id='word_1_300' title='bbox 1055 5589 1220 5651; x_wconf 89' lang='lat' dir='ltr'>ecclesiam</span> <span class='ocrx_word' id='word_1_301' title='bbox 1250 5605 1323 5657; x_wconf 87' lang='lat' dir='ltr'>cum</span> 
     </span>
     <span class='ocr_line' id='line_1_56' title="bbox 576 5681 1324 5760; baseline 0.001 -15"><span class='ocrx_word' id='word_1_302' title='bbox 576 5684 675 5760; x_wconf 86' lang='lat' dir='ltr'>gratia</span> <span class='ocrx_word' id='word_1_303' title='bbox 696 5690 824 5745; x_wconf 88' lang='lat' dir='ltr'>nostrae</span> <span class='ocrx_word' id='word_1_304' title='bbox 840 5681 1072 5744; x_wconf 90' lang='lat' dir='ltr'>benedictionis</span> <span class='ocrx_word' id='word_1_305' title='bbox 1088 5684 1250 5755; x_wconf 85' lang='lat' dir='ltr'>accedens,</span> <span class='ocrx_word' id='word_1_306' title='bbox 1271 5701 1324 5746; x_wconf 92' lang='lat' dir='ltr'>cu·</span> 
     </span>
     <span class='ocr_line' id='line_1_57' title="bbox 575 5775 1324 5854; baseline 0.001 -16"><span class='ocrx_word' id='word_1_307' title='bbox 575 5794 643 5840; x_wconf 93' lang='lat' dir='ltr'>rani</span> <span class='ocrx_word' id='word_1_308' title='bbox 667 5784 698 5839; x_wconf 91' lang='lat' dir='ltr'>et</span> <span class='ocrx_word' id='word_1_309' title='bbox 719 5775 1027 5838; x_wconf 87' lang='lat' dir='ltr'>administrationem</span> <span class='ocrx_word' id='word_1_310' title='bbox 1051 5775 1204 5854; x_wconf 90' lang='lat' dir='ltr'>praefatas</span> <span class='ocrx_word' id='word_1_311' title='bbox 1227 5777 1271 5838; x_wconf 89' lang='lat' dir='ltr'>sio</span> <span class='ocrx_word' id='word_1_312' title='bbox 1293 5794 1324 5839; x_wconf 91' lang='lat' dir='ltr'>e-</span> 
     </span>
    </p>
   </div>
   <div class='ocr_carea' id='block_1_8' title="bbox 575 5869 1324 5950">
    <p class='ocr_par' dir='ltr' id='par_1_8' title="bbox 575 5869 1324 5950">
     <span class='ocr_line' id='line_1_58' title="bbox 575 5869 1324 5950; baseline -0.005 -15"><span class='ocrx_word' id='word_1_313' title='bbox 575 5888 710 5935; x_wconf 89' lang='lat' dir='ltr'>xercere</span> <span class='ocrx_word' id='word_1_314' title='bbox 732 5870 860 5933; x_wconf 90' lang='lat' dir='ltr'>studeas</span> <span class='ocrx_word' id='word_1_315' title='bbox 881 5869 1027 5944; x_wconf 89' lang='lat' dir='ltr'>sollicite,</span> <span class='ocrx_word' id='word_1_316' title='bbox 1045 5870 1184 5932; x_wconf 86' lang='lat' dir='ltr'>fideliter</span> <span class='ocrx_word' id='word_1_317' title='bbox 1200 5877 1232 5933; x_wconf 88' lang='lat' dir='ltr'>et</span> <span class='ocrx_word' id='word_1_318' title='bbox 1250 5885 1324 5950; x_wconf 90' lang='lat' dir='ltr'>pru-</span> 
     </span>
    </p>
   </div>
   <div class='ocr_carea' id='block_1_9' title="bbox 1053 477 1601 550">
    <p class='ocr_par' dir='ltr' id='par_1_9' title="bbox 1053 477 1601 550">
     <span class='ocr_line' id='line_1_59' title="bbox 1053 477 1601 550; baseline 0 -2"><span class='ocrx_word' id='word_1_319' title='bbox 1053 477 1061 494; x_wconf 87' lang='lat'><strong><em>‘</em></strong></span> <span class='ocrx_word' id='word_1_320' title='bbox 1099 502 1165 548; x_wconf 88' lang='lat' dir='ltr'>inii.</span> <span class='ocrx_word' id='word_1_321' title='bbox 1190 499 1281 547; x_wconf 86' lang='lat' dir='ltr'>rour.</span> <span class='ocrx_word' id='word_1_322' title='bbox 1306 502 1346 548; x_wconf 84' lang='lat' dir='ltr'>os</span> <span class='ocrx_word' id='word_1_323' title='bbox 1368 502 1397 546; x_wconf 87' lang='lat' dir='ltr'>r.</span> <span class='ocrx_word' id='word_1_324' title='bbox 1422 501 1451 547; x_wconf 84' lang='lat' dir='ltr'>r.</span> <span class='ocrx_word' id='word_1_325' title='bbox 1476 501 1559 550; x_wconf 85' lang='lat' dir='ltr'>iaus</span> <span class='ocrx_word' id='word_1_326' title='bbox 1580 503 1601 548; x_wconf 96' lang='lat' dir='ltr'>i.</span> 
     </span>
    </p>
   </div>
   <div class='ocr_carea' id='block_1_10' title="bbox 1380 620 2139 2850">
    <p class='ocr_par' dir='ltr' id='par_1_10' title="bbox 1380 620 2139 2850">
     <span class='ocr_line' id='line_1_60' title="bbox 1385 620 2135 701; baseline 0 -20"><span class='ocrx_word' id='word_1_327' title='bbox 1385 620 1511 692; x_wconf 90' lang='lat' dir='ltr'>denter,</span> <span class='ocrx_word' id='word_1_328' title='bbox 1529 622 1614 698; x_wconf 89' lang='lat' dir='ltr'>quod</span> <span class='ocrx_word' id='word_1_329' title='bbox 1637 621 1754 683; x_wconf 84' lang='lat' dir='ltr'>exinde</span> <span class='ocrx_word' id='word_1_330' title='bbox 1775 621 1893 701; x_wconf 86' lang='lat' dir='ltr'>sperati</span> <span class='ocrx_word' id='word_1_331' title='bbox 1916 620 2042 684; x_wconf 88' lang='lat' dir='ltr'>fructus</span> <span class='ocrx_word' id='word_1_332' title='bbox 2066 636 2135 699; x_wconf 92' lang='lat' dir='ltr'>pro-</span> 
     </span>
     <span class='ocr_line' id='line_1_61' title="bbox 1386 715 2136 787; baseline 0.007 -15"><span class='ocrx_word' id='word_1_333' title='bbox 1386 715 1525 787; x_wconf 88' lang='lat' dir='ltr'>veniant,</span> <span class='ocrx_word' id='word_1_334' title='bbox 1543 733 1577 778; x_wconf 89' lang='lat' dir='ltr'>ac</span> <span class='ocrx_word' id='word_1_335' title='bbox 1599 723 1669 778; x_wconf 90' lang='lat' dir='ltr'>tuae</span> <span class='ocrx_word' id='word_1_336' title='bbox 1685 716 1787 778; x_wconf 89' lang='lat' dir='ltr'>bonae</span> <span class='ocrx_word' id='word_1_337' title='bbox 1803 715 1904 778; x_wconf 89' lang='lat' dir='ltr'>famae</span> <span class='ocrx_word' id='word_1_338' title='bbox 1920 717 1999 778; x_wconf 90' lang='lat' dir='ltr'>odor</span> <span class='ocrx_word' id='word_1_339' title='bbox 2016 733 2057 778; x_wconf 89' lang='lat' dir='ltr'>ex</span> <span class='ocrx_word' id='word_1_340' title='bbox 2073 718 2136 779; x_wconf 90' lang='lat' dir='ltr'>tuis</span> 
     </span>
     <span class='ocr_line' id='line_1_62' title="bbox 1385 809 2134 882; baseline 0.003 -12"><span class='ocrx_word' id='word_1_341' title='bbox 1385 809 1594 872; x_wconf 86' lang='lat' dir='ltr'>laudabilibus</span> <span class='ocrx_word' id='word_1_342' title='bbox 1632 811 1752 873; x_wconf 87' lang='lat' dir='ltr'>actibus</span> <span class='ocrx_word' id='word_1_343' title='bbox 1784 810 1879 872; x_wconf 89' lang='lat' dir='ltr'>latius</span> <span class='ocrx_word' id='word_1_344' title='bbox 1918 811 2134 882; x_wconf 84' lang='lat' dir='ltr'>diffundatur,</span> 
     </span>
     <span class='ocr_line' id='line_1_63' title="bbox 1385 903 2136 982; baseline 0.001 -19"><span class='ocrx_word' id='word_1_345' title='bbox 1385 903 1514 980; x_wconf 89' lang='lat' dir='ltr'>ipsaque</span> <span class='ocrx_word' id='word_1_346' title='bbox 1534 903 1751 982; x_wconf 90' lang='lat' dir='ltr'>patriarchalis</span> <span class='ocrx_word' id='word_1_347' title='bbox 1776 904 1909 966; x_wconf 89' lang='lat' dir='ltr'>ccclesia</span> <span class='ocrx_word' id='word_1_348' title='bbox 1925 905 2136 981; x_wconf 87' lang='lat' dir='ltr'>gubernatori</span> 
     </span>
     <span class='ocr_line' id='line_1_64' title="bbox 1385 998 2137 1075; baseline 0.003 -17"><span class='ocrx_word' id='word_1_349' title='bbox 1385 998 1519 1075; x_wconf 91' lang='lat' dir='ltr'>provido</span> <span class='ocrx_word' id='word_1_350' title='bbox 1541 1015 1575 1060; x_wconf 91' lang='lat' dir='ltr'>ac</span> <span class='ocrx_word' id='word_1_351' title='bbox 1597 998 1763 1061; x_wconf 87' lang='lat' dir='ltr'>fructuoso</span> <span class='ocrx_word' id='word_1_352' title='bbox 1785 998 2038 1060; x_wconf 86' lang='lat' dir='ltr'>administratori</span> <span class='ocrx_word' id='word_1_353' title='bbox 2063 1015 2137 1075; x_wconf 88' lang='lat' dir='ltr'>gau-</span> 
     </span>
     <span class='ocr_line' id='line_1_65' title="bbox 1386 1091 2137 1170; baseline 0.001 -19"><span class='ocrx_word' id='word_1_354' title='bbox 1386 1091 1458 1153; x_wconf 88' lang='lat' dir='ltr'>deat</span> <span class='ocrx_word' id='word_1_355' title='bbox 1477 1108 1510 1152; x_wconf 90' lang='lat' dir='ltr'>se</span> <span class='ocrx_word' id='word_1_356' title='bbox 1533 1092 1747 1164; x_wconf 87' lang='lat' dir='ltr'>commissam,</span> <span class='ocrx_word' id='word_1_357' title='bbox 1766 1099 1866 1170; x_wconf 90' lang='lat' dir='ltr'>tuque</span> <span class='ocrx_word' id='word_1_358' title='bbox 1889 1101 2018 1170; x_wconf 89' lang='lat' dir='ltr'>praeter</span> <span class='ocrx_word' id='word_1_359' title='bbox 2036 1101 2137 1154; x_wconf 89' lang='lat' dir='ltr'>aeter-</span> 
     </span>
     <span class='ocr_line' id='line_1_66' title="bbox 1385 1185 2139 1264; baseline 0 -18"><span class='ocrx_word' id='word_1_360' title='bbox 1385 1201 1443 1247; x_wconf 88' lang='lat' dir='ltr'>nae</span> <span class='ocrx_word' id='word_1_361' title='bbox 1473 1185 1695 1248; x_wconf 89' lang='lat' dir='ltr'>retributionis</span> <span class='ocrx_word' id='word_1_362' title='bbox 1725 1187 1904 1264; x_wconf 87' lang='lat' dir='ltr'>praemium</span> <span class='ocrx_word' id='word_1_363' title='bbox 1934 1193 2079 1247; x_wconf 88' lang='lat' dir='ltr'>nostram</span> <span class='ocrx_word' id='word_1_364' title='bbox 2107 1191 2139 1246; x_wconf 90' lang='lat' dir='ltr'>et</span> 
     </span>
     <span class='ocr_line' id='line_1_67' title="bbox 1386 1279 2137 1356; baseline -0.001 -16"><span class='ocrx_word' id='word_1_365' title='bbox 1386 1279 1486 1341; x_wconf 89' lang='lat' dir='ltr'>dictae</span> <span class='ocrx_word' id='word_1_366' title='bbox 1506 1280 1591 1342; x_wconf 89' lang='lat' dir='ltr'>sedis</span> <span class='ocrx_word' id='word_1_367' title='bbox 1606 1279 1865 1342; x_wconf 90' lang='lat' dir='ltr'>benedictionem</span> <span class='ocrx_word' id='word_1_368' title='bbox 1882 1285 1914 1340; x_wconf 89' lang='lat' dir='ltr'>et</span> <span class='ocrx_word' id='word_1_369' title='bbox 1930 1279 2066 1356; x_wconf 89' lang='lat' dir='ltr'>gratiani</span> <span class='ocrx_word' id='word_1_370' title='bbox 2084 1295 2137 1340; x_wconf 89' lang='lat' dir='ltr'>ex-</span> 
     </span>
     <span class='ocr_line' id='line_1_68' title="bbox 1384 1372 2136 1450; baseline 0 -17"><span class='ocrx_word' id='word_1_371' title='bbox 1384 1373 1459 1434; x_wconf 91' lang='lat' dir='ltr'>inde</span> <span class='ocrx_word' id='word_1_372' title='bbox 1481 1373 1613 1436; x_wconf 84' lang='lat' dir='ltr'>oberius</span> <span class='ocrx_word' id='word_1_373' title='bbox 1635 1373 1788 1450; x_wconf 90' lang='lat' dir='ltr'>consequi</span> <span class='ocrx_word' id='word_1_374' title='bbox 1803 1372 1976 1447; x_wconf 88' lang='lat' dir='ltr'>merearis;</span> <span class='ocrx_word' id='word_1_375' title='bbox 1995 1388 2136 1434; x_wconf 88' lang='lat' dir='ltr'>necnon</span> 
     </span>
     <span class='ocr_line' id='line_1_69' title="bbox 1385 1465 2138 1542; baseline 0 -16"><span class='ocrx_word' id='word_1_376' title='bbox 1385 1467 1624 1528; x_wconf 90' lang='lat' dir='ltr'>venerabilibus</span> <span class='ocrx_word' id='word_1_377' title='bbox 1653 1466 1804 1528; x_wconf 90' lang='lat' dir='ltr'>fratribus</span> <span class='ocrx_word' id='word_1_378' title='bbox 1834 1465 1953 1528; x_wconf 88' lang='lat' dir='ltr'>nostris</span> <span class='ocrx_word' id='word_1_379' title='bbox 1981 1467 2138 1542; x_wconf 87' lang='lat' dir='ltr'>suffraga-</span> 
     </span>
     <span class='ocr_line' id='line_1_70' title="bbox 1384 1559 2138 1622; baseline -0.003 0"><span class='ocrx_word' id='word_1_380' title='bbox 1384 1561 1453 1622; x_wconf 90' lang='lat' dir='ltr'>neis</span> <span class='ocrx_word' id='word_1_381' title='bbox 1473 1561 1660 1622; x_wconf 87' lang='lat' dir='ltr'>orthodoxis</span> <span class='ocrx_word' id='word_1_382' title='bbox 1675 1577 1709 1622; x_wconf 92' lang='lat' dir='ltr'>ao</span> <span class='ocrx_word' id='word_1_383' title='bbox 1724 1560 1848 1622; x_wconf 88' lang='lat' dir='ltr'>dilectis</span> <span class='ocrx_word' id='word_1_384' title='bbox 1864 1560 1959 1621; x_wconf 88' lang='lat' dir='ltr'>etiarn</span> <span class='ocrx_word' id='word_1_385' title='bbox 1975 1559 2050 1620; x_wconf 91' lang='lat' dir='ltr'>tiliis</span> <span class='ocrx_word' id='word_1_386' title='bbox 2070 1575 2138 1620; x_wconf 90' lang='lat' dir='ltr'>vas-</span> 
     </span>
     <span class='ocr_line' id='line_1_71' title="bbox 1384 1653 2137 1731; baseline 0.001 -18"><span class='ocrx_word' id='word_1_387' title='bbox 1384 1654 1469 1715; x_wconf 92' lang='lat' dir='ltr'>sallis</span> <span class='ocrx_word' id='word_1_388' title='bbox 1486 1653 1585 1715; x_wconf 88' lang='lat' dir='ltr'>dictae</span> <span class='ocrx_word' id='word_1_389' title='bbox 1598 1653 1814 1731; x_wconf 91' lang='lat' dir='ltr'>patriarchalis</span> <span class='ocrx_word' id='word_1_390' title='bbox 1830 1653 1981 1716; x_wconf 90' lang='lat' dir='ltr'>ecclesiae</span> <span class='ocrx_word' id='word_1_391' title='bbox 1996 1670 2032 1715; x_wconf 90' lang='lat' dir='ltr'>ac</span> <span class='ocrx_word' id='word_1_392' title='bbox 2048 1653 2137 1714; x_wconf 90' lang='lat' dir='ltr'>clero</span> 
     </span>
     <span class='ocr_line' id='line_1_72' title="bbox 1384 1745 2138 1826; baseline -0.001 -17"><span class='ocrx_word' id='word_1_393' title='bbox 1384 1753 1416 1809; x_wconf 93' lang='lat' dir='ltr'>et</span> <span class='ocrx_word' id='word_1_394' title='bbox 1435 1747 1553 1825; x_wconf 91' lang='lat' dir='ltr'>populo</span> <span class='ocrx_word' id='word_1_395' title='bbox 1569 1747 1626 1826; x_wconf 91' lang='lat' dir='ltr'>ipsi</span> <span class='ocrx_word' id='word_1_396' title='bbox 1644 1746 1845 1825; x_wconf 90' lang='lat' dir='ltr'>patriarchali</span> <span class='ocrx_word' id='word_1_397' title='bbox 1861 1745 2014 1808; x_wconf 90' lang='lat' dir='ltr'>ecclesiae</span> <span class='ocrx_word' id='word_1_398' title='bbox 2030 1746 2138 1808; x_wconf 92' lang='lat' dir='ltr'>subie-</span> 
     </span>
     <span class='ocr_line' id='line_1_73' title="bbox 1383 1835 2138 1920; baseline -0.003 -18"><span class='ocrx_word' id='word_1_399' title='bbox 1383 1835 1440 1904; x_wconf 84' lang='lat' dir='ltr'>ct&#39;is</span> <span class='ocrx_word' id='word_1_400' title='bbox 1466 1857 1523 1920; x_wconf 89' lang='lat' dir='ltr'>per</span> <span class='ocrx_word' id='word_1_401' title='bbox 1544 1840 1715 1920; x_wconf 91' lang='lat' dir='ltr'>apostolica</span> <span class='ocrx_word' id='word_1_402' title='bbox 1736 1840 1853 1918; x_wconf 91' lang='lat' dir='ltr'>scripta</span> <span class='ocrx_word' id='word_1_403' title='bbox 1875 1839 2077 1908; x_wconf 85' lang='lat' dir='ltr'>mandamus,</span> <span class='ocrx_word' id='word_1_404' title='bbox 2102 1845 2138 1900; x_wconf 90' lang='lat' dir='ltr'>ut</span> 
     </span>
     <span class='ocr_line' id='line_1_74' title="bbox 1381 1931 2137 2012; baseline -0.005 -16"><span class='ocrx_word' id='word_1_405' title='bbox 1381 1935 1573 2012; x_wconf 85' lang='lat' dir='ltr'>siillraganei</span> <span class='ocrx_word' id='word_1_406' title='bbox 1594 1934 1651 1997; x_wconf 91' lang='lat' dir='ltr'>tibi</span> <span class='ocrx_word' id='word_1_407' title='bbox 1680 1941 1842 2011; x_wconf 90' lang='lat' dir='ltr'>tamquam</span> <span class='ocrx_word' id='word_1_408' title='bbox 1872 1933 2018 1994; x_wconf 89' lang='lat' dir='ltr'>membra</span> <span class='ocrx_word' id='word_1_409' title='bbox 2041 1931 2137 2010; x_wconf 90' lang='lat' dir='ltr'>capiti</span> 
     </span>
     <span class='ocr_line' id='line_1_75' title="bbox 1384 2026 2136 2105; baseline -0.005 -16"><span class='ocrx_word' id='word_1_410' title='bbox 1384 2029 1596 2105; x_wconf 89' lang='lat' dir='ltr'>obsequentes</span> <span class='ocrx_word' id='word_1_411' title='bbox 1625 2027 1798 2090; x_wconf 90' lang='lat' dir='ltr'>exhibeant</span> <span class='ocrx_word' id='word_1_412' title='bbox 1830 2026 1886 2088; x_wconf 90' lang='lat' dir='ltr'>tibi</span> <span class='ocrx_word' id='word_1_413' title='bbox 1916 2026 2136 2088; x_wconf 86' lang='lat' dir='ltr'>obedientiam</span> 
     </span>
     <span class='ocr_line' id='line_1_76' title="bbox 1383 2119 2135 2196; baseline -0.004 -13"><span class='ocrx_word' id='word_1_414' title='bbox 1383 2129 1415 2183; x_wconf 87' lang='lat' dir='ltr'>et</span> <span class='ocrx_word' id='word_1_415' title='bbox 1427 2122 1644 2184; x_wconf 88' lang='lat' dir='ltr'>reverentiam</span> <span class='ocrx_word' id='word_1_416' title='bbox 1657 2119 1778 2184; x_wconf 87' lang='lat' dir='ltr'>debitas</span> <span class='ocrx_word' id='word_1_417' title='bbox 1795 2126 1827 2181; x_wconf 91' lang='lat' dir='ltr'>et</span> <span class='ocrx_word' id='word_1_418' title='bbox 1838 2120 1969 2182; x_wconf 88' lang='lat' dir='ltr'>devotas</span> <span class='ocrx_word' id='word_1_419' title='bbox 1982 2119 2036 2190; x_wconf 87' lang='lat' dir='ltr'>ita,</span> <span class='ocrx_word' id='word_1_420' title='bbox 2049 2120 2135 2196; x_wconf 89' lang='lat' dir='ltr'>quod</span> 
     </span>
     <span class='ocr_line' id='line_1_77' title="bbox 1384 2213 2137 2292; baseline -0.003 -18"><span class='ocrx_word' id='word_1_421' title='bbox 1384 2223 1493 2276; x_wconf 88' lang='lat' dir='ltr'>mutua</span> <span class='ocrx_word' id='word_1_422' title='bbox 1514 2215 1600 2276; x_wconf 90' lang='lat' dir='ltr'>inter</span> <span class='ocrx_word' id='word_1_423' title='bbox 1623 2221 1653 2276; x_wconf 90' lang='lat' dir='ltr'>te</span> <span class='ocrx_word' id='word_1_424' title='bbox 1676 2221 1707 2275; x_wconf 87' lang='lat' dir='ltr'>et</span> <span class='ocrx_word' id='word_1_425' title='bbox 1728 2213 1811 2292; x_wconf 90' lang='lat' dir='ltr'>ipsos</span> <span class='ocrx_word' id='word_1_426' title='bbox 1828 2213 1927 2290; x_wconf 85' lang='lat' dir='ltr'>gratia</span> <span class='ocrx_word' id='word_1_427' title='bbox 1943 2220 2053 2289; x_wconf 90' lang='lat' dir='ltr'>gratos</span> <span class='ocrx_word' id='word_1_428' title='bbox 2069 2229 2137 2274; x_wconf 93' lang='lat' dir='ltr'>sor-</span> 
     </span>
     <span class='ocr_line' id='line_1_78' title="bbox 1382 2305 2135 2378; baseline -0.004 -9"><span class='ocrx_word' id='word_1_429' title='bbox 1382 2309 1478 2369; x_wconf 87' lang='lat' dir='ltr'>tiatur</span> <span class='ocrx_word' id='word_1_430' title='bbox 1501 2309 1642 2378; x_wconf 83' lang='lat' dir='ltr'>effectus,</span> <span class='ocrx_word' id='word_1_431' title='bbox 1661 2313 1693 2369; x_wconf 90' lang='lat' dir='ltr'>ct</span> <span class='ocrx_word' id='word_1_432' title='bbox 1714 2323 1771 2368; x_wconf 91' lang='lat' dir='ltr'>iios</span> <span class='ocrx_word' id='word_1_433' title='bbox 1793 2323 1907 2368; x_wconf 89' lang='lat' dir='ltr'>eornm</span> <span class='ocrx_word' id='word_1_434' title='bbox 1924 2305 2135 2368; x_wconf 90' lang='lat' dir='ltr'>devotionem</span> 
     </span>
     <span class='ocr_line' id='line_1_79' title="bbox 1382 2399 2135 2480; baseline -0.004 -17"><span class='ocrx_word' id='word_1_435' title='bbox 1382 2403 1541 2480; x_wconf 88' lang='lat' dir='ltr'>possimus</span> <span class='ocrx_word' id='word_1_436' title='bbox 1578 2407 1748 2479; x_wconf 89' lang='lat' dir='ltr'>propterea</span> <span class='ocrx_word' id='word_1_437' title='bbox 1779 2401 1812 2462; x_wconf 96' lang='lat' dir='ltr'>in</span> <span class='ocrx_word' id='word_1_438' title='bbox 1845 2399 1981 2462; x_wconf 87' lang='lat' dir='ltr'>Domino</span> <span class='ocrx_word' id='word_1_439' title='bbox 2014 2399 2135 2461; x_wconf 89' lang='lat' dir='ltr'>merito</span> 
     </span>
     <span class='ocr_line' id='line_1_80' title="bbox 1381 2493 2136 2572; baseline -0.004 -15"><span class='ocrx_word' id='word_1_440' title='bbox 1381 2495 1625 2568; x_wconf 71' lang='lat' dir='ltr'>commendare,</span> <span class='ocrx_word' id='word_1_441' title='bbox 1649 2493 1755 2556; x_wconf 90' lang='lat' dir='ltr'>clerus</span> <span class='ocrx_word' id='word_1_442' title='bbox 1777 2499 1884 2556; x_wconf 88' lang='lat' dir='ltr'>autem</span> <span class='ocrx_word' id='word_1_443' title='bbox 1902 2499 1933 2555; x_wconf 89' lang='lat' dir='ltr'>tc</span> <span class='ocrx_word' id='word_1_444' title='bbox 1950 2509 2008 2572; x_wconf 92' lang='lat' dir='ltr'>pro</span> <span class='ocrx_word' id='word_1_445' title='bbox 2024 2499 2136 2554; x_wconf 90' lang='lat' dir='ltr'>nostra</span> 
     </span>
     <span class='ocr_line' id='line_1_81' title="bbox 1381 2586 2135 2666; baseline -0.003 -14"><span class='ocrx_word' id='word_1_446' title='bbox 1381 2597 1413 2652; x_wconf 89' lang='lat' dir='ltr'>et</span> <span class='ocrx_word' id='word_1_447' title='bbox 1435 2589 1580 2652; x_wconf 89' lang='lat' dir='ltr'>eiusdem</span> <span class='ocrx_word' id='word_1_448' title='bbox 1604 2587 1693 2650; x_wconf 88' lang='lat' dir='ltr'>Sedis</span> <span class='ocrx_word' id='word_1_449' title='bbox 1717 2586 1916 2666; x_wconf 70' lang='lat' dir='ltr'>apostolicae</span> <span class='ocrx_word' id='word_1_450' title='bbox 1939 2588 2135 2652; x_wconf 85' lang='lat' dir='ltr'>¹reverentia</span> 
     </span>
     <span class='ocr_line' id='line_1_82' title="bbox 1380 2682 2136 2762; baseline -0.005 -16"><span class='ocrx_word' id='word_1_451' title='bbox 1380 2684 1521 2761; x_wconf 85' lang='lat' dir='ltr'>benigne</span> <span class='ocrx_word' id='word_1_452' title='bbox 1543 2682 1735 2762; x_wconf 88' lang='lat' dir='ltr'>recipientes</span> <span class='ocrx_word' id='word_1_453' title='bbox 1758 2688 1790 2744; x_wconf 91' lang='lat' dir='ltr'>et</span> <span class='ocrx_word' id='word_1_454' title='bbox 1813 2682 1990 2744; x_wconf 89' lang='lat' dir='ltr'>honorifice</span> <span class='ocrx_word' id='word_1_455' title='bbox 2009 2687 2136 2760; x_wconf 90' lang='lat' dir='ltr'>pertra-</span> 
     </span>
     <span class='ocr_line' id='line_1_83' title="bbox 1381 2775 2135 2850; baseline -0.005 -10"><span class='ocrx_word' id='word_1_456' title='bbox 1381 2775 1514 2850; x_wconf 79' lang='lat' dir='ltr'>ctantes,</span> <span class='ocrx_word' id='word_1_457' title='bbox 1542 2783 1595 2838; x_wconf 89' lang='lat' dir='ltr'>tua</span> <span class='ocrx_word' id='word_1_458' title='bbox 1624 2777 1762 2838; x_wconf 92' lang='lat' dir='ltr'>salubria</span> <span class='ocrx_word' id='word_1_459' title='bbox 1784 2777 1904 2838; x_wconf 88' lang='lat' dir='ltr'>monita</span> <span class='ocrx_word' id='word_1_460' title='bbox 1931 2781 1963 2836; x_wconf 89' lang='lat' dir='ltr'>et</span> <span class='ocrx_word' id='word_1_461' title='bbox 1985 2777 2135 2838; x_wconf 88' lang='lat' dir='ltr'>mandata</span> 
     </span>
    </p>
   </div>
   <div class='ocr_carea' id='block_1_11' title="bbox 2163 493 2316 556">
    <p class='ocr_par' dir='ltr' id='par_1_11' title="bbox 2163 493 2316 556">
     <span class='ocr_line' id='line_1_84' title="bbox 2163 493 2316 556; baseline 0.072 -15"><span class='ocrx_word' id='word_1_462' title='bbox 2163 493 2210 543; x_wconf 86' lang='lat' dir='ltr'>Ari.</span> <span class='ocrx_word' id='word_1_463' title='bbox 2224 497 2248 547; x_wconf 85' lang='lat' dir='ltr'>C.</span> <span class='ocrx_word' id='word_1_464' title='bbox 2268 503 2316 556; x_wconf 76' lang='lat' dir='ltr'>isia</span> 
     </span>
    </p>
   </div>
   <div class='ocr_carea' id='block_1_12' title="bbox 1379 2869 2175 2949">
    <p class='ocr_par' dir='ltr' id='par_1_12' title="bbox 1379 2869 2175 2949">
     <span class='ocr_line' id='line_1_85' title="bbox 1379 2869 2175 2949; baseline -0.005 -19"><span class='ocrx_word' id='word_1_465' title='bbox 1379 2871 1551 2949; x_wconf 85' lang='lat' dir='ltr'>suscipiant</span> <span class='ocrx_word' id='word_1_466' title='bbox 1579 2869 1745 2932; x_wconf 88' lang='lat' dir='ltr'>humiliter</span> <span class='ocrx_word' id='word_1_467' title='bbox 1775 2876 1807 2930; x_wconf 92' lang='lat' dir='ltr'>et</span> <span class='ocrx_word' id='word_1_468' title='bbox 1835 2869 2004 2932; x_wconf 83' lang='lat' dir='ltr'>efficaciter</span> <span class='ocrx_word' id='word_1_469' title='bbox 2035 2869 2135 2932; x_wconf 91' lang='lat' dir='ltr'>adim·</span> <span class='ocrx_word' id='word_1_470' title='bbox 2173 2918 2175 2926; x_wconf 23' lang='grc' dir='ltr'>ι</span> 
     </span>
    </p>
   </div>
   <div class='ocr_carea' id='block_1_13' title="bbox 1377 2963 2135 4446">
    <p class='ocr_par' dir='ltr' id='par_1_13' title="bbox 1377 2963 2135 4446">
     <span class='ocr_line' id='line_1_86' title="bbox 1380 2963 2134 3042; baseline -0.003 -16"><span class='ocrx_word' id='word_1_471' title='bbox 1380 2963 1470 3042; x_wconf 86' lang='lat' dir='ltr'>plere</span> <span class='ocrx_word' id='word_1_472' title='bbox 1496 2969 1688 3042; x_wconf 81' lang='lat' dir='ltr'>procurent3</span> <span class='ocrx_word' id='word_1_473' title='bbox 1716 2963 1852 3042; x_wconf 92' lang='lat' dir='ltr'>populus</span> <span class='ocrx_word' id='word_1_474' title='bbox 1881 2979 1960 3024; x_wconf 91' lang='lat' dir='ltr'>vero</span> <span class='ocrx_word' id='word_1_475' title='bbox 1990 2969 2023 3025; x_wconf 90' lang='lat' dir='ltr'>te</span> <span class='ocrx_word' id='word_1_476' title='bbox 2055 2971 2134 3025; x_wconf 91' lang='lat' dir='ltr'>tain-</span> 
     </span>
     <span class='ocr_line' id='line_1_87' title="bbox 1380 3057 2134 3136; baseline 0 -17"><span class='ocrx_word' id='word_1_477' title='bbox 1380 3074 1474 3134; x_wconf 91' lang='lat' dir='ltr'>quam</span> <span class='ocrx_word' id='word_1_478' title='bbox 1497 3063 1622 3136; x_wconf 92' lang='lat' dir='ltr'>patrem</span> <span class='ocrx_word' id='word_1_479' title='bbox 1639 3063 1670 3119; x_wconf 90' lang='lat' dir='ltr'>et</span> <span class='ocrx_word' id='word_1_480' title='bbox 1685 3063 1845 3136; x_wconf 91' lang='lat' dir='ltr'>pastorem</span> <span class='ocrx_word' id='word_1_481' title='bbox 1866 3057 2049 3118; x_wconf 90' lang='lat' dir='ltr'>animarum</span> <span class='ocrx_word' id='word_1_482' title='bbox 2065 3075 2134 3119; x_wconf 86' lang='lat' dir='ltr'>saia-</span> 
     </span>
     <span class='ocr_line' id='line_1_88' title="bbox 1379 3150 2134 3230; baseline 0.001 -19"><span class='ocrx_word' id='word_1_483' title='bbox 1379 3167 1453 3212; x_wconf 93' lang='lat' dir='ltr'>rum</span> <span class='ocrx_word' id='word_1_484' title='bbox 1475 3153 1591 3213; x_wconf 90' lang='lat' dir='ltr'>devote</span> <span class='ocrx_word' id='word_1_485' title='bbox 1617 3150 1826 3229; x_wconf 90' lang='lat' dir='ltr'>suscipientes</span> <span class='ocrx_word' id='word_1_486' title='bbox 1849 3157 1881 3212; x_wconf 90' lang='lat' dir='ltr'>et</span> <span class='ocrx_word' id='word_1_487' title='bbox 1903 3151 2007 3213; x_wconf 89' lang='lat' dir='ltr'>debita</span> <span class='ocrx_word' id='word_1_488' title='bbox 2034 3152 2134 3230; x_wconf 86' lang='lat' dir='ltr'>hono-</span> 
     </span>
     <span class='ocr_line' id='line_1_89' title="bbox 1379 3233 2135 3323; baseline 0.003 -19"><span class='ocrx_word' id='word_1_489' title='bbox 1379 3245 1534 3306; x_wconf 89' lang='lat' dir='ltr'>rificentia</span> <span class='ocrx_word' id='word_1_490' title='bbox 1566 3233 1810 3323; x_wconf 83' lang='lat' dir='ltr'>prosequentes,</span> <span class='ocrx_word' id='word_1_491' title='bbox 1845 3245 1908 3306; x_wconf 91' lang='lat' dir='ltr'>tuis</span> <span class='ocrx_word' id='word_1_492' title='bbox 1942 3245 2076 3307; x_wconf 91' lang='lat' dir='ltr'>monitis</span> <span class='ocrx_word' id='word_1_493' title='bbox 2103 3253 2135 3307; x_wconf 93' lang='lat' dir='ltr'>et</span> 
     </span>
     <span class='ocr_line' id='line_1_90' title="bbox 1380 3337 2135 3402; baseline 0.001 -3"><span class='ocrx_word' id='word_1_494' title='bbox 1380 3339 1534 3400; x_wconf 89' lang='lat' dir='ltr'>mandatis</span> <span class='ocrx_word' id='word_1_495' title='bbox 1557 3337 1738 3400; x_wconf 88' lang='lat' dir='ltr'>salubribus</span> <span class='ocrx_word' id='word_1_496' title='bbox 1765 3338 1933 3400; x_wconf 87' lang='lat' dir='ltr'>hiimiliter</span> <span class='ocrx_word' id='word_1_497' title='bbox 1961 3339 2135 3402; x_wconf 85' lang='lat' dir='ltr'>intendant</span> 
     </span>
     <span class='ocr_line' id='line_1_91' title="bbox 1379 3431 2133 3512; baseline 0 -20"><span class='ocrx_word' id='word_1_498' title='bbox 1379 3431 1431 3504; x_wconf 85' lang='lat' dir='ltr'>ita,</span> <span class='ocrx_word' id='word_1_499' title='bbox 1451 3433 1537 3510; x_wconf 92' lang='lat' dir='ltr'>quod</span> <span class='ocrx_word' id='word_1_500' title='bbox 1559 3438 1593 3493; x_wconf 93' lang='lat' dir='ltr'>tu</span> <span class='ocrx_word' id='word_1_501' title='bbox 1615 3431 1647 3493; x_wconf 94' lang='lat' dir='ltr'>in</span> <span class='ocrx_word' id='word_1_502' title='bbox 1664 3431 1709 3492; x_wconf 89' lang='lat' dir='ltr'>eis</span> <span class='ocrx_word' id='word_1_503' title='bbox 1726 3432 1907 3494; x_wconf 88' lang='lat' dir='ltr'>devotionis</span> <span class='ocrx_word' id='word_1_504' title='bbox 1923 3432 2005 3494; x_wconf 91' lang='lat' dir='ltr'>filios</span> <span class='ocrx_word' id='word_1_505' title='bbox 2023 3439 2058 3494; x_wconf 88' lang='lat' dir='ltr'>et</span> <span class='ocrx_word' id='word_1_506' title='bbox 2072 3433 2133 3512; x_wconf 87' lang='lat' dir='ltr'>ipsi</span> 
     </span>
     <span class='ocr_line' id='line_1_92' title="bbox 1379 3526 2133 3605; baseline 0.001 -19"><span class='ocrx_word' id='word_1_507' title='bbox 1379 3526 1411 3586; x_wconf 95' lang='lat' dir='ltr'>in</span> <span class='ocrx_word' id='word_1_508' title='bbox 1435 3533 1465 3588; x_wconf 91' lang='lat' dir='ltr'>te</span> <span class='ocrx_word' id='word_1_509' title='bbox 1487 3543 1545 3605; x_wconf 91' lang='lat' dir='ltr'>per</span> <span class='ocrx_word' id='word_1_510' title='bbox 1567 3540 1767 3602; x_wconf 88' lang='lat' dir='ltr'>consequens</span> <span class='ocrx_word' id='word_1_511' title='bbox 1790 3532 1914 3604; x_wconf 87' lang='lat' dir='ltr'>patrem</span> <span class='ocrx_word' id='word_1_512' title='bbox 1932 3526 2133 3589; x_wconf 86' lang='lat' dir='ltr'>benevolum</span> 
     </span>
     <span class='ocr_line' id='line_1_93' title="bbox 1378 3619 2134 3698; baseline 0 -16"><span class='ocrx_word' id='word_1_513' title='bbox 1378 3621 1542 3682; x_wconf 90' lang='lat' dir='ltr'>invenisse</span> <span class='ocrx_word' id='word_1_514' title='bbox 1580 3619 1764 3696; x_wconf 75' lang='lat' dir='ltr'>gaudeatis,</span> <span class='ocrx_word' id='word_1_515' title='bbox 1802 3619 1928 3681; x_wconf 91' lang='lat' dir='ltr'>vassalli</span> <span class='ocrx_word' id='word_1_516' title='bbox 1964 3627 2134 3698; x_wconf 89' lang='lat' dir='ltr'>praeterea</span> 
     </span>
     <span class='ocr_line' id='line_1_94' title="bbox 1379 3712 2129 3793; baseline 0 -19"><span class='ocrx_word' id='word_1_517' title='bbox 1379 3713 1511 3793; x_wconf 89' lang='lat' dir='ltr'>praefati</span> <span class='ocrx_word' id='word_1_518' title='bbox 1541 3719 1571 3774; x_wconf 91' lang='lat' dir='ltr'>te</span> <span class='ocrx_word' id='word_1_519' title='bbox 1594 3712 1701 3774; x_wconf 91' lang='lat' dir='ltr'>debito</span> <span class='ocrx_word' id='word_1_520' title='bbox 1731 3712 1855 3774; x_wconf 89' lang='lat' dir='ltr'>honore</span> <span class='ocrx_word' id='word_1_521' title='bbox 1881 3721 2129 3790; x_wconf 90' lang='lat' dir='ltr'>prosequentes,</span> 
     </span>
     <span class='ocr_line' id='line_1_95' title="bbox 1380 3805 2131 3884; baseline -0.001 -15"><span class='ocrx_word' id='word_1_522' title='bbox 1380 3808 1436 3870; x_wconf 94' lang='lat' dir='ltr'>tibi</span> <span class='ocrx_word' id='word_1_523' title='bbox 1458 3807 1645 3868; x_wconf 81' lang='lat' dir='ltr'>fidelitatem</span> <span class='ocrx_word' id='word_1_524' title='bbox 1667 3805 1793 3868; x_wconf 88' lang='lat' dir='ltr'>salitam</span> <span class='ocrx_word' id='word_1_525' title='bbox 1813 3823 1847 3868; x_wconf 91' lang='lat' dir='ltr'>ac</span> <span class='ocrx_word' id='word_1_526' title='bbox 1863 3807 2131 3884; x_wconf 84' lang='lat' dir='ltr'>consuetaservi-</span> 
     </span>
     <span class='ocr_line' id='line_1_96' title="bbox 1380 3899 2132 3976; baseline -0.001 -14"><span class='ocrx_word' id='word_1_527' title='bbox 1380 3903 1420 3963; x_wconf 91' lang='lat' dir='ltr'>tia</span> <span class='ocrx_word' id='word_1_528' title='bbox 1442 3908 1474 3962; x_wconf 90' lang='lat' dir='ltr'>et</span> <span class='ocrx_word' id='word_1_529' title='bbox 1495 3901 1564 3962; x_wconf 88' lang='lat' dir='ltr'>iura</span> <span class='ocrx_word' id='word_1_530' title='bbox 1586 3899 1643 3961; x_wconf 91' lang='lat' dir='ltr'>tihi</span> <span class='ocrx_word' id='word_1_531' title='bbox 1660 3899 1696 3960; x_wconf 92' lang='lat' dir='ltr'>ab</span> <span class='ocrx_word' id='word_1_532' title='bbox 1713 3899 1758 3960; x_wconf 91' lang='lat' dir='ltr'>eis</span> <span class='ocrx_word' id='word_1_533' title='bbox 1775 3899 1880 3961; x_wconf 92' lang='lat' dir='ltr'>debita</span> <span class='ocrx_word' id='word_1_534' title='bbox 1895 3899 2024 3976; x_wconf 83' lang='lat' dir='ltr'>integre</span> <span class='ocrx_word' id='word_1_535' title='bbox 2041 3900 2132 3962; x_wconf 89' lang='lat' dir='ltr'>exhi-</span> 
     </span>
     <span class='ocr_line' id='line_1_97' title="bbox 1378 3993 2131 4072; baseline 0 -16"><span class='ocrx_word' id='word_1_536' title='bbox 1378 3995 1456 4056; x_wconf 89' lang='lat' dir='ltr'>bere</span> <span class='ocrx_word' id='word_1_537' title='bbox 1479 4001 1670 4072; x_wconf 91' lang='lat' dir='ltr'>procurent:</span> <span class='ocrx_word' id='word_1_538' title='bbox 1690 3993 1832 4070; x_wconf 91' lang='lat' dir='ltr'>alioquin</span> <span class='ocrx_word' id='word_1_539' title='bbox 1852 3993 2045 4056; x_wconf 90' lang='lat' dir='ltr'>sententiam</span> <span class='ocrx_word' id='word_1_540' title='bbox 2062 3995 2131 4056; x_wconf 92' lang='lat' dir='ltr'>sive</span> 
     </span>
     <span class='ocr_line' id='line_1_98' title="bbox 1379 4086 2131 4167; baseline -0.003 -17"><span class='ocrx_word' id='word_1_541' title='bbox 1379 4105 1515 4167; x_wconf 88' lang='lat' dir='ltr'>poenam</span> <span class='ocrx_word' id='word_1_542' title='bbox 1538 4103 1632 4164; x_wconf 88' lang='lat' dir='ltr'>quani</span> <span class='ocrx_word' id='word_1_543' title='bbox 1649 4093 1683 4148; x_wconf 91' lang='lat' dir='ltr'>tu</span> <span class='ocrx_word' id='word_1_544' title='bbox 1699 4086 1760 4148; x_wconf 88' lang='lat' dir='ltr'>rite</span> <span class='ocrx_word' id='word_1_545' title='bbox 1777 4086 1889 4148; x_wconf 91' lang='lat' dir='ltr'>tuleris</span> <span class='ocrx_word' id='word_1_546' title='bbox 1905 4103 1963 4148; x_wconf 89' lang='lat' dir='ltr'>seu</span> <span class='ocrx_word' id='word_1_547' title='bbox 1979 4088 2131 4150; x_wconf 89' lang='lat' dir='ltr'>statueris</span> 
     </span>
     <span class='ocr_line' id='line_1_99' title="bbox 1378 4180 2130 4254; baseline -0.004 -10"><span class='ocrx_word' id='word_1_548' title='bbox 1378 4183 1410 4244; x_wconf 94' lang='lat' dir='ltr'>in</span> <span class='ocrx_word' id='word_1_549' title='bbox 1434 4181 1584 4254; x_wconf 89' lang='lat' dir='ltr'>rebelles,</span> <span class='ocrx_word' id='word_1_550' title='bbox 1602 4188 1701 4242; x_wconf 90' lang='lat' dir='ltr'>ratam</span> <span class='ocrx_word' id='word_1_551' title='bbox 1724 4180 1913 4243; x_wconf 87' lang='lat' dir='ltr'>habebimus</span> <span class='ocrx_word' id='word_1_552' title='bbox 1929 4187 1962 4243; x_wconf 92' lang='lat' dir='ltr'>et</span> <span class='ocrx_word' id='word_1_553' title='bbox 1976 4180 2130 4244; x_wconf 89' lang='lat' dir='ltr'>faciemus</span> 
     </span>
     <span class='ocr_line' id='line_1_100' title="bbox 1378 4273 2130 4350; baseline -0.001 -11"><span class='ocrx_word' id='word_1_554' title='bbox 1378 4283 1507 4339; x_wconf 90' lang='lat' dir='ltr'>auctore</span> <span class='ocrx_word' id='word_1_555' title='bbox 1528 4274 1664 4337; x_wconf 89' lang='lat' dir='ltr'>Domino</span> <span class='ocrx_word' id='word_1_556' title='bbox 1695 4289 1799 4350; x_wconf 87' lang='lat' dir='ltr'>usque</span> <span class='ocrx_word' id='word_1_557' title='bbox 1822 4274 1860 4336; x_wconf 93' lang='lat' dir='ltr'>ad</span> <span class='ocrx_word' id='word_1_558' title='bbox 1880 4273 2130 4338; x_wconf 87' lang='lat' dir='ltr'>satisfactionem</span> 
     </span>
     <span class='ocr_line' id='line_1_101' title="bbox 1377 4366 2018 4446; baseline -0.003 -14"><span class='ocrx_word' id='word_1_559' title='bbox 1377 4369 1569 4446; x_wconf 90' lang='lat' dir='ltr'>condignam</span> <span class='ocrx_word' id='word_1_560' title='bbox 1591 4366 1820 4430; x_wconf 88' lang='lat' dir='ltr'>inviolabiliter</span> <span class='ocrx_word' id='word_1_561' title='bbox 1843 4367 2018 4430; x_wconf 90' lang='lat' dir='ltr'>observari.</span> 
     </span>
    </p>
   </div>
   <div class='ocr_carea' id='block_1_14' title="bbox 1418 4462 2310 4538">
    <p class='ocr_par' dir='ltr' id='par_1_14' title="bbox 1418 4462 2310 4538">
     <span class='ocr_line' id='line_1_102' title="bbox 1418 4462 2310 4538; baseline -0.009 -14"><span class='ocrx_word' id='word_1_562' title='bbox 1418 4463 1487 4538; x_wconf 59' lang='lat'>§¹3-</span> <span class='ocrx_word' id='word_1_563' title='bbox 1512 4462 1670 4525; x_wconf 84' lang='lat' dir='ltr'>Volumus</span> <span class='ocrx_word' id='word_1_564' title='bbox 1693 4467 1801 4522; x_wconf 89' lang='lat' dir='ltr'>autem</span> <span class='ocrx_word' id='word_1_565' title='bbox 1831 4462 1917 4538; x_wconf 90' lang='lat' dir='ltr'>quod</span> <span class='ocrx_word' id='word_1_566' title='bbox 1939 4469 1973 4524; x_wconf 87' lang='grc' dir='ltr'>ιιι</span> <span class='ocrx_word' id='word_1_567' title='bbox 1996 4463 2028 4525; x_wconf 93' lang='lat' dir='ltr'>iii</span> <span class='ocrx_word' id='word_1_568' title='bbox 2052 4465 2129 4526; x_wconf 89' lang='lat' dir='ltr'>sede</span> <span class='ocrx_word' id='word_1_569' title='bbox 2157 4473 2310 4526; x_wconf 68' lang='lat' dir='ltr'>convivamur</span> 
     </span>
    </p>
   </div>
   <div class='ocr_carea' id='block_1_15' title="bbox 1376 4556 2129 5107">
    <p class='ocr_par' dir='ltr' id='par_1_15' title="bbox 1376 4556 2129 5107">
     <span class='ocr_line' id='line_1_103' title="bbox 1378 4556 2129 4635; baseline 0 -17"><span class='ocrx_word' id='word_1_570' title='bbox 1378 4563 1431 4618; x_wconf 93' lang='lat' dir='ltr'>tua</span> <span class='ocrx_word' id='word_1_571' title='bbox 1454 4556 1654 4635; x_wconf 90' lang='lat' dir='ltr'>patriarchali</span> <span class='ocrx_word' id='word_1_572' title='bbox 1677 4561 1821 4618; x_wconf 85' lang='lat' dir='ltr'>montciii</span> <span class='ocrx_word' id='word_1_573' title='bbox 1844 4557 1968 4634; x_wconf 89' lang='lat' dir='ltr'>pietatis</span> <span class='ocrx_word' id='word_1_574' title='bbox 1986 4557 2023 4619; x_wconf 93' lang='lat' dir='ltr'>ad</span> <span class='ocrx_word' id='word_1_575' title='bbox 2039 4573 2129 4635; x_wconf 88' lang='lat' dir='ltr'>prac-</span> 
     </span>
     <span class='ocr_line' id='line_1_104' title="bbox 1376 4649 2129 4730; baseline 0 -18"><span class='ocrx_word' id='word_1_576' title='bbox 1376 4653 1531 4730; x_wconf 87' lang='lat' dir='ltr'>scriptam</span> <span class='ocrx_word' id='word_1_577' title='bbox 1564 4651 1755 4713; x_wconf 91' lang='lat' dir='ltr'>sacrosancti</span> <span class='ocrx_word' id='word_1_578' title='bbox 1783 4649 1916 4712; x_wconf 83' lang='lat' dir='ltr'>Consilii</span> <span class='ocrx_word' id='word_1_579' title='bbox 1949 4651 2129 4714; x_wconf 88' lang='lat' dir='ltr'>Tridentini</span> 
     </span>
     <span class='ocr_line' id='line_1_105' title="bbox 1378 4743 2129 4822; baseline 0.001 -16"><span class='ocrx_word' id='word_1_580' title='bbox 1378 4745 1534 4816; x_wconf 91' lang='lat' dir='ltr'>instituas,</span> <span class='ocrx_word' id='word_1_581' title='bbox 1566 4743 1791 4806; x_wconf 91' lang='lat' dir='ltr'>conscientiam</span> <span class='ocrx_word' id='word_1_582' title='bbox 1822 4750 1907 4806; x_wconf 91' lang='lat' dir='ltr'>tuam</span> <span class='ocrx_word' id='word_1_583' title='bbox 1938 4760 2036 4822; x_wconf 89' lang='lat' dir='ltr'>super</span> <span class='ocrx_word' id='word_1_584' title='bbox 2069 4745 2129 4807; x_wconf 88' lang='lat' dir='ltr'>hoo</span> 
     </span>
     <span class='ocr_line' id='line_1_106' title="bbox 1380 4838 2128 4914; baseline 0 -13"><span class='ocrx_word' id='word_1_585' title='bbox 1380 4846 1567 4914; x_wconf 82' lang='lat' dir='ltr'>onerantes3</span> <span class='ocrx_word' id='word_1_586' title='bbox 1591 4838 1743 4900; x_wconf 88' lang='lat' dir='ltr'>volumus</span> <span class='ocrx_word' id='word_1_587' title='bbox 1765 4838 1861 4900; x_wconf 89' lang='lat' dir='ltr'>etiam</span> <span class='ocrx_word' id='word_1_588' title='bbox 1884 4838 1969 4914; x_wconf 90' lang='lat' dir='ltr'>quod</span> <span class='ocrx_word' id='word_1_589' title='bbox 1992 4845 2026 4900; x_wconf 89' lang='lat' dir='ltr'>tu</span> <span class='ocrx_word' id='word_1_590' title='bbox 2042 4846 2128 4901; x_wconf 90' lang='lat' dir='ltr'>ante-</span> 
     </span>
     <span class='ocr_line' id='line_1_107' title="bbox 1378 4931 2128 5012; baseline -0.003 -16"><span class='ocrx_word' id='word_1_591' title='bbox 1378 4949 1474 5012; x_wconf 91' lang='lat' dir='ltr'>quam</span> <span class='ocrx_word' id='word_1_592' title='bbox 1502 4931 1654 5010; x_wconf 86' lang='lat' dir='ltr'>regimini</span> <span class='ocrx_word' id='word_1_593' title='bbox 1677 4937 1709 4992; x_wconf 92' lang='lat' dir='ltr'>et</span> <span class='ocrx_word' id='word_1_594' title='bbox 1729 4931 1997 4992; x_wconf 90' lang='lat' dir='ltr'>administrationi</span> <span class='ocrx_word' id='word_1_595' title='bbox 2027 4932 2128 4994; x_wconf 88' lang='lat' dir='ltr'>dictae</span> 
     </span>
     <span class='ocr_line' id='line_1_108' title="bbox 1378 5025 2127 5107; baseline -0.003 -17"><span class='ocrx_word' id='word_1_596' title='bbox 1378 5027 1595 5107; x_wconf 86' lang='lat' dir='ltr'>patriarchalis</span> <span class='ocrx_word' id='word_1_597' title='bbox 1617 5025 1769 5088; x_wconf 88' lang='lat' dir='ltr'>ecclesiae</span> <span class='ocrx_word' id='word_1_598' title='bbox 1792 5032 1823 5087; x_wconf 91' lang='lat' dir='ltr'>te</span> <span class='ocrx_word' id='word_1_599' title='bbox 1844 5025 1878 5086; x_wconf 92' lang='lat' dir='ltr'>in</span> <span class='ocrx_word' id='word_1_600' title='bbox 1900 5025 2007 5103; x_wconf 90' lang='lat' dir='ltr'>aliquo</span> <span class='ocrx_word' id='word_1_601' title='bbox 2023 5027 2127 5088; x_wconf 91' lang='lat' dir='ltr'>immi-</span> 
     </span>
    </p>
   </div>
   <div class='ocr_carea' id='block_1_16' title="bbox 2148 4535 2282 4581">
    <p class='ocr_par' dir='ltr' id='par_1_16' title="bbox 2148 4535 2282 4581">
     <span class='ocr_line' id='line_1_109' title="bbox 2148 4535 2282 4581; baseline -0.067 0"><span class='ocrx_word' id='word_1_602' title='bbox 2148 4535 2282 4581; x_wconf 80' lang='lat' dir='ltr'>conditiones.</span> 
     </span>
    </p>
   </div>
   <div class='ocr_carea' id='block_1_17' title="bbox 1378 5119 2173 5201">
    <p class='ocr_par' dir='ltr' id='par_1_17' title="bbox 1378 5119 2173 5201">
     <span class='ocr_line' id='line_1_110' title="bbox 1378 5119 2173 5201; baseline 0.001 -19"><span class='ocrx_word' id='word_1_603' title='bbox 1378 5137 1476 5194; x_wconf 90' lang='lat' dir='ltr'>sceas,</span> <span class='ocrx_word' id='word_1_604' title='bbox 1490 5121 1523 5182; x_wconf 94' lang='lat' dir='ltr'>in</span> <span class='ocrx_word' id='word_1_605' title='bbox 1540 5119 1685 5181; x_wconf 90' lang='lat' dir='ltr'>manibus</span> <span class='ocrx_word' id='word_1_606' title='bbox 1701 5121 1838 5182; x_wconf 89' lang='lat' dir='ltr'>duorum</span> <span class='ocrx_word' id='word_1_607' title='bbox 1855 5121 1975 5198; x_wconf 92' lang='lat' dir='ltr'>pariter</span> <span class='ocrx_word' id='word_1_608' title='bbox 1991 5119 2127 5183; x_wconf 90' lang='lat' dir='ltr'>fratrum</span> <span class='ocrx_word' id='word_1_609' title='bbox 2170 5195 2173 5201; x_wconf 23' lang='grc' dir='ltr'>ι</span> 
     </span>
    </p>
   </div>
   <div class='ocr_carea' id='block_1_18' title="bbox 1379 5213 2127 5295">
    <p class='ocr_par' dir='ltr' id='par_1_18' title="bbox 1379 5213 2127 5295">
     <span class='ocr_line' id='line_1_111' title="bbox 1379 5213 2127 5295; baseline 0.003 -19"><span class='ocrx_word' id='word_1_610' title='bbox 1379 5223 1565 5278; x_wconf 89' lang='lat' dir='ltr'>nestrorum</span> <span class='ocrx_word' id='word_1_611' title='bbox 1578 5213 1900 5293; x_wconf 85' lang='lat' dir='ltr'>hrchiepiscoporam</span> <span class='ocrx_word' id='word_1_612' title='bbox 1915 5221 1946 5277; x_wconf 89' lang='lat' dir='ltr'>et</span> <span class='ocrx_word' id='word_1_613' title='bbox 1958 5215 2127 5295; x_wconf 88' lang='lat' dir='ltr'>Episcopo·</span> 
     </span>
    </p>
   </div>
   <div class='ocr_carea' id='block_1_19' title="bbox 1378 5307 2127 5950">
    <p class='ocr_par' dir='ltr' id='par_1_19' title="bbox 1378 5307 2127 5950">
     <span class='ocr_line' id='line_1_112' title="bbox 1378 5307 2126 5389; baseline 0.003 -19"><span class='ocrx_word' id='word_1_614' title='bbox 1378 5327 1452 5372; x_wconf 90' lang='lat' dir='ltr'>runi</span> <span class='ocrx_word' id='word_1_615' title='bbox 1469 5307 1601 5387; x_wconf 89' lang='lat' dir='ltr'>gratiam</span> <span class='ocrx_word' id='word_1_616' title='bbox 1618 5315 1650 5370; x_wconf 90' lang='lat' dir='ltr'>et</span> <span class='ocrx_word' id='word_1_617' title='bbox 1664 5307 1928 5371; x_wconf 88' lang='lat' dir='ltr'>communionem</span> <span class='ocrx_word' id='word_1_618' title='bbox 1945 5307 2034 5371; x_wconf 84' lang='lat' dir='ltr'>Sedis</span> <span class='ocrx_word' id='word_1_619' title='bbox 2045 5309 2126 5389; x_wconf 84' lang='lat' dir='ltr'>hpo·</span> 
     </span>
     <span class='ocr_line' id='line_1_113' title="bbox 1378 5402 2127 5482; baseline 0.003 -19"><span class='ocrx_word' id='word_1_620' title='bbox 1378 5403 1507 5464; x_wconf 88' lang='lat' dir='ltr'>stolicae</span> <span class='ocrx_word' id='word_1_621' title='bbox 1530 5402 1717 5464; x_wconf 88' lang='lat' dir='ltr'>habentium</span> <span class='ocrx_word' id='word_1_622' title='bbox 1735 5409 1767 5464; x_wconf 91' lang='lat' dir='ltr'>et</span> <span class='ocrx_word' id='word_1_623' title='bbox 1785 5403 1901 5464; x_wconf 90' lang='lat' dir='ltr'>inistis</span> <span class='ocrx_word' id='word_1_624' title='bbox 1917 5403 2059 5482; x_wconf 88' lang='lat' dir='ltr'>partibus</span> <span class='ocrx_word' id='word_1_625' title='bbox 2075 5405 2127 5466; x_wconf 91' lang='lat' dir='ltr'>de·</span> 
     </span>
     <span class='ocr_line' id='line_1_114' title="bbox 1381 5496 2126 5573; baseline 0.003 -15"><span class='ocrx_word' id='word_1_626' title='bbox 1381 5496 1527 5573; x_wconf 85' lang='lat' dir='ltr'>gentium</span> <span class='ocrx_word' id='word_1_627' title='bbox 1547 5512 1604 5558; x_wconf 89' lang='lat' dir='ltr'>seu</span> <span class='ocrx_word' id='word_1_628' title='bbox 1620 5496 1752 5558; x_wconf 90' lang='lat' dir='ltr'>alterius</span> <span class='ocrx_word' id='word_1_629' title='bbox 1769 5513 1882 5558; x_wconf 90' lang='lat' dir='ltr'>eorum</span> <span class='ocrx_word' id='word_1_630' title='bbox 1898 5497 2059 5560; x_wconf 81' lang='lat' dir='ltr'>fidelitatis</span> <span class='ocrx_word' id='word_1_631' title='bbox 2075 5498 2126 5560; x_wconf 90' lang='lat' dir='ltr'>de-</span> 
     </span>
     <span class='ocr_line' id='line_1_115' title="bbox 1379 5588 2126 5667; baseline 0 -17"><span class='ocrx_word' id='word_1_632' title='bbox 1379 5588 1462 5650; x_wconf 88' lang='lat' dir='ltr'>bitae</span> <span class='ocrx_word' id='word_1_633' title='bbox 1484 5589 1615 5651; x_wconf 91' lang='lat' dir='ltr'>solitum</span> <span class='ocrx_word' id='word_1_634' title='bbox 1638 5595 1777 5667; x_wconf 88' lang='lat' dir='ltr'>praestas</span> <span class='ocrx_word' id='word_1_635' title='bbox 1798 5588 2017 5651; x_wconf 88' lang='lat' dir='ltr'>iuramentum</span> <span class='ocrx_word' id='word_1_636' title='bbox 2039 5589 2126 5650; x_wconf 88' lang='lat' dir='ltr'>iuxta</span> 
     </span>
     <span class='ocr_line' id='line_1_116' title="bbox 1379 5681 2126 5760; baseline 0.003 -18"><span class='ocrx_word' id='word_1_637' title='bbox 1379 5681 1514 5743; x_wconf 89' lang='lat' dir='ltr'>formam</span> <span class='ocrx_word' id='word_1_638' title='bbox 1537 5681 1757 5760; x_wconf 88' lang='lat' dir='ltr'>praesentibus</span> <span class='ocrx_word' id='word_1_639' title='bbox 1781 5681 1971 5754; x_wconf 90' lang='lat' dir='ltr'>adnotatam,</span> <span class='ocrx_word' id='word_1_640' title='bbox 1993 5688 2025 5745; x_wconf 88' lang='lat' dir='ltr'>et</span> <span class='ocrx_word' id='word_1_641' title='bbox 2046 5683 2090 5745; x_wconf 92' lang='lat' dir='ltr'>sic</span> <span class='ocrx_word' id='word_1_642' title='bbox 2111 5700 2126 5744; x_wconf 93' lang='lat' dir='ltr'>a</span> 
     </span>
     <span class='ocr_line' id='line_1_117' title="bbox 1381 5775 2125 5854; baseline 0.001 -16"><span class='ocrx_word' id='word_1_643' title='bbox 1381 5783 1411 5838; x_wconf 90' lang='lat' dir='ltr'>te</span> <span class='ocrx_word' id='word_1_644' title='bbox 1430 5777 1573 5854; x_wconf 88' lang='lat' dir='ltr'>praestiti</span> <span class='ocrx_word' id='word_1_645' title='bbox 1587 5775 1760 5838; x_wconf 87' lang='lat' dir='ltr'>iuramenti</span> <span class='ocrx_word' id='word_1_646' title='bbox 1775 5775 1911 5836; x_wconf 90' lang='lat' dir='ltr'>formam</span> <span class='ocrx_word' id='word_1_647' title='bbox 1927 5775 1964 5838; x_wconf 90' lang='lat' dir='ltr'>ad</span> <span class='ocrx_word' id='word_1_648' title='bbox 1980 5777 2125 5839; x_wconf 88' lang='lat' dir='ltr'>eamdem</span> 
     </span>
     <span class='ocr_line' id='line_1_118' title="bbox 1378 5869 2126 5950; baseline 0.001 -17"><span class='ocrx_word' id='word_1_649' title='bbox 1378 5871 1671 5950; x_wconf 77' lang='lat' dir='ltr'>congregationem</span> <span class='ocrx_word' id='word_1_650' title='bbox 1701 5869 1740 5931; x_wconf 89' lang='lat' dir='ltr'>de</span> <span class='ocrx_word' id='word_1_651' title='bbox 1761 5869 1965 5950; x_wconf 88' lang='lat' dir='ltr'>Propaganda</span> <span class='ocrx_word' id='word_1_652' title='bbox 1990 5871 2066 5934; x_wconf 76' lang='lat' dir='ltr'>fida</span> <span class='ocrx_word' id='word_1_653' title='bbox 2088 5872 2126 5934; x_wconf 81' lang='lat' dir='ltr'>cle</span> 
     </span>
    </p>
   </div>
   <div class='ocr_carea' id='block_1_20' title="bbox 0 0 2390 6982">
    <p class='ocr_par' dir='ltr' id='par_1_20' title="bbox 0 0 2390 6982">
     <span class='ocr_line' id='line_1_119' title="bbox 0 0 2390 6982; baseline 0 0"><span class='ocrx_word' id='word_1_654' title='bbox 0 0 2390 6982; x_wconf 95' lang='lat' dir='ltr'> </span> 
     </span>
    </p>
   </div>
  </div>
 </body>
</html>
