4770 6982
901 601 1076 649 cosconius
1098 601 1148 647 ΡΡ.
1173 601 1239 648 xvi.

295 722 355 785 sub
377 723 624 803 Arcbiepiscopo
637 723 831 804 Synnadensi
852 722 1043 803 inpartibus

295 817 474 879 infidelium
492 817 611 891 existit,
622 819 856 891 transierimus,
867 819 909 880 ita
923 824 969 889 ut,
980 817 1042 879 iam

295 925 381 971 nunc
402 910 534 972 dimisso
556 912 650 975 titulo
674 913 844 991 episcopali
866 911 1043 974 Constanti-

295 1003 396 1076 nensi,
408 1004 440 1065 in
453 1011 616 1082 posterum
632 1007 855 1084 Eucarpiensis
867 1005 1042 1084 Episcopus

294 1097 445 1175 appellari
475 1104 507 1160 et
535 1099 644 1160 baberi
675 1100 800 1162 debeas.
827 1098 1041 1174 Quamobrem

294 1199 325 1253 te
349 1191 380 1252 in
404 1193 548 1254 eiusdem
564 1192 786 1272 Eucarpiensis
803 1192 955 1256 ecclesiae
970 1191 1042 1270 Epi-

294 1301 426 1364 scopum
449 1285 651 1364 praeficimus
673 1303 708 1348 ac
729 1295 908 1365 pastorem,
932 1301 1041 1348 curam

294 1379 442 1456 regimen
471 1380 780 1444 administrationem
809 1380 896 1442 illius
923 1379 980 1442 tibi
1009 1379 1041 1441 in

293 1471 1041 1552 spiritualibusactemporalibusplenariecom·

293 1567 451 1629 mittendo
479 1568 512 1628 in
534 1567 590 1628 illo
612 1567 667 1644 qui
696 1568 747 1630 dat
773 1567 905 1645 gratiam
930 1571 961 1627 et
982 1566 1041 1628 lar-

294 1661 381 1739 gitur
394 1661 475 1723 dona
490 1661 611 1734 contisi,
630 1663 715 1738 quod
731 1662 889 1738 dirigente
905 1661 1041 1722 Domino

293 1760 380 1816 actus
402 1760 474 1817 tuos
497 1755 634 1834 praelata
655 1755 786 1818 ecclesia
808 1771 866 1834 per
888 1760 960 1816 tuae
982 1753 1041 1815 cir-

294 1848 541 1926 cumspectionis
564 1848 753 1910 industriam
769 1855 802 1910 et
822 1847 964 1910 studium
980 1846 1040 1908 uti-

293 1943 367 2004 liter
381 1959 415 2003 ac
430 1958 583 2020 prospere
606 1943 773 2018 dirigatur,
791 1947 823 2004 et
843 1942 876 2003 in
894 1942 1041 2019 spiritua-

293 2038 375 2100 libus
397 2055 431 2099 ac
454 2037 684 2116 temporalibus
706 2035 888 2098 Ortbodoxa
916 2035 1040 2112 Religio

293 2132 489 2193 incrementa
502 2131 661 2208 suscipiat.
674 2129 790 2208 Iugum
802 2130 902 2206 igitur
913 2129 1040 2210 Domini

293 2227 355 2288 tuis
376 2226 563 2303 impositum
586 2224 730 2285 humeris
751 2224 793 2285 ita
816 2223 942 2285 studeas
964 2223 1040 2285 lide-

292 2320 366 2382 liter
389 2335 515 2396 gerere,
540 2324 576 2380 ut
598 2317 730 2379 ecclesia
751 2317 889 2396 praelata
905 2317 1040 2394 gaudeat

291 2431 324 2475 se
347 2413 482 2492 provido
512 2411 721 2490 gubernatori
743 2417 774 2472 et
796 2410 962 2473 fructuoso
988 2412 1039 2472 ad-

292 2507 502 2570 ministratori
524 2521 594 2568 esse
613 2505 826 2577 commissam,
844 2522 878 2566 ac
899 2511 934 2566 tu
950 2520 1038 2583 prae-

291 2610 341 2664 ter
363 2608 510 2677 aeternae
533 2599 756 2662 retributionis
781 2599 960 2678 praemium
984 2615 1038 2660 no-

290 2704 388 2758 stram
401 2711 531 2773 quoqne
547 2701 579 2756 et
591 2693 680 2756 Sedis
696 2693 893 2772 apostolicae
905 2693 1038 2756 uberius

291 2791 406 2854 exinde
429 2789 581 2866 consequi
604 2789 758 2850 merearis
780 2787 1037 2849 benedictionem

292 2891 323 2946 et
338 2883 483 2960 gratiam.
497 2881 566 2942 ribi
581 2887 757 2958 praeterea,
771 2886 808 2940 ut
822 2880 857 2940 ad
872 2879 1037 2941 ecclesiam

291 2978 473 3058 praelatam,
495 2975 634 3054 quandiu
651 2974 689 3035 ab
710 2973 893 3035 infidelibus
917 2973 1038 3035 detine-

291 3073 387 3143 bitur,
404 3071 555 3132 accedere
571 3075 603 3130 et
624 3069 706 3147 apud
721 3068 808 3129 illam
825 3069 1038 3145 personaliter

290 3167 434 3228 residere
456 3164 589 3225 minime
606 3164 754 3234 tenearis,
772 3163 959 3224 auctoritate
982 3179 1037 3224 no-

290 3268 355 3322 stra
369 3257 538 3337 apostolica
550 3258 755 3320 concedimus
771 3263 804 3318 et
817 3256 1034 3340 indulgemus

291 3355 358 3416 Tibi
380 3354 513 3430 insuper
535 3369 551 3412 a
573 3365 779 3428 quocumque
807 3350 958 3412 malueris
990 3368 1037 3412 ca-

292 3447 408 3510 tbolico
430 3445 581 3506 Antistite
608 3444 638 3506 S.
664 3445 760 3506 buius
783 3443 872 3506 Sedis
902 3445 1035 3521 gratiam

290 3549 322 3604 et
343 3539 605 3602 communionem
629 3538 777 3610 habente,
795 3538 903 3600 adsitis
924 3537 1035 3614 illique

289 3633 516 3698 adsistentibus
539 3631 663 3694 duobus
685 3633 754 3694 aliis
780 3631 951 3710 Episcopis,
969 3632 1032 3704 vel,

289 3730 315 3790 si
338 3727 505 3792 commode
534 3726 670 3804 reperiri
703 3733 881 3803 nequeant,
911 3725 1035 3787 duobus

290 3839 403 3896 eorum
426 3822 496 3883 loco
514 3820 709 3898 presbyteris
732 3819 958 3891 saecularibus,
983 3821 1033 3882 vel

289 3918 521 3992 cuiuscumque
543 3913 686 3984 Ordinis,
711 3913 977 3990 Congregationis
1005 3921 1037 3976 et

289 4011 427 4073 lnstitnti
440 4009 655 4086 regularibus,
672 4008 811 4070 similem
826 4007 856 4070 S.
872 4008 968 4070 huius
981 4009 1036 4071 Se·

289 4107 336 4168 dis
352 4105 485 4182 gratiam
501 4110 533 4165 et
548 4101 810 4164 communionem
832 4101 1033 4174 habentibus,

289 4215 407 4260 munus
423 4196 670 4259 consecrationis
687 4195 831 4272 recipere
848 4195 950 4257 libere
965 4213 1035 4274 pos-

288 4295 340 4365 sis,
365 4299 459 4369 atque
488 4291 593 4352 eidem
613 4287 767 4358 Antistiti,
790 4295 836 4360 ut,
861 4289 1035 4367 receptisa

291 4395 320 4449 te
342 4387 431 4466 prius
454 4383 625 4446 catholicae
641 4383 714 4444 fidei
730 4381 929 4460 professione
948 4383 1035 4445 iuxta

288 4479 438 4542 articulos
454 4479 490 4540 ab
506 4478 563 4538 bac
579 4475 609 4538 S.
626 4475 707 4537 Sede
730 4476 909 4554 propositos
929 4483 959 4537 et
980 4493 1035 4538 no·

289 4581 355 4637 stro
377 4579 409 4636 et
430 4573 589 4634 Romanae
615 4570 772 4632 Ecclesiae
802 4570 961 4631 fidelitatis
983 4572 1035 4632 de-

288 4669 370 4730 bitae
382 4667 574 4737 iuramento,
590 4665 708 4726 dictum
725 4681 844 4726 munus
861 4663 918 4726 tibi
931 4671 1035 4727 aucto-

289 4763 381 4824 ritate
404 4767 512 4822 nostra
533 4760 722 4838 impendere
738 4759 823 4820 licite
840 4759 952 4830 valeat,
971 4761 1035 4837 ple-

288 4873 362 4918 nam
374 4873 408 4917 ac
422 4855 556 4917 liberam
575 4853 746 4914 tribuimus
764 4853 956 4916 facultatem.
974 4854 1035 4916 Vo-

288 4951 397 5012 lumus
420 4957 526 5010 tamen
548 4965 580 5008 ac
604 4947 817 5025 praecipimus
840 4954 884 5019 ut,
904 4948 963 5009 nisi
986 4965 1035 5010 re-

289 5045 388 5123 ceptis
410 5061 425 5104 a
447 5049 479 5104 te
500 5042 681 5102 iuramento
698 5059 731 5103 ac
749 5041 945 5119 professione
961 5044 1034 5105 fidei

289 5135 485 5206 huiusmodi,
503 5134 604 5197 dictus
625 5133 765 5196 Antistes
788 5137 1034 5199 consecrationis

289 5249 407 5293 munus
436 5229 489 5292 tibi
515 5227 719 5306 impendere,
751 5235 850 5304 tuque
880 5229 960 5291 illud
986 5247 1035 5291 re-

289 5326 395 5404 cipere
421 5322 712 5402 praesumpseritis,
739 5322 825 5384 idem
852 5323 993 5386 Antistes
1019 5342 1035 5386 a

289 5419 477 5498 pontificalis
511 5417 601 5479 ollicii
633 5417 786 5478 exercitio
815 5435 848 5480 ac
879 5425 941 5480 tam
968 5420 1035 5498 ipse

290 5529 384 5591 quam
414 5519 447 5590 tu
477 5511 675 5588 aregimine
701 5518 732 5572 ct
760 5512 1036 5576 administratione

290 5607 496 5669 ecclesiarum
526 5611 708 5667 vestrarum
737 5607 883 5684 suspensi
906 5608 973 5668 sitis
997 5626 1035 5670 eo

290 5703 369 5780 ipso.
390 5699 460 5762 Non
483 5699 683 5762 obstantibus
698 5700 877 5778 apostolicis
892 5707 988 5778 atque
1002 5703 1035 5764 in

289 5795 525 5858 universalibus
558 5795 872 5873 provincialibusque
902 5803 934 5857 et
961 5813 1035 5876 syn-

290 5889 433 5950 odalibus
462 5887 603 5950 conciliis
631 5888 723 5950 editis
753 5889 957 5966 generalibus
983 5891 1034 5952 vel

290 5981 479 6061 specialibus
507 5981 789 6045 constitutionibus
812 5989 844 6044 et
865 5973 1036 6046 ordinatio-

397 6143 402 6176 l

1100 721 1205 794 nibus,
1230 722 1429 800 caeterisque
1451 722 1619 786 contrariis
1642 721 1849 800 quibuscum-

1100 830 1174 892 que.
1703 849 1704 856 ,

1139 909 1254 973 Datum
1275 911 1393 974 Romae
1409 912 1491 990 apud
1514 910 1545 974 S.
1569 911 1700 974 Petrum
1720 911 1780 974 sub
1795 927 1848 973 an-

1100 1004 1354 1066 nulol’iscatoris
1376 1005 1427 1067 die
1450 1021 1484 1066 11.
1511 1005 1616 1066 martii
1638 1021 1845 1077 nocccrtrv,

1100 1097 1302 1176 pontificatus
1325 1099 1427 1160 nostri
1449 1114 1532 1160 anno
1555 1115 1620 1160 xiv.

1388 1473 1545 1537 ccxliii.

1102 1661 1255 1735 oneratur
1277 1677 1349 1724 cum
1365 1661 1518 1742 Episcopo
1533 1659 1848 1725 Neo-Aurelioneosi

1138 1755 1174 1818 de
1196 1753 1365 1818 conatibus
1394 1754 1597 1816 aedituorum
1624 1758 1739 1816 contro
1762 1760 1847 1836 potc-

1138 1853 1251 1912 stutem
1272 1849 1496 1930 episcopalem
1519 1863 1594 1926 qnos
1616 1845 1786 1928 improbat,
1810 1849 1847 1911 it-

1138 1944 1243 2022 losque
1264 1943 1400 2005 pronitus
1425 1943 1495 2004 vult
1515 1948 1551 2002 ut
1576 1943 1784 2028 resipiscunt,
1808 1961 1847 2006 ne

1136 2038 1246 2118 poenis
1268 2035 1489 2098 ecclesiasticis
1507 2036 1704 2116 plectuntur.

1168 2224 1339 2292 Venerabili
1362 2223 1451 2290 lratrl
1475 2222 1604 2288 Antonio
1627 2221 1776 2306 Episcopo

1316 2317 1625 2396 neo-nurettanenst,

1268 2503 1483 2573 caecemus
1508 2504 1569 2571 ΡΡ.
1596 2504 1668 2570 xvt.

1309 2695 1499 2761 Venerabilis
1520 2695 1629 2773 trater,

1129 2791 1256 2858 salutem
1280 2795 1311 2855 et
1333 2787 1533 2871 apostolicam
1557 2788 1808 2856 benedictionem.

1134 2980 1293 3043 Ecclesiae
1313 2965 1491 3041 universae¹
1501 2979 1760 3056 procurationem
1777 2995 1844 3042 me·

1094 3075 1163 3138 ritis
1185 3074 1331 3151 quamvis
1353 3072 1530 3151 imparibus
1546 3073 1654 3134 divino
1669 3073 1844 3136 Providen-

1095 3169 1155 3230 tiae
1171 3167 1303 3230 consilio
1319 3171 1481 3243 gerentes,
1500 3165 1580 3227 nibil
1595 3182 1672 3227 sane
1686 3165 1843 3228 habemus

1094 3261 1266 3338 antiquius,
1281 3275 1376 3336 quam
1398 3266 1434 3320 ut
1456 3259 1688 3338 Episcoporum
1703 3266 1843 3338 potestas

1093 3370 1127 3415 ac
1148 3353 1217 3415 iura
1238 3360 1321 3414 sarta
1344 3358 1424 3413 tecta
1446 3357 1630 3425 serventur,
1648 3353 1768 3430 quique
1789 3353 1843 3416 illa

1084 3447 1301 3526 ¹pessumdare
1314 3461 1392 3506 ausu
1404 3444 1552 3524 improbo
1567 3445 1679 3516 velint,
1697 3445 1841 3522 ipsorum

1093 3540 1252 3602 audaciam
1275 3537 1462 3600 auctoritate
1483 3543 1592 3600 nostra
1607 3537 1777 3616 apostolica
1793 3555 1842 3600 re-

1093 3633 1276 3696 tundamus.

1132 3730 1151 3804 g
1174 3727 1201 3788 l.
1225 3726 1362 3788 Gravem
1384 3741 1460 3786 sane
1483 3725 1629 3788 dolorem
1653 3726 1843 3788 inusserunt

1094 3821 1185 3884 nobis
1207 3821 1319 3882 literae
1341 3827 1425 3890 tuae,
1450 3833 1523 3880 ven.
1548 3818 1657 3892 frater,
1673 3819 1789 3896 quibus
1804 3818 1841 3880 il-

1093 3915 1147 3977 lud
1160 3913 1354 3992 significasti,
1369 3911 1534 3990 paroeciae
1545 3912 1637 3974 istius
1649 3910 1841 3973 Neo-Aure·

1093 4008 1243 4070 lianensis
1265 4007 1407 4068 aedituos
1423 4005 1515 4084 plura
1534 4005 1671 4067 miscere
1687 4023 1720 4067 ac
1735 4005 1842 4068 conari

1094 4103 1131 4165 ad
1153 4100 1339 4182 episcopalis
1362 4107 1434 4162 tuae
1459 4099 1624 4177 potestatis
1645 4099 1715 4161 iura
1737 4107 1842 4178 prote-

1093 4197 1202 4269 renda,
1228 4210 1407 4272 gravesque
1433 4195 1468 4255 ed
1491 4193 1529 4255 de
1551 4210 1587 4255 re
1610 4193 1718 4255 turbas
1744 4194 1843 4256 fuisse

1092 4292 1162 4354 istic
1178 4290 1357 4352 concitatas.
1375 4287 1521 4350 Proiecto
1535 4288 1598 4349 iam
1618 4288 1692 4350 inde
1707 4288 1745 4350 ab
1760 4307 1843 4351 anno

1092 4399 1316 4446 nncccxxvnr.
1340 4383 1394 4444 iel.
1412 4399 1476 4443 rec.
1494 4381 1559 4443 Leo
1574 4381 1639 4443 llll.
1658 4383 1843 4461 praedeces-

1093 4497 1146 4542 sor
1168 4485 1279 4542 noster
1301 4476 1501 4556 persimiles
1527 4476 1712 4554 apostolicas
1735 4477 1842 4540 literas

1093 4577 1178 4637 datas
1201 4571 1460 4636 Administratori
1476 4569 1659 4648 apostolico
1679 4571 1771 4633 istius
1794 4589 1843 4640 ec-

1093 4669 1206 4731 clesiae
1229 4667 1430 4728 aedituorum
1454 4665 1615 4727 andaciam
1636 4665 1840 4744 improbavit,

1093 4763 1280 4838 curavitque
1295 4761 1517 4832 coercendam,
1536 4775 1657 4836 eosque
1672 4761 1710 4821 ad
1725 4759 1842 4822 bonam

1093 4857 1221 4933 frugem
1251 4869 1403 4916 revocare
1433 4853 1608 4916 contendit.
1636 4853 1728 4916 Nunc
1749 4869 1840 4927 vero,

1093 4950 1243 5028 quoniam
1257 4948 1346 5010 obliti
1360 4947 1504 5009 eiusdem
1517 4947 1771 5025 praedecessoris
1787 4965 1842 5010 no-

1092 5044 1150 5105 stri
1165 5049 1295 5120 paterna
1318 5041 1503 5114 monitans
1526 5040 1698 5120 pristinum
1720 5041 1841 5105 facinus

1092 5142 1297 5208 renovantes,
1322 5136 1535 5214 episcopalem
1556 5141 1644 5196 tuam
1674 5137 1842 5200 auctorita-

1092 5241 1158 5294 tem
1181 5230 1434 5308 dignitatemque
1456 5229 1642 5308 proculcare
1665 5247 1729 5292 non
1752 5231 1842 5292 dubi-

1093 5332 1169 5398 tant,
1191 5341 1255 5386 non
1271 5339 1450 5402 possumus,
1468 5337 1542 5384 ven.
1560 5323 1669 5397 frater,
1687 5325 1766 5401 quin
1777 5325 1840 5386 tuis

1092 5420 1174 5482 votis
1190 5419 1454 5488 obsecundantes,
1472 5419 1508 5479 ad
1525 5418 1689 5496 improbos
1709 5418 1840 5481 illorum

1092 5517 1223 5574 conatus
1256 5511 1515 5589 comprimendos
1550 5511 1755 5590 apostolicam
1786 5529 1841 5575 no-

1092 5611 1190 5666 stram
1221 5604 1441 5666 auctoritatem
1472 5619 1653 5666 exeramus.
1683 5605 1840 5679 Quamob-

1092 5717 1162 5762 rem
1185 5701 1271 5764 bisce
1296 5697 1396 5760 literis
1416 5697 1516 5760 malos
1541 5699 1677 5761 istorum
1699 5700 1840 5762 aedituo-

1092 5811 1165 5857 rum
1188 5809 1281 5856 ausus
1304 5799 1413 5855 contra
1443 5793 1654 5872 episcopalem
1676 5801 1763 5856 tuam
1785 5811 1839 5873 po-

1092 5895 1238 5952 testatem
1253 5887 1483 5967 improbamus
1501 5894 1595 5965 atque
1610 5888 1837 5966 improbandos

1091 5985 1129 6046 ab
1152 5984 1300 6047 omnibus
1321 5999 1390 6046 esse
1405 5983 1618 6055 decernimus,
1637 5998 1756 6060 eosque
1772 6000 1839 6046 mo-

1771 585 1827 649 331
1880 590 1933 641 nn.
1948 591 1978 642 e.
2001 592 2070 644 retr
