1290 1823
335 172 365 187 246

328 210 368 225 inus,
380 210 427 225 quam
438 206 529 222 seminariis
542 206 652 222 ecclesiasticis
663 206 699 222 Chi-

328 229 374 245 {ensis
389 229 453 245 ditionis
465 229 513 245 tribui
525 229 571 247 solet.
583 231 631 249 atque
641 229 658 245 in
669 230 699 245 hoc

328 253 401 268 ;imiliter
411 252 491 268 Gliilcnsis
503 253 577 272 guber-nii
589 254 605 269 et
615 253 699 273 Episcopo-

328 280 361 292 ruui
373 276 393 292 de
406 276 466 292 Serena
480 276 552 292 studium
564 280 612 292 omne
625 276 699 296 impense

328 300 419 315 excitamus.

345 324 355 342 ἓ
367 323 390 338 14.
398 323 485 339 Praefatam
493 323 580 339 Ecclesiam
588 324 607 339 ds
614 323 674 339 Serena
681 325 700 339 ut

328 351 372 366 §upra
378 348 448 362 erectam
454 347 578 367 Arcniepiscopo
584 346 600 362 S.
607 347 658 362 iacobi
663 347 699 363 Gni-

328 370 374 385 lensis
385 370 450 386 ditionis
461 370 579 390 metropolitico
590 370 625 386 iure
636 370 699 386 subiici-

328 397 367 412 mus,
379 393 431 413 iisque
442 393 517 409 omnibus
528 393 560 409 frui
567 393 643 409 volumus
652 393 699 409 iacul-

328 417 389 435 tatibus,
404 417 538 436 exemptionibus,
554 416 669 437 praerogativis
683 419 700 432 et

328 440 393 458 mribus,
400 444 440 460 quae
445 440 464 456 ad
470 442 530 456 ceteras
536 440 643 460 suffraganeas
650 440 699 456 eccle-

328 464 355 479 3ias
363 464 495 484 metropolitanae
503 464 578 480 ecclesiae
587 463 640 480 Sancti
648 463 699 479 iacobi

328 487 413 507 pertinent.

346 510 412 526 Fructus
422 514 462 527 vero
476 511 548 527 eiusdem
559 515 609 527 novae
623 511 699 526 ecclesiae

328 533 345 549 le
353 533 413 550 Serena
421 538 440 550 ex
449 538 494 550 more
505 534 554 550 taxari
561 534 580 550 ad
588 534 657 550 florenos
664 534 698 550 auri

328 557 345 573 Je
356 561 418 573 camera
430 557 495 576 triginta
507 559 538 573 tres
546 561 563 573 ac
570 557 634 573 tertiam
641 557 698 572 ssoreni

328 582 393 600 partem,
401 585 418 596 ac
426 581 518 596 huiusmodi
529 582 580 596 taxam
589 581 605 596 in
616 580 661 596 libris
671 580 699 596 Ga-

328 608 379 620 merae
393 604 493 624 Apostolicae
508 606 525 620 et
537 604 579 619 Sacri
592 604 660 623 Collegit
673 604 699 619 tle-

328 627 372 643 mrim
383 627 464 643 volumus.

344 651 354 670 ἓ
362 651 386 666 15.
392 651 413 666 Ut
418 655 458 666 vero
464 652 520 666 cuncta
526 655 534 666 a
540 651 586 666 nobis
592 653 609 666 ut
614 655 662 671 supra
668 651 699 666 [iis-

328 674 375 694 posita
381 674 400 690 ad
405 678 453 690 suum
460 674 568 694 perducamur
574 674 655 692 effectum.
660 678 697 690 ven.

328 698 370 713 :ratri
381 699 436 713 nostro
446 697 531 713 Emanueli
538 697 598 713 Vicuna
606 698 699 717 metropoli-

328 725 370 737 anae
381 721 457 737 ecclesiae
468 721 484 737 S.
492 721 544 737 lacobi
553 721 572 737 de
580 721 626 737 Gliile
635 721 699 737 Archia>

328 745 394 764 piscopO.
405 748 453 764 quern
467 744 524 760 irarum
536 745 626 760 litterarum
638 746 699 760 nostra-

328 772 361 783 ⁶um
373 769 477 783 executorem
490 768 565 787 eligimus
572 772 589 783 ac
596 768 697 787 deputamus,

328 791 422 807 necessarias
437 795 493 807 omnes
506 793 522 807 et
533 793 630 811 opportunas
643 791 699 807 tribui-

328 819 361 830 mus
372 815 459 833 iacultates,
468 817 485 830 ut
496 815 529 834 ipse
537 815 562 830 vel
571 819 600 835 per
610 819 628 830 se
635 815 662 830 vel
669 819 698 835 per

328 838 371 853 iliam
377 842 462 858 personam
468 838 574 854 ecclesiastica
579 838 657 858 dignitate
663 842 699 854 con-

328 861 397 877 stitutam
408 862 427 877 ab
434 865 454 877 eo
461 862 597 881 subdelegandam
609 862 662 877 omnia
669 864 699 877 sta*

328 889 372 900 ,uere
384 889 401 900 ac
413 885 501 900 decernere
517 885 573 903 valeat,
588 887 636 904 atque
650 885 698 901 etiam

328 912 361 924 :um
371 908 445 924 facultate
455 908 507 924 eidem
516 909 612 928 exequutori
619 909 654 924 sive
664 909 698 924 eius

328 932 429 952 zuhdelegato
437 932 520 948 definitive
526 932 641 952 pronunciandi
649 937 698 952 super

328 959 425 975 Juacumque
431 955 531 975 oppositione
537 956 614 971 adversus
619 956 698 975 praedicta

328 979 446 998 {uomodolibet
458 979 524 997 oritura,
534 979 604 995 iniuncta
617 979 646 999 ipsi
659 979 698 995 obli-

328 1003 388 1022 gatione
399 1003 486 1022 diligenter
493 1003 510 1018 in
518 1003 583 1018 decreto
594 1003 698 1018 executoriali

328 1026 425 1042 lescribendi
436 1028 452 1042 et
463 1026 568 1046 praefiniendi
579 1026 638 1042 limites
646 1030 698 1042 novae

328 1050 401 1065 lioecesis
410 1054 427 1065 ac
437 1050 510 1065 mittendi
522 1050 540 1065 acl
551 1054 610 1065 sacram
618 1049 698 1065 Consisto-

328 1073 380 1089 'ialem
391 1073 538 1092 Congregationem
550 1073 591 1088 intra
598 1077 626 1088 sex
635 1077 698 1089 menses

328 1097 342 1112 ι1)
353 1097 417 1116 expleta
427 1096 518 1112 litterarum
528 1096 650 1116 apostolicarum
661 1100 698 1112 exe-

328 1120 387 1136 zutione
398 1119 480 1139 exemplar
487 1120 578 1135 authentica
586 1119 636 1135 forma
644 1124 698 1135 exara-

328 1147 358 1159 ,um
369 1143 471 1159 decretorum
484 1143 556 1158 omniurn
564 1147 605 1162 quae
615 1143 632 1159 in
640 1143 697 1159 harum

329 1167 413 1183 itterarum
426 1166 539 1182 executionem
550 1167 619 1184 emittet,
627 1167 668 1182 utin
676 1169 697 1183 ta=

328 1190 385 1206 >alarin
396 1190 529 1209 Congregationis
539 1190 588 1206 rebus
599 1190 698 1206 consistoria-

329 1214 365 1229 ibus
376 1214 474 1233 praepositae
485 1214 505 1229 de
516 1218 561 1229 more
572 1216 670 1229 asservetur.

343 1238 353 1256 ἓ
364 1237 387 1253 16«
394 1237 488 1253 Praesentes
495 1239 549 1253 autem
555 1237 621 1255 litteras,
629 1239 645 1253 et
653 1237 668 1253 in
675 1238 697 1253 eis

328 1262 398 1276 eontenta
408 1264 525 1280 quaecumque,
534 1261 581 1276 etiam
593 1265 613 1276 ex
624 1265 643 1276 eo
654 1261 697 1280 quod

328 1284 392 1304 utilibet
406 1284 486 1300 interesse
502 1284 579 1300 hahentes
595 1284 622 1300 vel
637 1284 697 1300 habere

328 1308 452 1326 ›raetendentes,
457 1307 509 1323 vocati
515 1309 531 1323 et
537 1307 586 1323 auditi
592 1312 624 1323 non
630 1308 696 1326 fuerint,

328 1336 340 1347 ic
351 1331 442 1352 praemissis
451 1335 483 1347 non
492 1331 609 1349 consenserint,
618 1333 697 1351 quatenus

328 1359 363 1375 rpus
374 1355 400 1373 sit,
409 1355 428 1370 de
436 1354 531 1374 apostolicae
539 1355 621 1374 potestatis
628 1355 697 1374 plenitu-

328 1379 360 1394 line
371 1378 471 1398 supplentes.
485 1378 530 1394 nullo
541 1382 612 1397 unquam
623 1380 697 1398 tempore

328 1402 343 1418 le
354 1402 464 1422 subreptionis
472 1402 497 1417 vel
506 1401 605 1421 obreptionis
615 1403 642 1417 aut
650 1402 697 1417 nulli-

330 1425 359 1441 atis
370 1425 415 1443 vitio,
423 1429 452 1441 seu
460 1425 555 1440 intentionis
565 1426 629 1440 nostrae
637 1425 663 1441 vel
670 1425 697 1441 ali-

328 1453 356 1468 1uo
366 1449 397 1464 alio
408 1449 455 1464 etiam
463 1448 563 1463 substantiali
574 1448 638 1464 deiectu
646 1448 697 1468 impu-

328 1472 374 1491 gnari,
383 1472 441 1490 notari,
448 1474 475 1487 aut
482 1472 499 1487 in
508 1472 635 1487 controversiam
644 1472 697 1488 vocari

328 1495 378 1513 lussit.
387 1495 415 1511 secl
425 1499 490 1515 semper
500 1497 515 1511 et
526 1497 604 1515 perpetuo
614 1495 673 1511 validas
681 1497 697 1511 et

328 1519 394 1534 efficaces
412 1519 482 1534 existere
498 1523 568 1538 suosque
584 1519 665 1538 plenarios
681 1521 697 1534 et

584 176 616 188 nm.
628 176 674 188 Ροκτ.
686 177 707 188 ΠΕ
718 177 732 188 1³.
745 176 759 188 r.
772 177 814 188 tuns
825 177 835 188 ι.

726 206 800 225 integros
811 206 876 222 effectus
884 206 939 222 sortiri
947 208 964 222 et
971 206 1050 224 obtinere.
1059 211 1076 222 ac
1083 207 1101 222 ab

727 229 802 245 omnibus
810 230 828 245 ad
836 233 877 249 quos
884 231 945 249 spectat
952 229 1067 245 inviolabiliter
1075 230 1101 245 oh-

726 253 788 268 servari
795 253 860 271 debere,
865 253 947 271 volumus,
953 253 1047 269 mandamus
1054 255 1101 273 atque

727 276 835 292 decernimus.

746 300 756 318 ἓ
767 299 791 315 17«
800 299 835 315 Non
847 300 947 315 obstantibus
958 300 978 315 de
985 300 1021 316 iure
1029 300 1101 319 quaesito

727 327 759 338 non
771 323 848 341 tollendo,
857 323 877 339 dc
886 323 1019 343 suppresionibus
1028 324 1101 339 commit-

727 347 779 362 tenuis
790 347 809 362 ad
817 348 875 366 partes,
882 347 942 362 vocatis
949 351 1020 366 quorum
1027 347 1100 365 interest,

726 370 793 389 aliisque
802 370 860 385 nostris
867 371 883 385 et
888 370 995 386 Cancellariae
1001 370 1101 390 Apostolicae

727 393 788 412 regulis
799 397 816 409 au
827 393 843 408 iu
854 393 963 413 synodalibus,
977 394 1101 413 provincialibus

727 417 878 437 universalibusque
890 417 961 433 conciliis
973 417 1019 433 editis
1030 418 1101 437 speciali-

727 440 756 455 bus
771 440 798 456 vel
812 440 914 459 generalibus
928 441 1070 457 constitutionibus
1085 443 1101 457 et

727 463 863 482 ordinationibus,
880 464 970 484 apostolicis
986 466 1002 480 et
1018 465 1101 484 quibusvis

726 487 760 503 aliis
770 487 879 503 Romanorum
887 488 982 504 Pontificum
990 488 1101 508 praedecesso-

726 515 763 526 rum
778 513 871 527 nostrorum
885 511 1022 531 dispositionibus,
1035 512 1101 528 ceteris-

726 538 758 554 que
769 535 853 550 contrariis
864 535 998 554 quibuscumque.

746 558 755 576 ἓ
767 557 790 573 18.
800 557 878 573 Volumus
886 560 969 578 praeterea
977 560 994 574 ut
1002 558 1060 574 harum
1065 559 1101 574 lite-

726 585 781 596 rarum
790 581 894 601 transumptis
901 581 948 597 etiam
956 582 1044 602 impressis,
1052 586 1100 598 manu

727 606 780 620 tamen
791 604 858 620 alicuius
869 605 927 620 notarii
938 605 997 625 publici
1006 605 1100 625 subscriptis

726 629 742 643 et
752 627 807 647 sigillo
818 632 896 647 personae
907 628 923 644 in
935 628 1040 644 ecclesiastica
1049 629 1101 648 digni-

727 653 758 666 tate
769 651 870 669 constitutae,
883 652 938 667 eadem
949 656 1014 671 prorsus
1026 652 1065 668 fides
1074 653 1101 668 ad-

726 674 806 693 hibeatur,
818 678 859 694 quae
870 675 907 694 ipsis
915 675 1026 695 praesentibus
1036 676 1100 691 adhibe-

726 699 776 716 retur,
785 698 799 713 si
810 698 864 713 forent
874 698 955 714 exhibitae
964 699 990 714 vel
1000 701 1078 714 ostensae.

745 722 755 740 ἓ
763 721 786 736 19.
794 721 838 737 Nulli
844 725 884 741 ergo
890 722 956 737 omnino
963 722 1048 737 hominum
1054 722 1101 738 liceat

726 744 800 764 paginam
813 744 853 760 hanc
866 747 934 760 nostrar.
947 745 1099 764 dismembrationis,

725 768 836 786 seiunctiouis,
842 768 951 788 separationis,
958 769 1049 787 erectionis.
1056 770 1101 785 insti>

726 791 798 809 tutionis,
810 791 925 811 assignationis,
937 792 1051 811 attributionis,
1063 793 1100 809 sub-

725 814 804 832 iectionis,
811 815 923 833 concessionis,
931 815 995 834 indulti,
1002 816 1100 832 commissio-

726 838 755 856 nis,
768 838 881 857 deputationis,
893 839 968 857 mandati,
978 839 1044 858 decreti,
1053 840 1100 855 dero-

726 861 793 881 gationis
804 866 822 877 ac
833 862 926 880 voluntatis,
937 862 1034 882 infringere,
1046 864 1072 879 vel
1084 864 1099 879 ei

725 889 764 900 ausu
777 885 864 901 temerario
877 886 962 901 contraire.
975 886 991 901 Si
1002 887 1037 906 quis
1045 888 1099 902 autem

725 908 756 924 noc
770 910 848 924 attentare
861 909 992 929 praesumpserit,
1005 910 1099 929 indignatio-

726 936 763 947 nem
770 932 885 952 oninipotentis
892 932 926 951 Dei,
936 937 954 948 ac
964 933 1048 949 beatorum
1056 934 1098 949 Petri

726 957 742 970 et
747 955 791 971 Pauli
799 955 912 975 Apostolorum
921 957 961 974 eius,
972 961 990 972 se
1002 957 1065 972 noverit
1075 957 1099 972 in-

725 982 818 994 cursurum.

745 1002 802 1017 Datum
810 1002 870 1018 Romae
877 1003 918 1023 apud
927 1003 942 1019 S.
952 1004 1017 1019 Petrum
1025 1008 1066 1019 anno
1074 1004 1099 1020 ln-

725 1026 821 1041 carnationis
832 1026 921 1042 dominicae
933 1027 1019 1043 millesimo
1027 1028 1098 1047 octigen-

726 1050 782 1065 tcsimo
793 1050 922 1069 quadragesimo,
931 1050 1004 1066 kalendis
1011 1051 1051 1067 iulii.
1060 1055 1098 1070 pon-

726 1073 793 1088 tificatus
804 1073 855 1089 nostri
866 1077 907 1088 anno
919 1073 986 1089 decimo.

881 1143 940 1159 CLXX.

725 1190 787 1206 Statuit
798 1189 873 1206 Achatem
884 1190 899 1206 S.
912 1190 987 1206 Mum-itit
998 1190 1015 1206 in
1023 1190 1099 1210 inferiori

747 1213 808 1229 valesia
823 1218 852 1234 pro
864 1215 932 1234 temporo
946 1214 1030 1234 episcopali
1041 1214 1098 1229 chara-

745 1239 786 1253 ctera
797 1237 905 1253 decorandum
916 1241 953 1254 aare,
965 1237 1009 1257 cique
1016 1237 1098 1257 conseren-

745 1261 782 1276 dum
797 1261 904 1281 episcopatum
919 1260 997 1276 Bethleem
1010 1260 1066 1280 Syriae
1080 1261 1098 1276 in

721 1293 724 1297 -
743 1283 818 1304 partibus
829 1284 922 1304 infidelium.

811 1326 920 1343 eaeeontus
932 1327 962 1343 ΡΡ.
975 1326 1010 1343 ΧῪΙ.

784 1357 803 1374 sd
815 1359 902 1378 perpetuam
914 1357 936 1374 rei
948 1357 1036 1374 memoriam.

745 1402 761 1417 ln
773 1402 871 1422 amplissimo
882 1401 977 1421 apostolicae
987 1401 1068 1420 dignitatis
1075 1403 1097 1417 at-

725 1429 756 1445 que
766 1425 865 1441 auctoritatis
880 1425 939 1445 gradu,
952 1425 1000 1440 nullis
1014 1427 1059 1440 certe
1069 1429 1097 1440 no-

724 1449 761 1464 stris
768 1449 866 1469 promeritis,
873 1449 900 1464 sed
908 1448 985 1464 ineffabili
991 1448 1053 1464 divinae
1061 1453 1097 1468 pro-

724 1472 804 1488 videntiae
814 1472 886 1490 consilio,
895 1471 972 1490 collocati,
985 1476 1001 1487 ac
1012 1474 1097 1491 propterca

724 1496 744 1511 de
755 1496 832 1511 universo
838 1495 917 1511 dominico
924 1499 980 1514 grege,
988 1499 1036 1514 quem
1042 1495 1097 1511 Pastor

724 1521 799 1535 aeternus
810 1519 856 1534 nobis
867 1519 963 1538 pascendum
974 1519 1059 1537 commisit,
1070 1523 1096 1534 ve-

1115 174 1134 187 An
1145 176 1158 188 G,
1167 177 1198 190 1³¹0

1122 1405 1184 1417 Exordium
