4822 6986
988 665 1087 716 rnonv
1108 666 1320 718 nuanrcnnon
1650 648 1653 657 ’
1852 647 1911 716 leb

432 789 512 868 plios
534 805 591 869 per
613 789 802 869 apostolicos
825 785 1006 868 operarios;
1024 783 1124 846 socie·
1239 787 1390 864 gationis,
1421 802 1502 865 quae
1528 788 1734 865 peculiariter
1755 787 1794 850 de
1816 787 1930 850 decre-

433 889 530 946 tatem
552 883 788 962 propagationis
811 883 885 945 fidei
907 879 1057 958 Lugduni
1077 879 1123 940 in·
1238 880 1278 940 tis
1299 880 1362 942 illis
1385 897 1566 957 eorumque
1589 881 1797 960 petitionibus
1813 887 1930 943 statue-

431 979 576 1040 stitutam
605 977 751 1039 laudibus
781 975 1009 1055 prosequitur;
1032 972 1123 1034 Prae·
1240 974 1293 1035 rit.
1317 973 1387 1036 268.

430 1073 516 1134 eules
542 1072 689 1134 hortatur
720 1071 813 1133 buius
840 1069 999 1132 societatis
1022 1067 1124 1128 incre·
1179 1063 1356 1131 CLXXXV.
1380 1069 1491 1132 Iacobo
1521 1069 1614 1132 Holas
1637 1070 1836 1132 Patriarcbao
1858 1069 1932 1132 Cili-

432 1173 541 1228 menta
563 1166 676 1228 lovere
698 1171 757 1228 etc.
781 1163 851 1228 266.
912 1153 916 1165 ’
1240 1162 1305 1224 tiae
1327 1162 1546 1226 Armenorum
1568 1163 1701 1242 pallium
1725 1164 1830 1226 tradit.
1859 1161 1929 1225 269.

372 1259 520 1324 CLXXv.
537 1260 737 1322 Provinciam
753 1259 912 1321 Yun-nau
927 1257 960 1318 in
977 1255 1060 1318 Sinis
1076 1271 1125 1316 se·
1180 1251 1370 1318 CLXXle.
1404 1257 1552 1320 iacobum
1585 1257 1679 1320 Holas
1711 1256 1931 1334 Arcbiepisco-

434 1361 548 1432 gregat
568 1371 584 1416 a
607 1353 759 1416 vicariatu
783 1352 987 1424 Sutcbuensi,
1010 1356 1043 1412 et
1064 1349 1124 1412 eri·
1241 1364 1317 1426 pum
1340 1349 1489 1413 Amasen.
1513 1351 1546 1412 in
1569 1351 1782 1414 Patriarebam
1805 1349 1932 1413 Ciliciae

434 1449 480 1524 git
500 1449 534 1510 in
555 1463 678 1522 novum
696 1447 884 1510 vicariatum
900 1443 1122 1526 apostolicum,
1240 1441 1459 1506 Armenorum
1482 1447 1584 1524 eligit.
1607 1443 1677 1508 266.

434 1543 524 1605 cuius
547 1558 656 1604 curam
683 1539 856 1604 committit
876 1538 1049 1600 seminario
1072 1537 1124 1598 Pa·
1180 1532 1383 1600 CLXXlel.
1415 1539 1615 1602 Patriarcbae
1637 1541 1775 1603 nationis
1798 1538 1933 1601 Maroni-

433 1636 561 1700 risiensi
583 1636 774 1698 missionum
796 1634 834 1696 ad
856 1639 996 1694 exteros.
1019 1631 1088 1692 253.
1240 1635 1345 1692 tarum
1368 1633 1479 1695 scribit
1494 1635 1533 1696 de
1549 1635 1711 1708 subsidiis,
1729 1650 1811 1712 quae
1826 1635 1931 1697 calbo-

374 1730 535 1792 CLXle.
561 1729 727 1810 Superiori
748 1727 912 1790 seminarii
938 1725 1124 1788 Parisiensis
1239 1722 1317 1785 licae
1340 1727 1486 1789 nationes
1510 1727 1656 1790 tribuunt
1670 1736 1707 1790 ut
1723 1727 1885 1790 Maronitis
1902 1734 1933 1788 et

434 1823 625 1886 missionum
652 1823 689 1886 ad
712 1829 841 1885 exteros
867 1819 1124 1898 committit'ele-
1241 1818 1392 1880 ecclesiae
1414 1821 1496 1898 apud
1518 1821 1591 1883 illos
1612 1821 1691 1884 belli
1706 1815 1931 1882 vicissitudini·
1990 1825 1993 1834 ’

433 1918 573 1980 ctionem
596 1917 712 1980 vicarii
733 1917 843 1996 Apost.
869 1914 1037 1986 Yun-nan,
1054 1913 1125 1974 cba-
1241 1907 1299 1970 bus
1322 1911 1452 1974 afflictae
1474 1919 1675 1976 succurrant.
1698 1911 1768 1976 263.

434 2015 557 2072 ractere
585 2010 755 2090 episcopali
782 2006 964 2079 decorandi,
988 2022 1028 2068 ex
1050 2006 1125 2068 mis·
1181 2001 1398 2067 CLXXlell.
1436 2007 1640 2070 Dominicum
1672 2007 1831 2070 Leiebvre
1864 2005 1931 2068 vic.

434 2103 581 2166 sionariis
611 2104 756 2166 eiusdem
785 2101 950 2165 seminarii
978 2101 1010 2162 in
1041 2099 1124 2161 Sinis
1241 2097 1300 2176 Ap.
1324 2099 1560 2164 Cocbincbinae
1590 2101 1752 2163 missionis
1782 2101 1883 2178 eligit,
1908 2099 1934 2159 si

433 2196 662 2258 laborantibus.
685 2197 754 2258 261.
1241 2190 1416 2271 Episcopus
1446 2194 1754 2273 lletellopolitanus,
1784 2210 1850 2256 non
1872 2193 1933 2254 iam

374 2289 549 2352 CLXlel.
580 2289 773 2368 blongoliam
803 2289 900 2366 erigit
927 2288 960 2350 in
988 2287 1125 2366 peculia·
1241 2284 1408 2363 designato
1429 2287 1625 2361 coadiutore,
1650 2304 1689 2352 en
1712 2289 1770 2350 bac
1791 2287 1855 2348 vita
1877 2287 1935 2348 mi-

434 2399 504 2446 rem
537 2384 724 2446 vicariatum
756 2383 967 2462 apostolicum
999 2399 1015 2442 a
1042 2381 1124 2442 vica·
1242 2379 1395 2455 gravarit.
1418 2380 1496 2443 lbid.

434 2477 516 2540 riatu
545 2477 732 2556 Leao-tung
754 2478 965 2549 disiunctum,
990 2476 1124 2553 eiusque
1181 2469 1371 2534 CLXXXIX.
1397 2473 1521 2538 vicario
1544 2475 1652 2554 Apost.
1672 2475 1835 2554 Tunquini
1850 2473 1935 2538 Occi·

435 2587 544 2634 curam
573 2572 669 2634 tradit
696 2569 939 2648 congregationi
968 2568 1124 2630 llissionis
1176 2637 1177 2642 .
1240 2565 1376 2628 dentalis
1408 2569 1582 2632 committit
1611 2571 1735 2648 eligere
1765 2575 1798 2632 et
1825 2585 1935 2632 conse-

435 2663 540 2726 Sancti
562 2663 723 2727 vincentii
744 2682 761 2725 a
783 2663 890 2726 Paulo.
914 2661 993 2726 lbid.
1241 2675 1331 2722 orare
1361 2677 1484 2724 novum
1510 2662 1577 2726 vic.
1602 2662 1661 2742 Xp.
1684 2663 1933 2732 Cocbincbinac,

375 2757 563 2820 CLXlell.
588 2757 755 2838 Superiori
776 2757 920 2836 generali
942 2756 1125 2834 Congrega-
1240 2753 1267 2813 si
1289 2753 1356 2818 vic.
1380 2755 1439 2835 Ap.
1464 2764 1497 2820 et
1516 2757 1692 2821 Coadiutor
1716 2758 1800 2820 diem
1823 2773 1935 2836 supre-

435 2851 529 2913 tionis
553 2851 709 2913 llissionis
731 2852 859 2914 mandat
879 2857 916 2912 ut
937 2863 1022 2913 novo
1043 2850 1125 2911 vica-
1241 2862 1331 2910 mum
1354 2849 1479 2914 obeant.
1502 2849 1572 2914 266.

436 2945 529 3008 riatui
565 2945 744 3022 llongoliae
780 2961 882 3008 unum
916 2961 955 3007 ex
986 2944 1125 3006 alumnis
1181 2939 1933 3025 CXC.chbiepiscopollrmacanoetpereum

433 3037 700 3116 Congregationis
722 3039 882 3117 praeliciat
904 3037 1073 3116 episcopali
1088 3038 1126 3099 ti·
1242 3037 1358 3098 ceteris
1380 3038 1586 3102 Praesulibus
1609 3040 1780 3102 Hiberniae
1798 3039 1935 3117 gratula-

436 3131 503 3194 tulc
525 3133 752 3195 decorandum.
776 3132 845 3194 266.
1241 3135 1294 3191 tur
1317 3131 1356 3193 ob
1378 3133 1566 3196 unanimem
1583 3133 1831 3196 consensionem
1848 3133 1935 3194 iniis

376 3221 537 3286 CLXXIX.
562 3223 765 3288 visitatorem
780 3232 880 3304 apost.
898 3241 956 3304 pro
972 3225 1125 3290 missione
1242 3224 1438 3303 excipiendis
1461 3242 1542 3304 quae
1564 3227 1647 3288 circa
1669 3225 1829 3289 nationale
1845 3227 1935 3288 insti-

434 3319 468 3380 in
489 3317 603 3380 Bosnia
625 3318 725 3397 eligit.
751 3317 819 3381 166.
1242 3318 1380 3380 tuendae
1394 3319 1573 3382 iuventutis
1588 3327 1730 3399 systema
1744 3319 1777 3383 S.
1792 3320 1935 3398 Congre-

374 3408 522 3474 CLXXX.
559 3412 743 3490 Respondet
777 3413 912 3492 principi
944 3413 1124 3476 insularum
1242 3412 1325 3488 gatio
1348 3414 1568 3490 responderat.
1592 3413 1662 3480 266.

433 3505 619 3568 Cambieres
641 3507 804 3584 propriam
826 3507 1074 3570 conversionem
1090 3525 1124 3571 ac
1180 3503 1283 3566 CXCI.
1308 3503 1440 3584 Separat
1461 3523 1477 3568 a
1499 3507 1638 3569 dioecesi
1660 3507 1859 3570 (landavensi
1882 3525 1933 3569 eas

434 3597 557 3677 pietatis
581 3615 676 3678 opera
694 3617 729 3663 ac
743 3601 931 3680 praesertim
948 3601 1059 3679 templi
1076 3619 1124 3663 ae·
1241 3599 1401 3676 paroecias
1430 3601 1614 3680 provinciae
1642 3601 1827 3674 Zelandiae,
1854 3617 1935 3679 quae

434 3692 648 3756 diflcationem
670 3709 710 3756 ex
731 3694 834 3771 lapide
849 3700 1029 3772 susceptam
1045 3694 1124 3757 Pon·
1240 3693 1336 3755 modo
1351 3694 1464 3756 ditioni
1476 3693 1571 3772 Regis
1584 3693 1687 3772 Belgii
1700 3694 1811 3775 (Pocsi
1824 3694 1934 3774 Bassi)

434 3784 509 3847 tilici
538 3785 772 3864 manifestanti;
803 3803 878 3849 enm
904 3803 978 3849 cum
1004 3788 1123 3867 populo
1239 3785 1386 3860 subsunt,
1404 3803 1520 3866 easque
1543 3789 1613 3850 unit
1628 3785 1936 3868 vicariatni'apcsto-

433 3879 471 3940 ad
492 3881 768 3958 perseverandum
783 3881 891 3954 allicit,
910 3887 942 3944 et
958 3881 1049 3959 plura
1065 3899 1123 3944 nu-
1239 3879 1300 3942 lico
1321 3880 1453 3944 Bredae.
1476 3881 1555 3945 lbid.

433 3972 579 4034 mismata
607 3990 647 4036 en
675 3990 754 4036 auro
777 3981 809 4036 et
829 3981 965 4052 argento
987 3975 1025 4038 ad
1047 3991 1122 4038 eum
1179 3971 1295 4036 CXCll.
1324 3975 1464 4038 Praesidi
1486 3975 1691 4054 Reipublicae
1713 3976 1876 4039 Haitarum
1900 3976 1932 4037 in

432 4065 567 4143 eiusque
589 4083 726 4132 uxorem
748 4068 832 4130 dono
855 4069 963 4131 mittit.
991 4069 1068 4132 lbid.
1239 4066 1344 4130 lnsula
1362 4066 1393 4131 S.
1412 4069 1568 4131 Dominici
1584 4070 1790 4132 commendat
1805 4071 1934 4148 Episco-

373 4155 535 4221 CLXXXl.
561 4160 787 4224 Coadiutorem
809 4161 978 4224 vicariatus
1000 4171 1124 4243 aposto·
1239 4176 1316 4240 pum
1339 4159 1370 4223 S.
1388 4161 1539 4225 Ludovici
1557 4179 1655 4240 quem
1670 4163 1748 4226 illuc
1764 4163 1863 4226 mittit
1878 4180 1935 4225 no-

433 4251 483 4315 lici
506 4253 752 4334 Madraspatani,
783 4253 945 4318 vicarium
968 4256 1124 4336 Apostoli·
1240 4269 1318 4316 vum
1340 4256 1536 4333 delegatum,
1560 4263 1597 4319 ut
1618 4258 1731 4320 damna
1753 4257 1930 4335 Religionis

433 4363 507 4408 cum
532 4348 766 4426 Bengalensem
788 4349 1029 4413 seuCalcuttae
1050 4367 1124 4414 con·
1240 4348 1284 4410 ibi
1299 4349 1475 4428 gliscentia,
1495 4351 1563 4412 eius
1580 4351 1737 4430 praesidio
1753 4350 1865 4424 tultus,
1884 4367 1933 4412 re-

433 4441 547 4504 stituit.
571 4441 641 4505 267.
1240 4457 1352 4520 parare
1374 4444 1484 4521 possit.
1507 4442 1577 4505 268.

374 4533 548 4600 CLXXXll.
572 4536 749 4600 bulonium
778 4537 949 4600 Mussabini
972 4538 1122 4618 chbiep.
1180 4533 1309 4596 CXClll.
1326 4533 1487 4598 Nonnulla
1499 4536 1639 4599 declarat
1651 4544 1683 4600 et
1694 4538 1840 4600 decernit
1852 4537 1933 4600 cirea

435 4628 647 4710 Smyrnarnm
677 4631 882 4695 visitatorem
903 4631 1124 4711 Apostolicnrn
1240 4627 1408 4691 missiones
1430 4629 1599 4693 Custodiae
1615 4631 1732 4693 Terrae
1749 4630 1881 4694 Sanctae
1902 4633 1934 4693 in

435 4725 526 4801 eligit
547 4726 585 4788 ad
606 4726 838 4804 inquirendum
860 4727 899 4788 de
922 4726 984 4789 side
1007 4735 1039 4790 et
1058 4743 1125 4790 mo·
1240 4722 1413 4786 Palaestina
1434 4741 1468 4786 ac
1483 4725 1516 4786 in
1531 4724 1735 4788 vicariatibus
1750 4726 1933 4804 apostolicis

435 4817 525 4882 ribus
547 4819 742 4883 Graecorum
769 4827 801 4882 et
822 4819 1053 4883 Albanensium
1075 4837 1125 4883 re·
1243 4814 1353 4896 Syriae
1375 4823 1406 4879 et
1427 4816 1583 4897 Aegypti3
1614 4819 1878 4898 poenitentiarios
1900 4821 1933 4882 in

437 4911 493 4990 gni
512 4913 683 4991 utriusque
706 4913 840 4976 Siciliae.
865 4914 943 4977 lbid.
1241 4911 1322 4973 urbe
1345 4911 1630 4991 hierosolymitana
1652 4915 1836 4990 constituit3
1854 4921 1936 4978 tem-

376 5004 564 5068 CLXXXlll.
592 5005 753 5070 vicarium
778 5006 836 5087 Rp.
860 5008 1022 5071 districtus
1044 5008 1127 5072 Wal·
1242 5019 1300 5082 pus
1322 4998 1388 5082 pro‘
1406 5005 1592 5069 officialibus
1614 5023 1648 5069 ac
1669 5007 1872 5070 visitantibus
1895 5009 1932 5070 ad

436 5099 497 5162 liae
511 5100 545 5162 in
560 5099 675 5178 Anglii
686 5100 893 5164 visitatorem
910 5102 1040 5180 deputat
1055 5117 1126 5180 pro·
1242 5103 1435 5166 sexennium
1458 5111 1621 5182 prorogat.
1645 5101 1714 5166 269.

436 5195 559 5257 vinciae
571 5194 764 5272 Anglicanae
779 5194 905 5258 Ordinis
922 5196 1058 5258 fratrum
1074 5195 1127 5258 111-
1184 5193 1315 5258 CXClv.
1343 5195 1390 5257 bd
1412 5197 1648 5260 consulendum
1677 5197 1829 5276 gravibus
1851 5197 1936 5260 Reli-

438 5305 556 5351 norum
582 5287 614 5351 S.
637 5289 794 5352 Francisci
817 5288 992 5353 Strictioris
1014 5287 1128 5353 Obser-
1245 5289 1349 5366 gionis
1365 5295 1397 5352 et
1412 5291 1557 5353 fidelium
1572 5291 1815 5354 necessitatibus
1831 5293 1864 5353 in
1879 5292 1938 5354 Re-

437 5384 574 5448 vantiae.
597 5384 666 5448 268.
1245 5381 1369 5461 publicat
1392 5382 1567 5458 Haitarum,
1585 5385 1662 5447 illuc
1684 5385 1783 5448 mittit
1804 5385 1937 5462 Delega-

379 5473 569 5541 CLXXle.
604 5478 724 5541 Laudat
752 5479 917 5542 Praesules
947 5480 1129 5559 provinciae
1245 5483 1313 5539 tum
1336 5476 1557 5557 Apostolicum
1573 5478 1766 5558 Episcopum
1783 5477 1814 5542 S.
1834 5479 1936 5542 Ludo-

438 5571 645 5636 Baltimoren.
669 5573 703 5636 in
719 5573 866 5637 Americt
881 5575 921 5637 ob
937 5575 1128 5637 celebratam
1244 5571 1306 5634 vici
1327 5572 1360 5633 in
1382 5572 1529 5635 America
1550 5574 1817 5651 septemtrionali.
1844 5573 1914 5636 271.

440 5665 491 5729 lv
516 5665 694 5747 Synodum,
720 5675 751 5732 et
773 5669 900 5732 decreta
921 5669 959 5731 ad
981 5669 1077 5732 fidem
1098 5675 1130 5731 et
1185 5664 1303 5728 CXCV.
1331 5665 1407 5745 Agit
1428 5683 1502 5730 cum
1529 5669 1733 5732 Praesulibus
1756 5669 1936 5747 Hungariae

440 5761 638 5840 disciplinam
656 5763 846 5826 servandam
861 5763 1129 5840 promovendam·
1245 5760 1284 5824 de
1306 5763 1520 5827 matrimoniis
1542 5763 1651 5826 mixtis
1673 5763 1711 5826 ab
1733 5763 1872 5826 Ecclesia
1888 5781 1937 5826 re-

442 5870 505 5932 que
532 5855 609 5929 lata,
641 5871 788 5935 quaeque
817 5855 906 5918 Sedis
932 5856 1129 5935 Apostolicae
1247 5855 1404 5933 probatis3
1428 5857 1467 5920 de
1489 5857 1591 5920 causis
1607 5864 1639 5920 et
1654 5858 1854 5921 cautionibus
1870 5859 1938 5936 qui-

442 5949 582 6010 enamini
602 5949 821 6012 subiecerant:
848 5949 958 6029 eisque
973 5950 1131 6028 significat
1247 5950 1306 6012 bus
1329 5966 1563 6030 nonnunquam
1586 5952 1831 6031 permittuntur,
1850 5968 1884 6014 ac
1899 5953 1938 6014 de

443 6050 629 6122 accepturos
650 6061 721 6106 esse
742 6061 799 6122 per
814 6044 923 6107 literas
939 6043 971 6106 S.
988 6044 1130 6123 Congre-
1250 6045 1460 6123 improbando
1472 6047 1686 6126 parochorum
1698 6065 1758 6110 usu
1771 6047 1837 6126 qui,
1852 6046 1940 6109 trulla

488 6189 541 6236 latr.
559 6189 628 6236 Pom.
645 6190 675 6235 cie
692 6192 765 6248 l’rop.
781 6191 842 6238 Fide
857 6191 938 6238 Partis
952 6193 970 6236 l.
987 6190 1040 6237 vol.
1058 6195 1084 6238 v.
1807 6198 1832 6240 tt
