4770 6982
909 587 1085 634 oneoonlos
1106 589 1158 635 PP.
1182 591 1247 638 xvi.

299 707 381 768 libus
401 700 546 767 conciliis
570 708 661 770 editis
685 707 890 784 generalibus
912 706 966 768 vel
980 722 1049 784 spe-

299 799 428 863 cialibus
440 802 726 865 constitutionibus
739 808 771 864 31
783 801 1048 872 ordinationibus,

299 892 477 972 privilegiis
493 910 634 972 quoque,
649 895 782 957 indultis
799 901 831 956 et
845 894 962 956 litteris
978 910 1051 972 apo·

298 988 418 1050 stolicis
440 988 474 1050 in
495 989 663 1051 contrariis
690 989 942 1067 praemissorum
972 1004 1051 1065 ouo-

299 1083 477 1145 modolibet
498 1085 668 1155 concessis,
686 1083 883 1146 confirmatis
906 1090 938 1145 et
959 1083 1051 1144 inno-

300 1177 391 1248 vatis,
415 1176 532 1254 quibus
555 1177 705 1240 omnibus
721 1184 753 1239 et
767 1178 902 1254 singulis
917 1177 1049 1238 illorum

298 1277 429 1334 tenores
458 1271 680 1350 praesentibus
708 1287 764 1349 pro
791 1271 887 1349 piene
909 1272 1049 1333 3133111-

298 1364 422 1426 cienter
444 1365 605 1442 expressis
627 1381 661 1426 33
683 1365 723 1426 de
742 1365 844 1427 verbo
859 1365 896 1426 ad
912 1364 1050 1427 verbum

300 1457 429 1518 insertis
451 1457 617 1530 babentes,
634 1457 698 1518 illis
720 1457 794 1520 alias
810 1459 842 1520 in
858 1475 917 1520 suo
933 1459 1051 1520 robore

301 1551 531 1628 permansuris,
559 1551 596 1612 ad
618 1552 870 1628 praemissorum
899 1552 1051 1615 ellectum

301 1645 358 1707 bae
380 1645 449 1707 vice
472 1646 636 1708 dumtaxat
653 1646 836 1724 specialiter
851 1653 883 1708 et
898 1663 1052 1725 expresse

301 1740 506 1816 derogamus,
525 1739 722 1818 eaeterisque
738 1741 906 1803 contrariis
921 1742 1052 1818 quibus-

301 1849 452 1910 cumque.

341 1927 454 1988 Datum
477 1925 596 1990 Romae
619 1929 700 2006 apud
724 1927 754 1991 S.
773 1930 904 1993 Petrum
924 1932 984 1993 sub
999 1947 1052 1992 an-

301 2022 379 2083 nulo
390 2021 557 2084 Piscatoris
573 2022 623 2084 die
637 2038 703 2084 rur.
719 2023 824 2084 martii
836 2041 1051 2098 succensui,

302 2115 503 2193 pontificatus
525 2116 627 2178 nostri
649 2132 732 2178 anno
754 2134 824 2178 xm.

600 2401 763 2464 ccxxix.

335 2619 337 2624 ,
416 2587 600 2651 1111113333
627 2589 740 2652 l'rtoeti
761 2591 796 2652 io
819 2591 934 2671 Africd

363 2682 398 2744 in
423 2681 624 2745 Vicariatatm
646 2681 862 2763 apostoticam
883 2685 989 2766 eripit.

478 2853 700 2922 caesonius
724 2821 783 2922 ea.
807 2855 879 2922 arr.

423 2977 461 3043 ad
484 2982 662 3061 perpetuam
685 2979 729 3044 rei
752 2979 934 3044 memorien.

344 3157 392 3218 Ex
414 3156 523 3219 debito
544 3156 712 3235 pastoralis
735 3157 829 3219 odieii
844 3158 984 3236 superno
1000 3159 1056 3220 llei

304 3251 507 3330 providentia
523 3250 669 3312 humeris
685 3251 804 3313 nostris
820 3251 973 3329 impositi,
991 3269 1057 3314 non

304 3345 378 3406 leve
400 3361 475 3406 sane
500 3344 647 3406 universi
670 3345 779 3422 gregis
802 3344 953 3407 dominici
976 3363 1056 3408 onus

305 3437 461 3510 terentes,
478 3437 542 3499 illis
558 3438 750 3515 praesertim
767 3437 892 3511 oribus,
907 3454 988 3515 quae
1007 3456 1056 3502 re-

306 3532 419 3609 giones
441 3547 457 3593 a
480 3530 563 3593 Sede
585 3531 643 3593 bac
664 3530 857 3609 Apostolira,
873 3532 930 3594 ubi
951 3533 1057 3596 catho-

305 3625 383 3687 licae
404 3631 555 3687 centrum
578 3630 628 3686 est
647 3625 791 3699 unitatis,
810 3626 908 3703 longe
930 3627 1055 3690 dissitas

305 3719 463 3790 incolunt,
488 3718 602 3780 maiori
624 3719 860 3782 consulendum
887 3721 1058 3784 sedulitate

306 3827 488 3884 censemus,
505 3819 542 3874 ut
562 3813 596 3874 in
615 3812 755 3876 adventu
778 3815 913 3892 pastoris
934 3815 1058 3878 aeterni

306 3913 466 3986 repertae,
490 3907 572 3968 sicut
598 3913 736 3984 oportet,
763 3923 821 3985 per
850 3908 1057 3987 apostolicam

307 4016 417 4062 curam
438 4000 521 4062 intra
542 4014 659 4062 rerum
683 4000 778 4072 ovile,
792 4002 829 4063 ad
851 4017 966 4080 pascua
988 4020 1058 4066 coe-

307 4093 398 4156 lestia
419 4094 542 4173 possint
564 4094 670 4156 vocari
692 4093 893 4173 feliciterque
912 4098 1056 4174 perduci.

347 4187 366 4262 ἓ
390 4187 417 4248 1.
441 4185 521 4250 Hinc
536 4201 640 4264 quum·
655 4188 835 4250 innotuerit
849 4189 882 4250 in
895 4189 1058 4252 Tunetana

308 4281 464 4343 missione
485 4281 718 4343 catholicorum
746 4298 921 4344 numerum
948 4285 1059 4360 augeri

308 4375 341 4437 in
363 4375 443 4447 dies,
460 4392 495 4436 33
510 4375 606 4438 3313
628 4375 701 4437 13113
724 4391 794 4437 esse
816 4392 927 4438 rerurn
950 4375 1059 4440 adiun-

308 4475 367 4540 cta,
391 4475 428 4530 ut
442 4485 500 4546 pro
523 4469 608 4530 bono
624 4469 794 4546 religionis
805 4470 975 4533 vicariatus
988 4487 1060 4550 apo-

308 4563 440 4626 stolicus
456 4563 500 4624 ibi
514 4563 740 4635 constituatur,
755 4564 794 4624 de
809 4577 908 4624 venn.
922 4563 1059 4626 fratrum

298 4655 1061 4724 nostrorumSanctaellomanaeEcclesiaeCar·

309 4751 463 4813 dinalium
486 4751 621 4814 consilio
642 4753 823 4824 statuimus,
840 4758 878 4814 ut
891 4753 925 4814 in
947 4753 1059 4816 eidem

308 4845 461 4907 missione
477 4843 654 4907 Vicariatus
673 4843 875 4923 apostolicus
891 4846 1057 4920 habeatur,

308 4939 374 5016 qui,
408 4945 537 5017 praeter
562 4939 763 5017 spiritualem
789 4939 1056 5014 iurisdictionem,

308 5033 496 5111 temporalia
516 5033 615 5094 etiam
636 5032 706 5095 iura
728 5033 891 5095 missionis
913 5035 1057 5097 eiusdem

276 5127 404 5188 -ineat

347 5223 366 5297 δ
396 5222 426 5283 2.
458 5221 545 5283 Motu
581 5221 683 5298 igitur
715 5223 864 5301 proprio,
902 5239 942 5284 en
974 5224 1059 5285 certa

308 5315 439 5378 scientia
472 5321 505 5376 et
532 5317 657 5377 maturat
690 5315 922 5378 deliberatione
954 5317 1059 5394 deque

308 5408 498 5486 apostolicae
519 5409 685 5487 potestatis
708 5409 919 5488 plenitudine,
943 5409 1059 5472 harum

309 5503 476 5565 literarum
489 5503 521 5564 vi
533 5503 567 5564 in
580 5503 734 5565 missione
746 5503 910 5566 Tunetana
923 5503 1059 5566 1133313-

309 5605 378 5658 tum
390 5593 612 5674 llpostolicum
625 5597 794 5673 erigimus
809 5614 843 5658 ac
856 5598 1057 5676 deputamus.

348 5690 417 5766 §3-
442 5690 659 5754 Decernentes
689 5691 743 5752 bas
773 5699 960 5768 praesentes
989 5693 1059 5754 lite-

309 5799 359 5844 ras
386 5799 517 5862 semper
550 5785 677 5858 firmas,
708 5785 827 5846 validas
857 5792 890 5847 et
918 5786 1059 5848 efficaces

351 5997 381 6052 (l)
398 5999 433 6040 bx
448 5997 539 6042 Abrev.
555 5997 586 6041 de
602 5989 688 6052 curia,
704 5997 752 6043 rol.
769 5998 849 6044 buius
863 6000 934 6046 anni.

1107 709 1247 772 existere
1263 728 1296 772 33
1312 710 1392 784 lore,
1416 727 1557 790 suosque
1580 714 1741 792 plenarios
1764 719 1796 775 et
1810 715 1857 774 in-

1107 807 1217 879 tegros
1240 805 1372 866 effeetus
1397 806 1507 867 sortiri
1530 813 1562 868 31
1583 808 1741 880 obtinere,
1766 826 1800 869 ae
1821 808 1857 869 il-

1106 895 1155 966 lis,
1172 897 1210 958 ad
1232 913 1313 974 quos
1328 904 1450 976 spectat
1472 906 1504 962 et
1526 901 1681 977 spectabit
1698 900 1857 963 13331313-

1107 990 1217 1067 313333
1239 993 1450 1070 temporibus,
1469 993 1655 1072 plenissime
1674 997 1854 1073 suffragari.

1106 1083 1282 1148 Contrariis
1294 1103 1359 1148 non
1372 1088 1575 1162 obstantibus,
1585 1089 1855 1168 quibuscumque.

1147 1179 1261 1244 Datum
1283 1180 1413 1255 Romae,
1431 1183 1514 1261 apud
1531 1181 1562 1244 S.
1580 1184 1712 1246 Petrum
1728 1186 1789 1247 sub
1804 1202 1857 1246 an-

1107 1273 1185 1337 nulo
1205 1274 1315 1336 Piscat.
1343 1275 1394 1338 die
1418 1293 1484 1338 nar.
1513 1277 1618 1339 martii
1641 1294 1855 1344 uncooxnnr..

1107 1367 1309 1444 pontificatus
1332 1371 1435 1431 nostri
1457 1387 1540 1434 anno
1563 1388 1633 1434 narr.

1407 1654 1555 1718 curan.
1656 1744 1660 1753 .

1110 1838 1295 1920 Suppressio
1330 1815 1478 1906 ecclesiae
1518 1843 1695 1908 Trbxilleo.
1733 1852 1761 1908 et
1796 1862 1859 1907 ere·

1148 1935 1209 2039 ctio
1232 1936 1380 2099 33313133
1403 1937 1438 1998 de
1465 1937 1691 2019 Cbucltupopus
1713 1940 1748 2000 in
1771 1939 1860 2000 Arrio-

1147 2029 1295 2108 333(1,.
1614 2049 1615 2056 ¹

1249 2215 1472 2286 caecemus
1501 2173 1721 2287 earsooros

1299 2397 1409 2448 servos
1431 2399 1585 2450 serrorum
1609 2383 1672 2462 1131,

1231 2501 1267 2567 31
1291 2507 1464 2589 perpetuam
1488 2502 1740 2571 rei‘nemoriarn.

1151 2679 1199 2740 Ex
1221 2680 1352 2743 sublimi
1376 2681 1462 2744 Petri
1484 2683 1623 2760 specula,
1648 2684 1685 2745 ad
1708 2698 1803 2761 quam
1826 2684 1862 2745 li·
1910 2691 2081 2736 Prooemium.

1111 2781 1162 2836 cet
1176 2773 1388 2836 immerentes
1405 2775 1531 2836 divinae
1551 2777 1773 2854 providentiae
1789 2794 1863 2839 con-

1111 2867 1184 2929 silio
1197 2869 1301 2930 evecti
1312 2883 1435 2942 sumus,
1446 2870 1638 2932 universum
1651 2871 1862 2934 christianum

1112 2975 1249 3037 gregem
1261 2961 1354 3023 nobis
1370 2961 1525 3024 divinitus
1540 2964 1750 3026 commissum
1766 2965 1864 3044 inspi-

1112 3053 1244 3124 cientes
1262 3069 1300 3114 eo
1322 3053 1470 3132 protinus
1492 3056 1699 3128 accurrimus,
1724 3072 1788 3135 quo
1812 3071 1864 3135 pe-

1112 3146 1250 3208 culiares
1272 3148 1568 3211 remotissimorum
1591 3165 1722 3227 quoque
1749 3151 1864 3213 abhinc

1113 3241 1260 3302 tidelium
1276 3241 1484 3304 necessitates
1497 3250 1622 3315 vocant,
1638 3251 1679 3317 et,
1694 3245 1865 3323 apostolica

1113 3335 1259 3397 omnium
1280 3335 1489 3398 ecclesiarum
1504 3337 1722 3400 sollicitudine
1737 3340 1861 3416 perciti,

1113 3446 1149 3490 ea
1171 3429 1299 3491 noviter
1321 3430 1538 3503 decernimus
1563 3447 1644 3508 quae
1667 3448 1725 3510 pro
1746 3433 1864 3495 immu-

1113 3529 1175 3584 tata
1197 3523 1345 3584 locorum
1367 3541 1401 3585 ac
1423 3529 1609 3602 temporum
1626 3526 1810 3588 conditione
1826 3528 1863 3589 ad

1113 3623 1262 3678 aeternae
1284 3616 1394 3678 salutis
1410 3617 1558 3679 semitam
1581 3619 1682 3680 tutius
1697 3621 1864 3683 animabus

1113 3711 1397 3773 communiendam
1420 3713 1650 3790 opportuniora
1672 3713 1705 3774 in
1726 3714 1864 3776 Dornino

1113 3805 1301 3868 iudicamus.
1317 3803 1582 3882 Quandoquidem
1600 3806 1683 3868 baud
1698 3824 1771 3870 raro
1792 3825 1865 3871 eon·

1115 3901 1219 3977 tingit,
1234 3907 1269 3961 ut
1281 3915 1362 3976 quae
1375 3899 1452 3961 olim
1465 3899 1637 3962 salubriter
1649 3903 1767 3964 sancita
1777 3911 1862 3978 sunt,

1114 3994 1206 4056 novis
1233 3992 1349 4055 deinde
1375 3993 1515 4054 subortis
1541 4010 1653 4056 rerum
1680 4013 1714 4056 ac
1742 4003 1865 4075 tempo-

1114 4106 1187 4152 rum
1216 4087 1473 4162 circumstantiis,
1501 4089 1666 4151 immutari
1695 4091 1726 4152 in
1749 4093 1865 4156 melius

1115 4189 1271 4264 oporteat.

1154 4280 1173 4354 ἓ
1196 4277 1223 4339 l.
1248 4277 1328 4340 llinc
1350 4277 1424 4338 licet
1444 4294 1541 4340 nemo
1560 4279 1684 4357 uspiam
1701 4281 1865 4344 dubilave-
1899 4293 2026 4348 expositio
2044 4304 2100 4350 pre-

1114 4372 1158 4434 rit
1179 4372 1258 4449 quin
1280 4371 1514 4450 episcopalibus
1537 4373 1576 4435 de
1599 4373 1745 4436 Truxillo
1772 4382 1804 4438 et
1826 4377 1865 4439 de
1885 4357 1951 4391 ⁰⁰¹⁰·

1116 4465 1242 4545 blaynas
1271 4465 1415 4528 ecclesiis
1441 4481 1476 4527 ea
1503 4465 1580 4528 olim
1609 4468 1770 4530 territoria
1791 4471 1866 4531 assi-

1116 4567 1210 4639 gnata
1225 4561 1286 4623 rite
1301 4561 1434 4632 luerint,
1449 4575 1531 4636 quae
1546 4561 1658 4638 priscis
1675 4565 1865 4627 eorumdem

1115 4655 1262 4717 locorum
1290 4653 1527 4716 conditionibus
1556 4658 1792 4719 accommodata
1813 4676 1867 4738 pe-

1116 4749 1202 4811 nitus
1213 4749 1416 4820 riderentur,
1431 4748 1533 4810 nibilo
1547 4757 1655 4811 tamen
1667 4751 1782 4825 secius,
1793 4769 1866 4814 cnm

1115 4857 1227 4904 rerum
1250 4841 1368 4904 ibidem
1392 4842 1487 4904 iacies
1509 4859 1574 4904 non
1597 4843 1708 4906 eadem
1728 4845 1866 4909 ilecursu

1116 4937 1255 5015 tempori
1271 4935 1437 5010 raranserit,
1455 4939 1636 4998 communis
1651 4937 1787 5001 invaluit
1802 4941 1867 5018 opi-

1115 5031 1180 5102 nio,
1204 5029 1362 5108 spirituali
1384 5045 1515 5108 quoque
1543 5047 1654 5093 rerum
1676 5033 1742 5095 illic
1767 5050 1867 5096 sacra-

1115 5141 1189 5186 rum
1212 5123 1429 5203 procurationi
1451 5126 1568 5187 melius
1585 5125 1767 5188 consultum
1784 5128 1864 5201 lore,

1115 5219 1141 5281 si
1157 5235 1196 5281 er
1212 5218 1498 5281 dismembratione
1515 5219 1668 5282 dioecesis
1685 5219 1867 5283 Truxillen-

1114 5313 1157 5374 sis
1178 5313 1277 5374 altera
1300 5312 1480 5391 Maynensis
1509 5321 1686 5390 augeretur
1708 5321 1740 5376 et
1765 5315 1867 5394 prisca

1115 5408 1212 5470 huius
1235 5408 1434 5486 episcopatus
1463 5409 1556 5470 sedes
1581 5409 1656 5470 inde
1683 5415 1787 5471 amota
1814 5425 1867 5488 op-

1115 5503 1287 5582 portunius
1315 5501 1389 5563 alibi
1418 5503 1682 5566 constitueretur.
1710 5503 1867 5577 Quamob-

1116 5613 1197 5668 rem,
1223 5597 1277 5672 qui
1299 5595 1332 5656 in
1355 5595 1563 5658 interioribus
1585 5597 1749 5659 Peruanae
1775 5597 1867 5660 ditio-

1117 5691 1164 5751 nis
1188 5690 1252 5752 oris
1268 5705 1427 5751 summam
1448 5707 1560 5752 rerum
1583 5697 1695 5754 tenent
1709 5709 1743 5753 ac
1758 5693 1867 5754 mode-

1116 5791 1239 5857 rantur,
1265 5783 1449 5846 humillimo
1472 5784 1563 5846 nobis
1585 5786 1817 5864 supplicarunt,
1832 5793 1868 5870 ut

1778 579 1835 642 311
1889 581 1941 630 nn.
1957 581 1986 630 3.
2009 579 2077 632 reas
