4822 6986
603 501 662 572 tte
1104 524 1169 576 aaa.
1193 521 1285 574 oona.
1309 521 1349 570 ne
1371 519 1401 570 o.
1425 519 1454 571 r.
1479 521 1563 572 naas
1584 521 1606 572 a.

583 642 612 704 si
631 659 782 724 praesens
803 662 909 716 assem,
933 650 1042 710 ratum
1064 651 1253 728 pratumque
1275 643 1330 706 ho·

584 733 712 798 literas
734 738 885 818 quidquid
908 740 942 802 in
957 739 1065 804 eddam
1087 739 1332 821 congregatione

583 827 709 907 [actutu
730 831 842 911 fuerit.
868 833 987 898 Datum
1009 836 1044 897 ic
1059 833 1254 898 otoaastcrio
1276 831 1329 902 N„

585 939 670 984 coac
692 923 746 994 ht,
770 943 874 988 accuse
895 928 948 1000 N.,
966 929 1016 992 dic
1037 929 1076 990 N.
1095 925 1331 1006 Sigillum†oi-

585 1017 656 1078 hcii.
672 1017 710 1080 N.
725 1018 821 1084 abbas
831 1023 1018 1104 prouinciae
1030 1024 1075 1086 rael
1090 1022 1279 1085 monasterii
1290 1019 1329 1082 Ν.

1388 643 1469 705 diam
1486 643 1518 705 in
1537 659 1640 722 genua
1657 643 1841 724 procident:
1867 650 1983 722 etpost
2002 641 2052 726 (l)
2066 643 2137 718 laos,

1387 737 1625 816 provinciarum
1639 737 1978 814 monasteriorumque
1990 737 2135 800 abbates:

1387 831 1503 893 deinde
1532 831 1652 908 reliqui
1680 831 1829 894 monachi
1856 830 2037 892 secundum
2060 831 2139 892 anti·

1387 924 1542 1001 quitatem
1559 925 1707 1003 propriae
1721 923 1946 1004 professionis:
1971 931 2139 1002 postremo

1387 1017 1500 1090 scriba,
1524 1035 1582 1080 seu
1604 1019 1796 1080 secretarius
1818 1025 1851 1080 et
1871 1018 2029 1088 aedituus,
2054 1024 2088 1079 et
2102 1019 2137 1080 ad

1311 1142 1315 1148 ·
1388 1119 1513 1191 portam
1535 1113 1662 1174 ianitor.

583 1205 663 1268 (lae.
687 1206 723 1270 ll.
741 1209 835 1272 -lic
855 1212 1006 1274 electione
1021 1209 1145 1275 obbatis
1160 1211 1330 1291 pectoralis,

803 1309 832 1365 et
854 1305 1113 1386 hegumeuorum.

623 1510 644 1553 r.
671 1491 752 1555 hnte
782 1493 974 1556 electionem
1005 1493 1154 1572 legantur
1180 1494 1333 1556 constitu·

509 1646 511 1650 ,
585 1586 688 1648 tiones
711 1587 750 1649 de
772 1587 935 1664 requisitis
965 1587 1203 1664 eligendorum,
1227 1587 1332 1665 deque

584 1695 698 1742 eorum
722 1680 835 1744 ollicio.

380 1779 563 1846 acquisitam
622 1791 657 1836 u.
680 1774 782 1837 Nemo
806 1781 911 1854 potest
926 1774 958 1836 in
977 1775 1123 1838 abbatem
1146 1776 1332 1854 generalem

352 1847 411 1891 “¹¹¹⁵
435 1834 565 1934 2¹:¹10&ssss
583 1875 638 1929 aut
659 1868 881 1945 hegumenum
910 1868 1004 1946 eligi,
1030 1869 1091 1930 nisi
1120 1870 1334 1948 compleverit

352 1947 398 1988 aaut
419 1899 562 1996 gregumeh.

352 1893 403 1934 tem

352 1996 410 2050 eligi
429 2001 513 2053 queat.

583 1978 703 2024 annum
726 1964 835 2024 aetatis
857 1963 1079 2040 trigesimum,
1105 1970 1137 2026 et
1157 1979 1277 2025 annum
1299 1965 1332 2024 in

584 2062 693 2118 nostro
711 2055 829 2118 Ordine
852 2063 1001 2119 octavum
1016 2058 1147 2134 quidem
1163 2057 1257 2118 abhas
1280 2073 1333 2133 ge-

584 2148 711 2222 neralis,
734 2156 863 2212 sentum
885 2166 964 2212 vero
987 2149 1204 2228 hegumenus.

256 2305 257 2308 ,
351 2256 565 2357 npgamaeteaao·
624 2260 672 2304 ru.
697 2243 819 2305 Electio
842 2243 933 2306 nullo
956 2244 1052 2305 modo
1075 2245 1128 2306 hat
1149 2261 1207 2323 per
1222 2245 1332 2307 absen-

585 2337 676 2410 tium,
690 2337 746 2398 sed
759 2337 975 2414 praesentium
994 2338 1159 2398 dumtaxat
1169 2339 1331 2415 suilragia3

584 2445 686 2508 eaque
706 2437 829 2492 secreta
850 2431 925 2504 sint,
941 2447 1005 2492 non
1020 2431 1187 2510 publicatis
1211 2432 1333 2508 eligen-

584 2523 664 2586 tium
687 2523 884 2588 nominihus.

622 2636 665 2680 ιν.
689 2618 724 2680 ln
746 2619 816 2681 loco
839 2635 897 2698 pro
919 2620 1078 2682 electione
1097 2621 1259 2698 deputato,
1283 2637 1332 2682 ae·

583 2711 691 2776 dituus
723 2729 809 2774 aram
842 2714 1032 2788 maximam,
1064 2713 1118 2776 uhi
1145 2715 1332 2776 venerabile

582 2809 800 2872 Eucharistiae
823 2813 1059 2873 sacramentum
1074 2812 1107 2874 iu
1123 2813 1245 2874 ciborio
1260 2829 1332 2874 con-

583 2905 686 2966 ditum
709 2904 875 2983 prostabit,
894 2905 1095 2978 solemniori,
1113 2921 1208 2983 quam
1222 2905 1254 2968 in
1269 2907 1332 2985 pri-

583 3015 637 3060 mo
660 2999 766 3060 triduo
792 2999 1070 3076 congregationis,
1096 3001 1159 3062 ritu
1182 3002 1329 3064 instruat.

584 3091 689 3170 Super
709 3091 799 3154 altari
822 3097 895 3154 ante
918 3092 1076 3154 ciborium
1092 3094 1153 3155 alta
1174 3110 1254 3156 crux
1269 3096 1332 3157 col-

583 3185 723 3256 locetur,
747 3201 804 3247 sea
826 3185 997 3248 hincinde
1019 3188 1158 3248 accensis
1179 3188 1329 3250 candelis.

582 3277 607 3340 h
631 3277 751 3340 dextris
766 3279 868 3340 crucis
885 3279 1131 3356 evangeliorum
1144 3283 1245 3342 codex
1260 3297 1331 3360 pre·

583 3372 665 3432 tioso
679 3371 753 3432 velo
769 3377 958 3450 coopertus3
977 3388 992 3432 a
1008 3371 1146 3434 sinistris
1160 3388 1240 3434 vero
1255 3373 1331 3434 ima-

583 3478 624 3540 go
645 3463 714 3524 sive
736 3462 892 3541 reliquiae
907 3463 1007 3526 sancti
1030 3465 1126 3543 patris
1148 3467 1249 3528 nostri
1268 3466 1331 3528 hn-

584 3557 672 3630 tonii,
697 3563 730 3620 et
750 3557 852 3620 codex
873 3558 1006 3636 regulae
1028 3575 1102 3622 curn
1131 3560 1331 3624 constitutio·

583 3649 694 3726 nibus;
728 3650 810 3713 inira
842 3651 941 3714 altare
973 3653 1011 3715 ad
1043 3651 1125 3716 latus
1158 3655 1330 3716 deuterum

582 3751 720 3823 ponatur
741 3761 862 3818 mensa,
879 3745 968 3810 iuxta
983 3761 1079 3824 quam
1095 3747 1331 3811 assidebitscri-

582 3837 701 3900 hasen
733 3840 945 3914 secretarius,
976 3840 1049 3918 qui,
1082 3841 1151 3903 datai
1181 3845 1332 3906 servandi

582 3933 698 3994 secreti
720 3933 794 4006 fide,
816 3935 904 3996 solus
927 3951 967 3997 en
989 3935 1132 4014 patribus
1154 3951 1220 3998 non
1241 3951 1332 4000 voca·

582 4024 666 4086 libus
678 4025 711 4088 in
723 4029 1010 4106 congregationem
1022 4029 1261 4093 introducetur:
1280 4049 1332 4094 su·

583 4136 640 4199 per
662 4137 806 4184 mensam
823 4138 878 4186 vas
892 4139 949 4186 seu
965 4125 1071 4188 arcula
1093 4125 1280 4198 collocetur,
1299 4127 1332 4190 in

480 4283 483 4288 ,
583 4230 679 4292 quam
695 4215 732 4278 ab
748 4216 943 4280 electoribus
961 4218 1133 4282 schedulae
1156 4221 1332 4284 mittendae

583 4317 693 4372 erunt:
719 4311 763 4373 sie
785 4316 893 4374 autem
916 4311 1101 4384 fabricetur,
1125 4319 1162 4374 ut
1176 4313 1332 4378 demissae

583 4419 601 4463 e
623 4403 783 4482 superiori
810 4405 931 4468 orificio
960 4405 1132 4468 schedulae
1155 4407 1251 4470 dilabi
1279 4415 1333 4471 aut

583 4497 709 4558 emrahi
730 4504 901 4575 nequeant,
926 4499 1038 4572 donec,
1062 4498 1228 4564 iunctione
1244 4517 1333 4580 pera-

582 4590 641 4662 cti,
659 4591 804 4668 legitime
826 4609 842 4654 a
863 4592 1084 4668 cognitoribus
1102 4595 1331 4674 suffragiorum

582 4685 764 4748 reseretur:
800 4686 945 4749 alterurn.
976 4695 1140 4766 practerea
1165 4705 1219 4752 vas
1249 4693 1332 4755 intra

581 4778 740 4841 cancellos
762 4779 867 4841 altaris
890 4789 1099 4858 praeparetur
1121 4784 1201 4860 aqut
1224 4785 1332 4864 opple·

581 4879 663 4944 tum,
680 4871 713 4934 in
729 4873 815 4950 quod
835 4872 1008 4936 schedulae
1029 4877 1209 4954 praedictae
1224 4880 1331 4942 statim

581 4966 800 5046 proiiciantur.

622 5077 651 5122 v.
676 5060 836 5124 Habeatur
851 5077 959 5126 sermo
976 5063 1198 5141 paraeneticus
1213 5066 1250 5128 ad
1268 5065 1332 5129 cle-

581 5161 687 5217 ctores
701 5170 757 5234 per
770 5155 965 5218 semihoram
979 5157 1018 5219 de
1031 5157 1181 5236 eligendo
1191 5158 1332 5236 digniori

582 5247 694 5310 abbate
716 5249 870 5326 generali,
885 5249 1153 5330 dignioribusque
1174 5253 1331 5330 hegume-

581 5342 646 5404 nis:
666 5342 771 5419 deque
786 5349 939 5406 votorum
955 5346 1166 5409 renovatione
1181 5349 1331 5425 praemit-

583 5437 677 5500 tendi
699 5435 737 5500 ah
759 5437 921 5500 omnibus.

621 5549 664 5594 vr.
688 5531 843 5596 Absoluta
859 5535 1036 5612 paraenesi,
1050 5535 1144 5598 abhas
1158 5537 1328 5614 generalis,

582 5631 615 5687 ct
635 5631 773 5702 quatuor
789 5627 967 5703 hegumeni
983 5627 1058 5690 hinc
1078 5629 1154 5692 inde
1169 5632 1206 5694 ad
1222 5632 1331 5694 dexte-

582 5734 650 5780 ram
671 5719 860 5797 laevamque
882 5721 993 5798 ipsius,
1018 5727 1091 5784 ante
1117 5731 1242 5801 portem
1265 5741 1330 5786 me-

1092 5862 1244 5870 —-—.-.—-

624 5937 652 5992 (it
669 5935 734 5981 uate
749 5935 811 5983 edit.
827 5937 904 5983 hiala.
921 5936 985 5993 legit
997 5949 1070 5990 taetre
1083 5949 1131 5996 pro
1142 5945 1211 5994 post

1427 1221 1484 1268 vu.
1499 1207 1659 1284 Sequatur
1670 1213 1823 1268 votorum
1836 1207 2015 1278 renovatio,
2026 1206 2139 1270 abbate

1389 1301 1533 1378 generali
1555 1307 1588 1362 et
1610 1301 1803 1378 hegumenis
1826 1301 2067 1380 praeeuntibus,
2085 1301 2138 1362 de-

1388 1394 1463 1456 inde
1491 1395 1625 1474 reliquis
1650 1394 1747 1456 simul
1777 1394 2067 1474 prosequentibus,
2098 1395 2138 1457 de

1388 1489 1489 1550 verbo
1506 1490 1541 1551 ad
1565 1489 1749 1551 verbumst
1763 1504 1835 1549 cum
1853 1489 1959 1566 pausia,
1977 1496 2135 1568 utsupra,

1389 1589 1469 1660 part.
1493 1600 1541 1652 rr..
1565 1599 1632 1662 cap.
1656 1600 1699 1644 ur.

1428 1693 1498 1738 arn.
1521 1675 1626 1738 hbbas
1641 1677 1811 1754 generalis,
1825 1677 1968 1740 absolata
1983 1684 2136 1740 votorum

1388 1770 1613 1842 renovatione,
1638 1770 1671 1831 B.
1697 1769 1839 1846 Virginis
1869 1771 1983 1832 llariae
2011 1771 2137 1834 litanias

1388 1881 1462 1926 cum
1484 1871 1577 1928 cantu
1599 1864 1777 1926 inchoabit:
1804 1865 1920 1942 quihus
1943 1865 2053 1936 linitis,
2077 1865 2137 1927 lra-

1389 1963 1454 2018 tres
1476 1958 1656 2030 admoneat,
1680 1965 1716 2018 ut
1737 1956 1912 2034 praemisso
1933 1957 2137 2020 contritionis

1387 2056 1457 2112 actu
1479 2049 1693 2113 intentionem
1722 2049 1841 2128 pariter
1867 2056 1987 2118 rectam
2018 2051 2136 2114 habere

1388 2145 1718 2222 studeant,simnlque
1735 2161 1847 2206 omnes
1860 2145 2054 2208 dominicam
2070 2163 2137 2209 ora-

1389 2239 1509 2302 tionem
1532 2241 1680 2312 recitent,
1704 2247 1736 2302 et
1761 2237 1816 2302 SS.
1842 2239 2006 2302 Trinitatis
2029 2257 2134 2318 opem,

1389 2351 1514 2396 necnon
1536 2335 1688 2413 Deiparae
1711 2340 1743 2397 et
1764 2333 1863 2396 sancti
1885 2332 2018 2396 Antonii
2040 2333 2136 2396 inter-

1388 2429 1567 2490 cessionem
1590 2429 1781 2507 implorent:
1807 2443 1883 2489 mori
1898 2429 2040 2506 assurgit
2056 2429 2133 2508 ipse,

1389 2533 1421 2584 et
1435 2523 1587 2585 iratribus
1602 2523 1634 2584 in
1651 2539 1755 2600 genua
1770 2522 1873 2584 adhuc
1888 2522 2069 2600 provolutis
2084 2539 2136 2600 gc·

1388 2617 1532 2678 noralem
1561 2616 1797 2678 absolutionem
1827 2617 2034 2695 pronunciat:
2066 2626 2136 2695 post

1387 2711 1533 2774 universi
1549 2728 1565 2773 e
1581 2711 1703 2790 templo
1719 2711 1852 2790 egressi,
1870 2711 1906 2773 ad
1924 2711 2059 2774 ierenda
2073 2713 2135 2774 sul·

1387 2803 1487 2882 iragia
1514 2805 1674 2878 accedant,
1698 2805 1723 2865 si
1746 2805 1820 2866 alibi
1850 2805 1964 2868 electio
1996 2805 2135 2870 iacienda

1388 2906 1451 2972 est,
1474 2899 1501 2960 si
1529 2914 1609 2962 vero
1636 2900 1669 2960 in
1697 2899 1811 2962 eodem
1838 2899 1977 2978 templo,
2010 2900 2135 2963 aedituo

1387 2993 1470 3055 ioras
1493 3009 1636 3070 egresso,
1661 3000 1752 3072 porta
1779 2993 1952 3066 clauditur,
1977 3009 2075 3072 quam
2096 2995 2135 3056 ia-

1387 3089 1472 3149 nitor
1494 3087 1531 3148 ah
1554 3087 1709 3149 exteriori
1730 3093 1820 3166 parte
1842 3087 2039 3150 observabit.

1427 3197 1471 3242 rx.
1495 3180 1676 3258 Antequam
1694 3181 1731 3244 ad
1747 3181 1822 3242 novi
1838 3181 1958 3244 abbatis
1975 3183 2134 3260 generalis
2164 3197 2193 3240 o:
2207 3197 2314 3258 resignat

1387 3273 1579 3336 electionem
1598 3275 1801 3353 procedatur,
1819 3275 1916 3338 debet
1929 3277 1967 3350 is,
1985 3279 2077 3351 cuius
2093 3278 2135 3340 ol·
2152 3260 2180 3294 ”⁰
2193 3249 2307 3295 ⁰ffl⁰¹⁰¹¹¹¹⁰'

1387 3367 1494 3429 tactum
1511 3368 1645 3447 expirat,
1662 3369 1806 3446 sigillum
1822 3375 1856 3432 et
1870 3369 2013 3433 officium
2025 3372 2058 3433 in
2074 3387 2134 3433 ma·

1386 3461 1480 3524 nibus
1502 3461 1764 3539 hegumeuorum
1793 3464 2021 3541 resignare'ac
2043 3467 2134 3546 depo·

1387 3572 1476 3630 nere,
1500 3557 1533 3618 in
1555 3558 1633 3620 haec
1654 3558 1766 3620 verita:

1427 3650 1601 3714 Rcacrcadi
1627 3657 1753 3731 potres,
1781 3654 1817 3714 ia
1844 3649 1998 3716 audacibus
2026 3653 2135 3717 vestris

1386 3744 1513 3824 rosigno
1535 3761 1573 3808 ac
1595 3744 1713 3826 depono
1736 3745 1872 3826 officium
1901 3744 2030 3810 abbatis
2050 3767 2135 3830 peue-

1386 3838 1479 3908 rclis,
1503 3838 1583 3917 qaod
1605 3839 1685 3900 inihi
1706 3839 1839 3920 indigno
1861 3844 2069 3923 congregatio
2090 3861 2135 3924 pe-

1387 3933 1508 3996 :aeratis
1537 3933 1710 4004 commisit·
1731 3934 1889 4013 simulque
1917 3936 2049 4000 venium
2066 3943 2134 4018 peto

1387 4027 1423 4090 de
1445 4025 1590 4090 omuibus
1612 4027 1715 4106 culpis
1737 4045 1756 4091 a
1777 4045 1825 4089 me
1846 4029 1881 4090 ia
1897 4047 1930 4090 co
1946 4032 2131 4092 commissis.

1426 4121 1491 4183 lloc
1509 4121 1596 4184 idem
1612 4119 1718 4184 tacere
1729 4121 1826 4184 debet
1839 4125 2067 4203 unusquisque
2082 4125 2134 4187 he-

1388 4231 1549 4294 gumenus
1578 4231 1685 4278 coram
1708 4216 1811 4279 electo
1839 4217 1951 4280 abbate
1979 4217 2131 4296 generali,

1387 4327 1460 4373 cum
1482 4311 1519 4372 ad
1541 4309 1734 4374 successoris
1745 4311 1795 4372 sui
1817 4310 2011 4374 eiectionem
2027 4327 2134 4391 proce·

1387 4405 1527 4468 dendum
1552 4412 1610 4478 est,
1635 4406 1757 4468 dicens:

1428 4497 1696 4560 Reuerendissime
1720 4505 1831 4580 pater,
1855 4501 1890 4562 ia
1916 4499 2068 4565 menibus
2089 4518 2133 4562 ue-

1386 4593 1464 4654 stris
1479 4593 1605 4672 resiguo
1622 4609 1659 4656 ac
1674 4593 1792 4673 depono
1809 4595 2131 4676 officiatmbepumcci,

1388 4685 1467 4764 quod
1489 4686 1569 4748 attihi
1583 4686 1715 4766 indigae
1738 4687 1939 4750 coartatisscm
1953 4695 2011 4759 est,
2028 4688 2133 4750 simul-

1387 4797 1444 4859 que
1467 4780 1592 4843 tacciam
1611 4785 1681 4860 peto
1703 4779 1740 4843 dc
1761 4779 1906 4846 omuibus
1928 4783 2032 4864 culpis
2054 4797 2132 4845 amc

1387 4874 1421 4934 iat
1443 4891 1476 4936 eo
1499 4873 1683 4936 commissis.

1426 4967 1517 5030 Facti
1539 4974 1646 5031 tamen
1672 4969 1907 5048 resignatione,
1930 4972 1964 5033 in
1985 4988 2044 5036 suo
2066 4971 2131 5033 loco

1387 5069 1419 5125 et
1440 5063 1554 5126 ordine
1577 5063 1696 5126 tamdiu
1718 5065 1824 5139 stabit,
1849 5066 1951 5129 donec
1971 5080 2131 5130 successor

1387 5157 1580 5221 declaretur.

1427 5252 1459 5316 Si
1482 5269 1539 5332 per
1562 5254 1685 5316 obitum
1708 5261 1762 5318 aut
1783 5257 2023 5333 promotionem
2043 5255 2130 5318 abba·

1386 5347 1426 5408 tis
1449 5347 1621 5425 generalis,
1645 5355 1699 5412 aut
1714 5349 1844 5427 aliquod
1865 5351 2049 5429 legitimum
2064 5351 2128 5412 eius

1386 5441 1668 5520 impedimentum,
1683 5443 1804 5506 electus
1817 5443 1916 5507 inerit
1933 5445 2068 5509 vicarius
2080 5457 2129 5518 ge-

1386 5534 1520 5608 neralis,
1546 5536 1597 5598 hic
1619 5538 1714 5600 etiam
1742 5544 1814 5600 ante
1844 5539 2035 5602 electionem
2058 5533 2128 5599 novi

1385 5627 1506 5690 abbatis
1537 5631 1698 5706 generalis
1728 5631 1906 5708 resignabit
1934 5633 2069 5695 olhcium
2098 5628 2127 5690 in

1387 5724 1464 5787 haec
1485 5724 1601 5786 verba:
