4788 6980
83 1941 194 1986 3333333
209 1938 270 1982 San-

65 1991 207 2093 stfflammi
217 1992 270 2038 lau-

102 5776 273 5836 innatantem.
332 5775 402 5850 §2
426 5775 489 5838 lam
520 5791 599 5838 vero
626 5793 698 5838 cnm
732 5776 823 5838 nobis
856 5775 1038 5854 expositum
1075 5837 1076 5840 ,

85 5830 161 5882 3333313
182 5834 273 5880 ahara-

85 5884 137 5927 33333
150 5885 258 5934 honorat.

892 595 1065 642 baudonius
1087 598 1137 642 PP-
1161 597 1226 644 xvl.

286 711 458 774 hementer
485 713 610 786 soliciti,
635 730 671 776 33
696 714 840 793 33313333
870 715 1033 777 3333313-

286 805 401 868 beuter
423 823 518 884 agere
542 807 695 882 solemus,
720 824 800 886 quae
815 809 853 871 ad
875 809 1031 872 maiorem

286 897 342 960 Dei
365 899 500 976 gloriam
516 902 769 978 promovendam
784 919 818 965 ac
833 903 1032 982 spiritualem

287 992 465 1054 animarum
478 993 614 1055 salutem
625 995 856 1072 procurandam
869 996 1032 1074 pertinere

287 1101 377 1164 posse
399 1087 561 1148 videntur.
585 1087 694 1166 ltaque
711 1089 824 1151 sedulo
846 1090 1033 1166 diligenter-

287 1194 349 1256 que
361 1180 566 1260 inspicientes
579 1181 655 1258 quid
668 1183 874 1246 ecclesiarum
888 1185 1032 1245 omniurn

287 1274 395 1336 decori
417 1281 512 1354 atque
534 1276 664 1338 utilitati
687 1278 866 1349 conveniat,
890 1277 1033 1340 decesso·

287 1384 361 1431 rum
376 1377 561 1432 nostrorum
578 1371 723 1448 vestigiis
738 1371 955 1444 inhaerentes,
969 1387 1033 1432 33-

288 1462 347 1540 3133
369 1462 547 1524 honoribus
562 1463 731 1526 abbatiales
754 1464 918 1527 interdum
934 1466 1033 1527 eccle-

288 1557 349 1618 sias
379 1558 530 1619 decorare
560 1564 777 1636 opportunum
804 1559 967 1630 ducimus,
999 1564 1034 1620 ut

289 1651 389 1712 divini
401 1651 506 1713 cultus
518 1651 671 1730 splendor
683 1653 785 1729 magis
798 1653 927 1724 eniteat,
938 1659 1033 1730 atquc

288 1743 420 1806 uberior
442 1744 516 1805 inde
532 1744 682 1806 dominici
699 1747 807 1823 gregis
830 1745 953 1808 fructus
969 1745 1034 1808 exi-

288 1843 359 1900 stat.

328 1931 347 2006 5
371 1931 398 1992 1.
422 1931 579 2008 Equidem
609 1949 666 1994 nos
695 1933 828 1995 minime
856 1933 933 1996 latet
960 1934 1034 1995 insi·

291 2040 388 2102 gnem
414 2025 602 2088 abbatialem
631 2033 663 2088 et
688 2027 830 2103 regalem
860 2027 1031 2090 Ecclesiam

291 2116 321 2180 S.
346 2119 482 2180 Mauritii
507 2135 604 2198 penes
634 2120 797 2182 Helvetios
825 2121 979 2183 inferiore
1001 2121 1034 2182 in

290 2211 413 2274 Valesid
435 2213 528 2275 sitam
551 2230 624 2276 cum
640 2215 771 2293 proprio
795 2215 957 2278 territorio
974 2216 1034 2278 ori-

290 2305 373 2382 ginis
393 2312 563 2378 vetustate,
579 2307 734 2370 territorii
756 2307 901 2370 eiusdem
923 2309 1034 2387 ampli-

290 2399 412 2470 tudine,
436 2400 546 2478 populi
576 2400 768 2478 frequentia,
793 2402 871 2464 cleri
896 2417 1034 2465 numero

290 2499 321 2553 et
333 2493 559 2556 canonicorum
575 2495 712 2571 collegio
726 2511 934 2574 summopere
947 2513 1035 2574 prae-

290 2592 385 2658 stare,
408 2604 442 2649 ac
464 2587 555 2666 plura
567 2587 727 2664 regularia
744 2595 777 2651 33
796 2589 967 2652 saecularia
981 2590 1035 2652 be-

290 2681 402 2743 neficia
424 2681 554 2743 habere.
583 2681 683 2760 133333
705 2689 813 2744 33333
835 2682 948 2755 hbbas,
979 2685 1034 2762 qui

290 2774 516 2836 canonicorum
532 2775 660 2852 collegii
675 2775 823 2855 princeps
839 2793 872 2838 ac
888 2777 1035 2854 primice-

290 2868 330 2928 rii
352 2868 504 2945 dignitate
528 2875 667 2940 ornatus,
685 2869 805 2931 infulae
827 2887 860 2932 ac
882 2869 954 2948 pedi
977 2887 1035 2932 seu

290 2962 456 3040 pastoralis
478 2961 602 3024 honore
625 2963 808 3040 insignitus,
826 2964 859 3024 in
889 2963 1034 3042 pluribus

289 3054 377 3116 illius
406 3055 566 3116 districtus
599 3057 750 3134 paroeciis
781 3056 1035 3119 iurisdictionem

291 3149 379 3224 quasi
413 3149 625 3228 episcopalem
658 3156 803 3222 exercet,
837 3157 932 3228 atque
962 3151 1036 3214 huic

290 3239 488 3319 Apostolicae
518 3241 590 3306 Sedi
620 3259 779 3306 unacum
808 3245 1035 3308 canonicorum

290 3335 427 3413 collegio
451 3337 579 3414 totique
605 3336 735 3399 hbbaua
757 3337 942 3401 immediate
963 3341 1036 3402 sub·

289 3429 400 3502 iectus,
426 3429 588 3493 Sardiniae
610 3431 733 3493 comitis
748 3432 853 3504 titulo,
871 3439 904 3494 33
921 3434 1035 3510 magna

290 3539 385 3586 cruce
407 3524 490 3601 regii
513 3541 547 3586 ac
568 3524 715 3586 militaris
736 3523 862 3587 Ordinis
885 3524 932 3587 Ss.
952 3526 1036 3588 hlau-

289 3617 356 3678 ritii
378 3622 410 3679 et
421 3617 531 3678 Lazari
553 3633 682 3696 semper
697 3619 877 3682 decoratur.
901 3618 1036 3682 Canoni-

290 3727 403 3773 corum
425 3727 504 3774 vero
526 3711 699 3788 collegium
727 3727 766 3774 er
791 3713 936 3790 pluribus
957 3713 1035 3776 viris

290 3805 474 3876 contlatnm,
499 3819 639 3882 quornm
660 3804 713 3865 alii
736 3803 911 3883 spiritualia
927 3822 1037 3884 paroe-

290 3899 347 3960 ciis
362 3898 516 3977 praebent
527 3898 678 3970 subsidia,
691 3898 743 3960 alii
756 3899 878 3961 divinas
892 3900 925 3961 in
938 3901 1036 3963 choro

291 3992 400 4054 landes
429 3992 663 4062 concelebrant,
692 3993 744 4054 3133
773 4008 978 4055 33333333
1007 4011 1037 4056 3·

292 4092 373 4162 gunt
387 4087 485 4148 vitam
502 4103 542 4148 ex
557 4087 669 4163 regula
684 4103 701 4148 a
716 4086 769 4148 iel.
788 4102 886 4148 mem.
900 4087 955 4149 Pio
971 4087 1035 4150 1111.

291 4181 538 4258 praedecessore
552 4185 663 4242 nostro
674 4180 854 4259 approbati.
868 4180 956 4255 Quod
970 4181 1038 4258 qui·

292 4274 365 4334 dem
388 4274 614 4336 canonicorum
628 4273 802 4350 collegium
825 4289 863 4336 eo
885 4275 918 4336 in
934 4275 1046 4336 distri:

293 4371 345 4427 ctu
366 4366 550 4428 studiorum
579 4381 688 4428 curam
711 4383 828 4443 agens,
853 4368 941 4430 3333
970 4367 1038 4430 dili-

292 4461 399 4538 gantid
421 4467 453 4522 33
473 4460 630 4522 industria
652 4462 813 4538 prospicit,
830 4467 867 4523 ut
886 4461 1038 4524 iuventus

291 4554 418 4616 inbinis
435 4554 625 4633 praesertim
641 4555 815 4632 gymnasiis
832 4556 869 4618 ad
885 4556 1037 4634 pietatem

292 4663 489 4726 omnemque
510 4648 666 4710 virtutem
679 4655 804 4710 mature
826 4649 977 4727 fingatur,
995 4656 1038 4711 at-

293 4757 355 4819 que
376 4742 616 4804 amoenioribus
632 4742 735 4804 literis
754 4743 1038 4821 severioribnsque

292 4837 466 4916 disciplinis
487 4837 548 4898 3333
570 4837 743 4900 imbuatur.
775 4837 903 4900 Accedit
928 4838 1035 4910 33333,

292 4932 378 5009 quod
400 4932 539 4993 maxime
569 4933 715 5004 interest,
739 4939 776 4994 ut
797 4933 882 4995 idem
911 4934 1038 4995 canoni-

293 5041 403 5088 corum
417 5025 591 5102 collegium
603 5025 774 5088 catholicae
787 5025 953 5104 religionis
966 5043 1037 5105 pro-

293 5120 453 5196 pagandae
481 5119 587 5182 studio
616 5119 829 5182 vehementer
858 5121 1035 5192 incensum,

293 5213 389 5275 nullis
411 5229 517 5290 neque
533 5213 617 5275 curis
633 5229 739 5290 neque
754 5214 916 5276 laboribus
933 5229 1037 5291 neque

292 5307 444 5386 impensis
466 5309 526 5368 sibi
549 5308 745 5386 parcendum
768 5308 870 5381 ducat,
896 5323 960 5384 quo
974 5308 1037 5370 illis

293 5400 325 5462 in
347 5402 534 5478 regionibus
557 5401 730 5463 33333333
753 5402 820 5464 dies
835 5403 900 5480 ipsa
922 5401 1038 5479 religio

293 5495 492 5558 incrementa
523 5495 687 5574 suscipiat,
718 5501 813 5572 atque
845 5496 992 5561 homines
1021 5513 1037 5556 3

294 5589 392 5650 333333
409 5603 558 5650 3333333
575 5589 722 5650 ductibus
738 5589 856 5650 emersi
873 5587 1038 5651 3311133133-

294 5681 371 5744 licae
393 5682 552 5745 Ecclesiae
576 5684 737 5760 gremium
759 5683 903 5744 redeant.

293 5868 392 5932 luerit
413 5870 458 5931 rei
483 5870 655 5932 catholicae
670 5887 704 5932 ac
725 5869 899 5948 spiritualis
921 5870 1038 5931 anima-

294 5981 365 6026 rum
393 5965 502 6026 salutis
528 5966 612 6026 bono
640 5965 720 6026 utile
749 5965 880 6026 333333
909 5981 989 6036 3333,
1013 5965 1038 6024 33

1086 715 1172 778 311333
1194 715 1345 778 Abbatiae
1367 715 1400 778 in
1422 721 1568 794 tempore
1587 713 1691 776 abbas
1713 713 1832 791 episco-

1086 809 1148 888 pali
1170 809 1264 872 titulo
1280 810 1313 871 in
1329 816 1409 888 part.
1428 810 1516 871 indd.
1540 809 1743 882 honestetur;
1761 821 1830 880 nos,

1086 903 1201 980 quibus
1215 904 1294 965 nibil
1308 904 1413 982 potius
1426 919 1494 966 esse
1507 909 1620 982 potest,
1635 917 1730 979 quam
1744 900 1832 962 omni

1086 998 1172 1069 cura,
1196 997 1370 1076 vigilantii,
1395 998 1612 1070 contentione,
1637 997 1670 1058 in
1691 994 1748 1058 Dei
1764 1001 1829 1074 opt.

1087 1107 1170 1152 marr.
1195 1092 1330 1169 gloriam
1353 1091 1604 1170 amplificandam
1617 1107 1651 1152 ac
1665 1089 1832 1168 sempiter-

1087 1202 1159 1248 nam
1182 1185 1351 1248 hominum
1373 1185 1510 1248 salutem
1532 1184 1714 1262 quibusque
1736 1183 1832 1246 rebus

1087 1280 1319 1359 procurandam
1349 1279 1549 1352 incumbere,
1578 1278 1617 1340 de
1643 1291 1741 1339 venn.
1772 1278 1832 1340 lra-

1087 1380 1174 1436 trum
1211 1379 1398 1434 nostrorum
1433 1371 1463 1434 S.
1487 1371 1523 1434 R.
1547 1371 1583 1433 E.
1615 1371 1831 1448 cardinalium

1088 1467 1230 1543 negociis
1259 1465 1483 1545 Propagandae
1517 1465 1605 1528 Fidei
1638 1465 1833 1544 praeposito-

1087 1575 1159 1622 rum
1183 1560 1327 1632 consilio,
1345 1557 1509 1622 hbbatiam
1525 1560 1625 1637 ipsam
1648 1559 1833 1622 huiusmodi

1088 1653 1241 1730 dignitate
1257 1659 1351 1730 atque
1364 1652 1487 1714 honore
1499 1651 1721 1724 decorandam,
1738 1651 1833 1728 eique

1088 1747 1300 1827 episcopalem
1317 1745 1447 1808 titulum
1461 1746 1499 1808 de
1511 1745 1679 1807 Bethleem
1694 1745 1727 1806 in
1743 1743 1833 1824 Syria

1088 1841 1121 1902 in
1137 1847 1216 1920 part.
1238 1840 1327 1902 inlid.
1345 1845 1500 1918 perpetuo
1522 1839 1753 1916 adsignandum
1770 1839 1834 1900 exi-

1087 1934 1300 1996 stimavimus.
1324 1933 1549 2007 Quamobrem,
1569 1933 1712 1994 eiusdem
1734 1931 1834 1995 hbba-

1089 2029 1149 2091 tiae
1171 2033 1203 2089 et
1231 2027 1457 2089 canonicorum
1487 2025 1615 2103 collegii
1641 2025 1834 2088 meritorum

1088 2121 1211 2184 ratione
1241 2121 1360 2192 habita,
1385 2120 1486 2181 sirmis
1516 2127 1623 2182 tamen
1652 2135 1780 2198 semper
1801 2119 1834 2180 in

1089 2231 1123 2276 33
1146 2213 1277 2276 hbbatid
1301 2213 1503 2276 manentibus
1525 2213 1634 2289 ibique
1650 2212 1834 2290 vigentibus

1089 2309 1177 2370 omni
1194 2315 1288 2379 statu,
1303 2307 1465 2385 qualitate,
1481 2305 1752 2379 denominatione,
1767 2322 1834 2368 33-

1089 2408 1123 2464 33
1145 2405 1285 2481 3333333,
1304 2401 1389 2463 certa
1405 2400 1546 2471 scientie,
1570 2399 1694 2460 matura
1716 2399 1834 2461 delibe-

1089 2497 1223 2568 ratione,
1248 2497 1352 2572 deque
1380 2494 1568 2573 apostolicae
1597 2501 1725 2555 nostrae
1748 2501 1835 2572 3333-

1087 2591 1174 2652 statis
1208 2589 1408 2669 plenitudine
1436 2587 1524 2650 hisce
1552 2587 1655 2650 literis
1685 2585 1835 2650 Abbatiae

1090 2682 1120 2744 S.
1146 2683 1283 2746 Mauritii
1306 2698 1403 2761 penes
1419 2681 1582 2744 Helvetios
1604 2678 1836 2742 3313133333-

1090 2777 1202 2839 teriori
1223 2775 1436 2855 episcopalem
1459 2774 1591 2837 titulum
1614 2775 1653 2836 de
1668 2773 1836 2836 Bethleem

1090 2871 1122 2932 in
1144 2877 1224 2949 part.
1248 2870 1338 2931 infid.
1363 2875 1557 2947 perpetuum
1581 2868 1613 2929 in
1635 2869 1767 2930 modum
1785 2868 1835 2930 ad-

1090 2964 1254 3041 signemus
1277 2970 1371 3040 atque
1393 2962 1608 3034 attribuimus,
1633 2967 1728 3039 atque
1749 2962 1836 3024 illius

1090 3058 1123 3118 in
1139 3063 1286 3135 tempore
1302 3055 1456 3117 hbbatem
1481 3054 1665 3133 episcopum
1688 3057 1728 3117 dc
1743 3055 1836 3117 Beth·

1090 3151 1175 3212 leem
1190 3151 1223 3212 in
1240 3149 1330 3229 Syria
1342 3149 1568 3211 constituimus
1581 3157 1614 3211 33
1625 3149 1834 3221 declaramus,

1090 3259 1231 3321 eumque
1253 3243 1395 3316 nomine,
1413 3243 1507 3306 titulo
1525 3244 1696 3306 ethonore
1717 3245 1838 3323 episco-

1091 3339 1152 3417 pali
1174 3345 1331 3418 perpetuo
1347 3339 1553 3414 decommum
1576 3355 1610 3401 ac
1624 3338 1787 3413 volumus,
1802 3346 1838 3402 ut

1091 3433 1193 3495 hbbas
1216 3431 1246 3494 S.
1272 3432 1409 3494 hlauritii
1432 3439 1464 3494 33
1485 3431 1660 3512 Episcopus
1683 3433 1721 3494 de
1743 3433 1837 3495 Beth-

1090 3527 1175 3590 leem
1198 3525 1378 3605 appelletur
1400 3541 1473 3588 cum
1490 3525 1639 3588 omnibns
1653 3531 1685 3587 et
1700 3525 1837 3603 singulis

1090 3619 1225 3692 iuribus,
1240 3619 1428 3698 privilegiis,
1443 3619 1633 3692 honoribus,
1643 3619 1834 3696 insignibus,

1091 3713 1337 3792 praerogativis,
1372 3713 1488 3790 quibus
1517 3713 1663 3792 Episcopi
1692 3713 1724 3774 in
1754 3721 1835 3792 part.

1090 3808 1179 3870 infid.
1203 3813 1351 3877 utuntur,
1382 3806 1546 3878 fruuntur,
1569 3806 1623 3868 vel
1644 3806 1692 3868 uti
1716 3821 1751 3868 33
1773 3805 1837 3868 irui

1090 3907 1225 3979 possunt
1240 3906 1272 3962 33
1287 3906 1451 3978 poterunt,
1476 3905 1570 3977 atque
1592 3900 1624 3962 id
1645 3900 1687 3961 ita
1710 3915 1837 3963 conces-

1090 3987 1347 4066 sum'volumus,
1371 3999 1417 4066 ut,
1445 3995 1580 4070 sequuta
1610 3993 1837 4057 3333333313-

1091 4087 1168 4150 batis
1191 4087 1339 4150 canonica
1362 4086 1531 4160 electione,
1550 4088 1646 4148 33333
1663 4087 1837 4167 Episcopus

1092 4183 1130 4244 de
1152 4181 1320 4244 Bethleem
1343 4179 1376 4240 in
1405 4185 1485 4258 part.
1516 4180 1605 4242 inlid.
1630 4181 1751 4243 electus
1773 4197 1837 4245 33-

1092 4282 1175 4348 3333,
1188 4281 1289 4353 utque
1302 4275 1467 4337 electionis
1480 4274 1758 4336 confirmationem
1774 4292 1837 4337 una

1091 4387 1164 4432 cum
1198 4370 1350 4432 ccclesiae
1379 4369 1565 4448 episcopalis
1594 4367 1777 4448 provisione
1799 4369 1836 4432 ab

1093 4466 1149 4526 hac
1171 4463 1350 4544 Apostolicd
1367 4462 1448 4524 Sede
1463 4461 1566 4523 literis
1586 4461 1765 4540 apostolicis
1778 4463 1837 4524 sub

1091 4559 1210 4634 annulo
1232 4557 1398 4620 Piscatoris
1413 4571 1542 4634 semper
1563 4555 1709 4618 obtinere
1725 4556 1838 4620 debeat

1092 4659 1124 4716 et
1145 4658 1304 4714 teneatur.

1131 4745 1200 4821 §a
1225 4746 1307 4808 llaec
1336 4743 1541 4807 concedimus
1569 4750 1665 4821 atque
1691 4743 1837 4823 indulge·
1871 4771 2021 4834 ‘pappum
2038 4769 2069 4816 5„

1091 4856 1175 4912 mus,
1199 4840 1369 4902 statuimus
1392 4845 1426 4900 33
1445 4839 1643 4910 mandamus,
1662 4838 1837 4900 decernen-
1857 4829 1946 4869 ''ulls-

1091 4941 1139 4996 tes
1155 4935 1210 4994 bas
1233 4939 1418 5012 praesentes
1440 4932 1549 4993 literas
1571 4931 1691 5004 firmas,
1718 4932 1837 4994 validas

1093 5035 1124 5090 et
1146 5028 1286 5089 elhcaces
1310 5027 1450 5088 existere
1466 5025 1593 5098 otiare,
1618 5041 1758 5103 suosque
1772 5028 1837 5104 313-

1093 5122 1197 5184 333333
1221 5127 1253 5183 33
1277 5121 1422 5198 integros
1445 5119 1577 5181 31133333
1599 5119 1709 5180 3333333
1730 5125 1762 5180 33
1784 5121 1837 5182 ob-

1092 5217 1207 5287 tinere,
1231 5231 1265 5276 ac
1287 5214 1349 5276 illis
1370 5214 1403 5275 in
1426 5213 1575 5276 omnibns
1598 5221 1630 5275 et
1651 5229 1708 5291 per
1732 5215 1837 5275 33333

1092 5309 1278 5387 3133333333
1298 5307 1484 5384 sullragari3
1507 5307 1617 5383 sicque
1639 5307 1672 5368 in
1687 5307 1838 5384 praemis-

1092 5403 1134 5463 sis
1155 5418 1213 5480 per
1236 5416 1457 5478 quoscumque
1473 5400 1593 5462 iudices
1613 5399 1790 5460 ordinarios
1807 5407 1838 5462 et

1093 5497 1256 5572 delegatos
1278 5496 1372 5558 etiam
1396 5510 1563 5557 causarum
1586 5493 1692 5572 palatii
1713 5501 1838 5572 aposto·
1912 5516 1917 5526 .

1092 5589 1143 5652 1333
1166 5589 1327 5650 auditores
1350 5594 1382 5650 et
1405 5585 1435 5650 S.
1451 5587 1486 5650 ll.
1501 5587 1537 5648 E.
1555 5585 1750 5659 Cardinales‚
1765 5587 1838 5648 sub-

1092 5683 1152 5744 1333
1181 5681 1226 5744 333
1257 5688 1289 5742 33
1311 5697 1424 5743 33333
1451 5679 1582 5742 cuilibet
1604 5679 1715 5756 quavis
1745 5679 1838 5744 aliter

1092 5775 1250 5838 iudicandi
1274 5774 1550 5853 etinterpretandi
1573 5772 1722 5835 facultate
1739 5779 1770 5836 et
1785 5791 1839 5836 au-

1093 5871 1251 5941 ctoritate,
1266 5869 1397 5931 iudicari
1413 5875 1445 5931 et
1457 5869 1584 5930 definiri
1603 5869 1733 5940 debere,
1748 5885 1781 5931 ac
1796 5869 1837 5930 ir-

1093 5966 1191 6026 ritum
1215 5971 1246 6026 et
1268 5965 1372 6037 33333,
1389 5964 1415 6024 33
1430 5979 1522 6025 secus
1544 5980 1642 6042 super
1663 5964 1712 6025 his
1728 5981 1744 6024 a
1760 5979 1837 6042 quo·

1754 575 1812 640 2137
1862 575 1915 628 An.
1931 577 1960 628 0.
1982 576 2051 628 1840
