4788 6980
907 563 1081 611 baudonius
1102 564 1152 608 ΡΡ.
1176 565 1241 608 xvi.

305 681 509 747 visitatorem
537 685 756 763 Apostolicum
783 685 819 746 ad
846 691 992 746 nostrum
1015 687 1047 742 et

306 777 504 855 spostolicae
527 776 617 840 Sedis
638 777 874 855 beneplacitum
897 791 970 836 curn
993 790 1047 836 ne·

305 870 449 932 cessariis
470 870 671 932 tacnlmtious
693 871 729 932 ad
752 869 972 947 componenda
993 884 1047 930 ne·

306 964 389 1040 gotia
411 965 546 1026 minoris
567 963 735 1034 momenti,
758 964 792 1024 in
814 962 947 1038 reliquis
969 977 1048 1022 vero

305 1057 340 1118 ad
356 1055 577 1128 referendum,
594 1056 755 1132 eligimus,
777 1055 1002 1116 constituimus
1017 1061 1053 1114 et

306 1149 507 1225 deputamus,
531 1149 740 1210 salvatamen
762 1162 891 1224 semper
913 1147 945 1206 in
961 1161 1049 1223 prae-

305 1239 410 1300 missis
432 1240 619 1302 auctoritate
640 1237 908 1315 congregationis
921 1253 1048 1298 eorum-

307 1331 379 1392 dem
408 1330 636 1393 Cardinalium.
671 1331 854 1392 blandamus
881 1335 1050 1407 propterea

307 1423 456 1485 omnibus
473 1431 505 1486 et
518 1424 656 1500 singulis
672 1424 832 1500 religiosis
847 1423 934 1484 illius
946 1422 1050 1498 Regu-

308 1516 380 1576 laris
402 1515 551 1578 Familiae
577 1523 846 1578 commemoratae
867 1515 1050 1576 Bosniensis

308 1609 506 1686 provinciae,
537 1609 671 1686 aliisque
696 1611 734 1670 ad
762 1625 843 1685 quos
870 1613 1050 1686 spectatae

308 1701 461 1778 spectabit
482 1703 514 1763 in
534 1709 711 1780 posterum,
728 1708 764 1762 ut
781 1701 836 1762 tibi
851 1701 884 1762 in
900 1701 1050 1778 praemis-

308 1795 348 1855 sis
371 1795 512 1873 prompti
540 1802 672 1872 pareant
693 1803 725 1856 et
747 1794 905 1864 obediant,
934 1801 1051 1870 tuaque

308 1887 445 1948 salubria
461 1889 581 1950 monita
604 1895 636 1950 et
651 1889 795 1950 mandata
812 1888 979 1949 humiliter
999 1903 1051 1948 ex-

307 1980 423 2057 cipiant
438 1987 470 2042 et
481 1981 649 2042 efficaciter
664 1981 824 2058 implenda
839 1980 1051 2052 3313113113-

308 2073 384 2147 quin
407 2075 601 2134 sententiam
629 2089 687 2134 seu
709 2088 844 2150 poenam
860 2088 968 2149 quam
991 2074 1052 2133 rite

309 2165 421 2226 tuleris
451 2182 508 2228 seu
537 2168 686 2228 statueris
712 2166 745 2227 in
773 2165 928 2236 rebelles,
952 2172 1052 2226 ratam

309 2257 498 2319 habebimus
511 2265 543 2320 et
554 2259 705 2320 iaciemus
721 2265 905 2320 auctorante
917 2258 1052 2319 Domino

308 2351 460 2426 usquead
475 2351 723 2414 satisfactionem
739 2352 930 2428 condignam
952 2351 1053 2412 inrio-

309 2441 449 2504 labiliter
470 2444 645 2505 observari.

347 2537 366 2610 ἓ
386 2535 416 2596 3.
441 2535 511 2597 Non
531 2537 730 2598 obstantibus
752 2537 942 2613 apostolicis,
958 2543 1053 2612 atque

308 2627 599 2701 inuniversalibus,
613 2629 926 2708 provincialibusque
939 2637 1054 2707 313111-

309 2719 452 2782 odalibus
483 2721 622 2782 conciliis
651 2721 744 2782 editis
773 2721 976 2798 generalibus
1002 2721 1054 2781 vel

308 2813 498 2888 specialibus
520 2813 801 2875 constitutionibus
824 2821 856 2875 et
885 2814 1055 2874 ordinatio-

310 2905 413 2976 nibus,
438 2921 497 2966 uec
518 2921 583 2966 non
605 2907 771 2982 quibusvis
798 2908 893 2968 etiam
922 2921 1055 2968 consue-

311 2997 485 3069 tudinibus,
510 2999 688 3076 privilegiis
710 3015 850 3076 quoque,
867 2999 1001 3061 indultis
1024 3005 1056 3060 et

311 3089 412 3150 literis
434 3091 614 3169 apostolicis
629 3092 662 3152 in
684 3092 881 3154 contrarium
904 3093 1054 3169 praemis-

309 3198 419 3244 sorum
442 3184 686 3260 quomodolibet
700 3185 870 3256 concessis,
889 3186 1055 3246 conflrma-

310 3275 349 3334 tis
371 3282 406 3336 et
427 3277 605 3350 innovatis3
627 3277 744 3353 quibus
767 3278 916 3338 omnibus
939 3277 1055 3338 31311-

311 3367 397 3442 gulis
424 3367 557 3428 illorum
586 3375 717 3430 tenores
747 3370 968 3447 praesentibus
997 3385 1055 3452 pro

311 3459 406 3537 plene
418 3467 452 3522 et
462 3461 660 3522 sufficienter
672 3463 843 3539 expressis,
858 3479 892 3524 ac
904 3463 943 3524 de
955 3462 1055 3523 verbo

311 3553 347 3613 ad
363 3552 501 3614 verbum
517 3554 646 3614 insertis
668 3554 834 3626 babentes,
848 3555 912 3616 illis
933 3555 1008 3616 31133
1023 3555 1056 3616 in

311 3662 371 3708 suo
392 3646 511 3708 robore
540 3648 776 3724 permansuris,
805 3650 842 3710 ad
868 3649 1056 3726 praemisso-

312 3753 385 3800 rum
412 3740 563 3802 edectum
586 3741 642 3802 bac
663 3741 733 3802 vice
755 3742 919 3802 dumtaxat
940 3743 1057 3820 specia-

313 3831 387 3892 liter
402 3838 435 3893 et
456 3847 607 3909 expresso
630 3833 833 3910 derogamus,
859 3835 1058 3912 caeterisque

312 3925 482 3986 contrariis
507 3926 776 4003 quibuscumque.

352 4017 466 4078 ilatum
489 4018 608 4080 Romae
622 4019 704 4096 apud
727 4017 758 4080 S.
782 4019 912 4080 Petrum
932 4020 992 4082 sub
1006 4035 1058 4080 an-

314 4109 1056 4188 1313Ρ13331.1131111.3311113133331111111.,

315 4203 516 4280 pontificatus
537 4203 640 4264 nostri
662 4219 745 4266 anno
766 4220 835 4264 rur.

610 4668 760 4732 cxxxii.

318 4852 468 4916 Rationes
479 4851 593 4932 quibos
607 4855 722 4916 dnctns
736 4853 914 4915 instituerit
925 4853 1063 4916 nicorio-

357 4951 425 5007 tnm
440 4963 491 5026 cp.
509 4947 545 5008 in
559 4946 659 5007 ladiie
678 4943 893 5008 Orientalibus
915 4945 1062 5014 ostendit,

358 5055 425 5100 non
444 5037 587 5102 obstante
602 5038 695 5118 Rapis
710 5039 860 5101 Lusitani
872 5043 1064 5118 3311333111·

358 5131 503 5194 declarat
526 5131 588 5193 Vin.
606 5131 663 5212 Ap.
688 5147 800 5194 331133
821 5131 987 5210 cepionem
1002 5147 1065 5190 ease

362 5221 556 5286 Ordinnrioe
581 5223 739 5292 iocorum,
767 5229 861 5299 atque
882 5239 904 5284 3
931 5221 967 5283 s„
990 5220 1066 5282 Sede

359 5315 541 5379 immediate
560 5315 706 5395 pendere,
729 5313 859 5376 iactato
884 5313 1065 5392 31331313-

359 5409 545 5471 risdictione
567 5409 665 5470 etiarn
684 5406 829 5486 Arciiep.
857 5405 940 5469 Goae
960 5407 972 5485 (
994 5405 1015 5484 1.

827 5555 907 5562 «ι’-...-
911 5557 916 5561 .

361 5641 388 5698 (ll
405 5645 454 5686 Pro
468 5643 517 5686 hac
532 5641 627 5686 celebri
642 5644 724 5686 const.
738 5639 796 5684 vide
810 5639 928 5684 eiusdem
940 5641 1012 5683 Pont.
1024 5639 1061 5683 lit.

322 5711 457 5753 Postorarte
471 5711 592 5761 ammaim,
608 5711 742 5752 tutissimi
751 5713 891 5750 terraneam
901 5711 1010 5755 trocleis,
1024 5709 1063 5750 Ex

321 5778 561 5828 131131331313113
575 5779 656 5828 officit,
674 5779 715 5818 lin>
729 5785 849 5822 nouam,
868 5777 1006 5818 Commisit
1020 5785 1064 5818 no·

322 5844 359 5884 tte
373 5846 521 5894 pastoralis
539 5845 621 5894 officit,
643 5845 783 5892 apostotici
801 5844 931 5888 munieris,
952 5842 1065 5885 1133133·

322 5919 385 5952 nene
399 5911 554 5961 pastoralia,
565 5899 688 5962 'eperum
709 5911 804 5956 333113,
827 5909 964 5950 Nunctnm
982 5909 1018 5950 ad
1032 5910 1062 5954 te,

1772 549 1828 612 191
1876 552 2065 606 1331333

1274 703 1492 772 altecomus
1515 705 1575 774 ΡΡ.
1600 707 1673 774 tvi.

1144 872 1147 878 ·
1222 851 1258 917 ad
1281 857 1455 934 perpetuam
1478 855 1520 920 rei
1544 856 1724 962 memoriam.

1145 1053 1241 1114 Multa
1257 1055 1417 1132 praeclare
1432 1055 1564 1118 Romani
1577 1057 1746 1119 Pontifices
1760 1073 1847 1134 prae·
1896 1070 2065 1115 incaenium.

1105 1145 1291 1208 decessores
1313 1149 1415 1208 nostri
1438 1165 1496 1226 pro
1517 1151 1681 1227 apostolici
1704 1151 1847 1211 muneris

1105 1237 1213 1300 debito
1244 1241 1499 1309 constituerunt,
1529 1249 1566 1302 nt
1596 1243 1627 1304 in
1660 1243 1847 1302 vastissimis

1105 1327 1314 1392 Orientalium
1329 1332 1491 1393 lndiarum
1513 1333 1700 1409 regionibus
1720 1334 1848 1396 catholi-

1105 1440 1159 1486 cae
1188 1423 1355 1500 religionis
1385 1425 1587 1486 incremento
1616 1426 1846 1503 prospicerent.

1106 1517 1186 1578 Gum
1210 1517 1296 1578 enim
1312 1517 1352 1578 ob
1367 1533 1527 1578 summam
1544 1533 1654 1578 earum
1677 1519 1848 1594 regionum

1106 1609 1144 1670 ab
1157 1609 1335 1686 1333131133
1347 1608 1429 1671 Sede
1441 1611 1632 1682 distantiam,
1644 1611 1683 1672 ob
1695 1611 1848 1672 itinerum

1107 1701 1342 1778 longitudinem
1356 1702 1565 1778 locorumque
1578 1703 1788 1774 difficultates,
1803 1719 1849 1763 ar-

1107 1795 1166 1854 dua
1179 1794 1271 1856 valde
1286 1801 1372 1856 esset
1385 1801 1489 1856 tantae
1502 1795 1587 1856 illius
1599 1797 1712 1857 vineae
1724 1796 1849 1858 Domini

1107 1887 1205 1963 partis
1219 1886 1354 1958 cultura,
1372 1888 1607 1948 solicitudinem
1623 1904 1712 1950 suam
1728 1890 1850 1966 impen-

1107 1995 1141 2040 33
1156 1979 1288 2040 Romani
1304 1981 1471 2042 Pontifices
1487 1981 1801 2052 demonstraverunt,
1816 1991 1852 2042 ut

1108 2072 1261 2148 quidquid
1284 2088 1342 2150 pro
1371 2073 1496 2134 diversa
1518 2079 1702 2151 temporum
1727 2074 1851 2134 ratione

1108 2165 1258 2240 religioni
1279 2165 1358 2226 utile
1380 2167 1461 2243 apud
1483 2165 1553 2227 illas
1575 2173 1687 2242 gentes
1704 2166 1850 2228 loturum

1108 2272 1179 2318 esse
1200 2257 1377 2328 videretur,
1401 2258 1589 2320 auctoritate
1610 2274 1665 2318 sua
1691 2259 1852 2320 sancirent

1109 2355 1141 2410 et
1162 2349 1303 2410 studiose
1325 2351 1519 2412 servandum
1543 2367 1613 2412 esse
1636 2351 1796 2413 iuberent.

1148 2445 1167 2516 ἓ
1190 2443 1216 2503 1.
1233 2441 1417 2504 Omittirnus
1429 2443 1516 2504 illam
1532 2460 1640 2505 curam
1657 2460 1852 2506 commemo·
1891 2462 2083 2524 3333133333-

1109 2551 1181 2596 rare
1196 2535 1234 2595 ab
1249 2535 1429 2612 Apostolica
1452 2535 1533 2598 Sede
1556 2552 1720 2614 nunquam
1742 2538 1852 2614 negle-
1870 2520 2084 2614 {{{,'⁰⁰⁰f¹¹¹²¹¹³''

1110 2634 1202 2698 ctam,
1220 2634 1257 2688 ut
1269 2627 1413 2704 undique
1432 2629 1613 2689 sacerdotes
1635 2630 1852 2691 excitarentur

1111 2720 1147 2780 ad
1169 2721 1249 2782 sacri
1265 2721 1435 2781 ministerii
1449 2721 1547 2781 officia
1564 2721 1597 2782 in
1612 2721 1650 2781 iis
1666 2722 1852 2798 regionibus

1111 2813 1270 2874 obeunda:
1297 2813 1376 2874 nibil
1399 2815 1437 2875 de
1462 2814 1618 2891 singulari
1647 2816 1781 2875 dicimus
1803 2817 1853 2876 ad-

1111 2905 1209 2966 hibita
1224 2899 1239 2965 a
1256 2907 1554 2982 praedecessoribus
1569 2908 1687 2968 nostris
1707 2907 1853 2975 facilitate

1110 3014 1144 3058 ac
1167 2998 1374 3074 benignitate,
1392 3005 1428 3058 ut
1449 3000 1486 3059 ad
1508 3015 1572 3060 non
1594 3001 1801 3060 retardandos
1816 3001 1854 3060 iis

1110 3091 1143 3151 in
1170 3091 1247 3152 locis
1276 3092 1443 3168 religionis
1472 3092 1643 3153 catholicae
1665 3108 1855 3169 progressus

1111 3183 1281 3244 innumera
1293 3182 1395 3244 lerme
1407 3184 1633 3262 concesserint,
1645 3185 1760 3261 quibus
1774 3185 1854 3262 passi

1111 3281 1197 3346 sunt.
1212 3292 1285 3337 cum
1298 3275 1335 3335 iis
1348 3276 1498 3351 gentibus
1511 3276 1678 3336 remissius
1687 3277 1748 3352 agi,
1760 3292 1854 3352 quarn

1111 3374 1147 3429 ut
1175 3383 1333 3429 canonum
1356 3375 1388 3429 et
1409 3368 1593 3445 disciplinae
1615 3369 1788 3430 severioris
1809 3369 1855 3430 in-

1112 3459 1220 3520 stituta
1242 3459 1460 3536 requirebant.
1478 3460 1555 3520 Eam
1578 3465 1701 3521 tantum
1725 3461 1775 3521 bic
1790 3477 1855 3521 rne-

1112 3552 1310 3612 morabimus
1339 3553 1419 3628 grati
1448 3553 1545 3614 animi
1574 3553 1852 3628 significationem,

1113 3659 1207 3722 quam
1231 3661 1288 3722 pro
1310 3645 1465 3720 dignitate
1489 3663 1545 3706 sua
1570 3645 1702 3706 Romani
1728 3646 1855 3706 Pontifi-

1113 3754 1164 3798 ces
1187 3753 1263 3813 erga
1285 3737 1357 3800 illos
1387 3739 1608 3810 ostenderunt,
1632 3753 1712 3814 quos
1735 3744 1856 3798 consta-

1113 3830 1166 3892 bat
1188 3845 1283 3908 opera
1304 3846 1360 3891 sua
1382 3831 1531 3907 religioni
1552 3831 1649 3893 utiles
1665 3847 1722 3910 per
1738 3848 1773 3892 ea
1789 3831 1856 3902 loca

1113 3923 1223 3984 luisse.

1153 4018 1171 4090 ἓ
1192 4016 1222 4076 2.
1245 4015 1451 4092 Perspicuum
1469 4017 1563 4077 buius
1576 4017 1622 4077 rei
1635 4017 1856 4078 testimonium
1904 4029 1988 4073 unvai.
2007 4033 2087 4092 ,savrra-

1115 4108 1258 4170 continet
1279 4115 1463 4185 patronatus
1483 4109 1690 4186 privilegium
1713 4109 1857 4171 111311331-
1878 4084 2089 4198 ssissgsoegffiug'ss‘.

1116 4201 1176 4261 mis
1188 4200 1365 4262 Lusitaniae
1380 4201 1520 4277 Regibus
1532 4201 1569 4262 ab
1582 4200 1761 4278 Apostolica
1776 4201 1857 4264 Sede
1876 4187 2087 4294 gssifflig‘lff

1116 4293 1284 4364 tributum,
1308 4300 1346 4354 ut
1366 4292 1560 4355 dioecesium
1581 4293 1809 4355 nonnullarum
1825 4295 1857 4355 in
1878 4294 2044 4339 institutioni.

1116 4385 1154 4444 iis
1168 4385 1358 4460 regionibus
1369 4385 1526 4463 Episcopi,
1541 4401 1654 4447 eorum
1670 4386 1859 4448 nominatio-

1117 4493 1169 4549 ne,
1186 4478 1398 4554 eligerentur.
1415 4477 1506 4540 Gum·
1519 4479 1605 4540 enim
1627 4478 1758 4540 illorum
1774 4479 1859 4556 prin-

1117 4571 1222 4648 cipum
1240 4571 1339 4648 pietas
1353 4587 1388 4631 ac
1402 4571 1620 4632 munificentia
1635 4572 1775 4632 multum
1787 4588 1860 4632 con-

1119 4664 1256 4734 tulisset,
1280 4671 1316 4724 ut
1330 4663 1565 4724 invvastissimis
1588 4662 1651 4728 illis
1673 4663 1860 4739 regionibus

1119 4757 1317 4834 episcopatus
1350 4755 1498 4817 nonnulli
1529 4757 1679 4817 constitui
1711 4764 1858 4834 possent.

1119 4849 1381 4926 praedecessores
1397 4850 1509 4921 nostri,
1528 4849 1609 4926 grati
1631 4849 1728 4910 animi
1750 4851 1861 4911 testiti-

1119 4943 1242 5004 catione
1257 4958 1371 5003 eorum
1387 4942 1501 5003 merita
1516 4943 1668 5019 prosequi
1682 4943 1859 5020 cupientes,

1120 5036 1226 5111 largiti
1247 5041 1324 5096 sunt
1337 5041 1494 5096 utearum
1518 5035 1711 5096 dioecesium
1735 5036 1862 5112 Episco-

1120 5144 1177 5206 pos
1199 5126 1297 5189 Sedes
1319 5125 1498 5204 Apostolica
1524 5126 1670 5203 eligeret,
1695 5142 1775 5203 quos
1797 5129 1863 5189 ido-

1120 5235 1198 5282 neos
1225 5219 1271 5280 illi
1304 5219 1539 5280 nominassent.
1570 5218 1670 5280 Huius
1700 5226 1863 5297 praeterea

1121 5313 1283 5390 privilegii
1311 5313 1532 5383 concessione,
1557 5311 1736 5390 Apostolica
1765 5310 1863 5374 Sedes

1123 5409 1297 5484 prospexit,
1316 5411 1351 5466 ut
1372 5421 1436 5466 non
1459 5404 1610 5467 diuturna
1633 5411 1717 5466 esset
1738 5405 1864 5466 sedium

1121 5643 1226 5690 Qarantu
1245 5643 1351 5683 laetitia.
1374 5637 1437 5682 Vide
1457 5638 1537 5682 etiarn
1558 5637 1597 5680 rii
1612 5639 1651 5680 lx.
1667 5636 1737 5680 liter.
1753 5637 1865 5679 Scirtiana

1119 5708 1205 5747 antiret
1219 5708 1313 5750 riustri,
1331 5702 1514 5747 allocutionem
1531 5701 1613 5746 babit.
1629 5700 1656 5744 ln
1670 5699 1776 5744 constit.
1791 5704 1865 5742 litter
1914 5747 1916 5752 .

1120 5781 1209 5820 raneos,
1226 5773 1253 5815 ot
1267 5770 1307 5814 lit.
1324 5773 1407 5814 Probe
1426 5773 1516 5818 nostis,
1534 5766 1666 5812 sthennis
1684 5769 1748 5811 xlll.
1767 5769 1865 5812 11313311-

1120 5849 1171 5880 nae
1183 5841 1287 5881 3313113.
