4770 6982
284 499 337 550 Aa.
352 501 381 552 C.
407 499 471 550 1841
524 498 583 564 280

506 636 694 713 praesertim
711 637 865 715 populum
883 637 931 698 vis
948 653 1016 699 esse
1032 638 1132 700 soleat
1146 638 1179 698 in
1196 637 1252 699 hu·

506 729 642 792 iusmodi
666 730 920 793 cavillationibus
943 748 982 793 ex
1004 748 1114 794 rerum
1143 731 1254 794 simili·

507 824 617 886 tudine
633 831 830 903 externaque
846 826 947 888 veluti
970 825 1048 888 lacie
1064 825 1182 904 petitis.
1206 823 1253 888 Ne

505 918 636 978 desistas
657 918 775 995 itaque,
801 925 867 981 toto
889 920 1054 998 pastoralis
1070 920 1254 997 vigilantiae

503 1011 609 1073 studio
639 1012 841 1090 prospicere,
866 1020 902 1076 ut
924 1021 997 1075 tuus
1025 1013 1086 1076 iste
1114 1029 1194 1091 grex
1215 1013 1253 1074 iis

505 1106 669 1168 fraudibus
691 1105 825 1172 minime
840 1109 990 1184 capiatur.
1015 1107 1105 1170 llunc
1127 1107 1253 1169 veroin

505 1201 603 1262 sanem
637 1216 828 1278 praecavere
861 1203 1002 1282 primum
1036 1208 1180 1282 oportet,
1213 1217 1253 1262 ne

504 1295 589 1356 idem
611 1294 692 1356 illud
720 1295 915 1358 seductionis
945 1297 1125 1374 periculum
1152 1295 1254 1357 maius

504 1387 617 1450 evadat
631 1404 671 1450 ex
684 1389 891 1472 novataliqua
913 1392 1175 1462 commutatione,
1193 1405 1254 1466 qua

503 1483 623 1546 scilicet
638 1483 779 1546 Rutheni
794 1481 1024 1547 catholicorum
1041 1485 1121 1548 ritus
1137 1485 1173 1546 ad
1190 1484 1255 1562 ple-

504 1577 631 1640 niorem
663 1595 736 1640 cum
768 1578 977 1641 schismaticis
1008 1577 1252 1640 similitudinem

505 1673 799 1734 accommodentur.
813 1671 990 1734 Enimvero
1001 1674 1028 1734 si
1040 1673 1079 1734 de
1091 1673 1127 1732 iis
1139 1671 1254 1733 ritibus

504 1767 681 1844 loquimur,
706 1767 761 1844 qui
783 1767 820 1828 ad
846 1766 1078 1844 professionem
1101 1765 1255 1843 quodam-

505 1862 601 1923 modo
623 1860 697 1923 fidei
713 1867 746 1922 et
760 1861 890 1923 unitatis
906 1860 1089 1933 catholicae,
1104 1865 1199 1936 atque
1216 1858 1252 1920 ad

504 1955 751 2016 detestationem
779 1953 957 2016 schismatis
985 1953 1165 2032 pertinent,
1197 1951 1254 2012 hos

504 2048 636 2126 quidem
658 2049 774 2110 variari
796 2063 928 2126 prorsus
944 2063 1009 2108 non
1031 2063 1136 2125 posse,
1154 2045 1254 2107 mani-

504 2141 713 2204 festissimum
743 2147 802 2202 est.
833 2141 877 2202 De
900 2139 968 2202 aliis
990 2146 1097 2202 autem
1126 2139 1252 2212 ritibus,

504 2250 584 2312 quos
606 2233 747 2296 Rutheni
759 2233 905 2296 catholici
921 2235 1129 2296 retinuerunt
1145 2251 1184 2295 ex
1200 2249 1254 2295 ve-

503 2328 565 2390 teri
586 2344 645 2390 suo
668 2343 770 2400 more,
794 2334 848 2390 aut
873 2343 953 2405 quos
976 2343 1151 2406 progressu
1173 2333 1254 2390 tem·

502 2420 589 2499 poris
611 2420 648 2482 ad
671 2421 822 2482 tuendam
845 2435 934 2482 suam
951 2438 967 2482 a
982 2420 1189 2482 schismaticis
1205 2435 1253 2482 se-

502 2514 713 2592 parationem,
730 2529 788 2576 seu
804 2514 878 2576 alias
895 2529 1113 2592 quascumque
1127 2513 1166 2575 ob
1182 2530 1253 2576 caar-

501 2624 551 2670 sas
567 2608 769 2686 adoptarunt,
785 2608 818 2668 hi
833 2622 963 2686 quoque
979 2608 1061 2670 haud
1078 2615 1166 2670 certe
1182 2622 1254 2684 pos·

500 2708 577 2764 sunt
608 2702 724 2764 variari
753 2717 810 2780 pro
834 2701 960 2774 lubitu,
992 2707 1087 2778 atque
1109 2702 1142 2762 in
1165 2705 1253 2762 tanto

502 2797 692 2875 praesertim
708 2795 805 2858 huius
818 2795 972 2874 temporis
992 2795 1135 2873 periculo
1156 2795 1253 2856 maxi-

503 2905 714 2968 maeprorsus
726 2889 1065 2968 imprudentiaeloret,
1077 2889 1252 2966 quidquam

502 3001 541 3047 eo
566 2985 600 3045 in
623 2999 744 3061 genere
771 2983 810 3045 ad
838 2983 1115 3046 schismaticorum
1142 2983 1253 3062 placita

502 3078 685 3150 detrahere,
709 3077 897 3154 adiungere,
914 3082 968 3139 aut
990 3077 1152 3154 quomodo
1174 3076 1254 3138 libet

502 3171 686 3232 immutare.
704 3170 771 3233 lluc
785 3170 917 3249 insuper
929 3176 1060 3248 spectat,
1077 3177 1113 3232 ut
1127 3171 1252 3232 intento

501 3264 622 3342 iugiter
643 3265 750 3326 animo
772 3280 894 3338 caveas,
912 3281 953 3326 ne
975 3264 1081 3326 clerus
1103 3264 1253 3342 populus-

501 3371 565 3435 que
586 3350 647 3420 iste
670 3357 806 3420 missalia
834 3357 1003 3437 accipiant,
1029 3357 1081 3420 vel
1103 3357 1253 3420 catechis-

501 3466 590 3522 mos,
614 3457 668 3514 aut
698 3451 775 3514 alios
798 3450 965 3528 liturgicos
994 3467 1052 3514 seu
1081 3450 1252 3528 religiosos

501 3560 723 3622 quoscumque
739 3545 849 3618 libros,
864 3545 920 3624 qui
942 3561 981 3608 ex
1004 3545 1137 3608 officinis
1153 3545 1251 3607 schis-

502 3639 692 3701 maticorum
708 3639 897 3718 prodierint.
914 3638 1013 3714 Quam
1029 3639 1111 3701 circa
1126 3654 1196 3700 rem
1213 3655 1251 3702 eo

501 3733 602 3794 maior
614 3733 792 3795 adhibenda
807 3732 971 3810 vigilantia
983 3739 1042 3805 est,
1060 3733 1146 3810 quod
1158 3731 1253 3794 Grae·

501 3825 653 3888 co-Russi
683 3825 781 3887 libros
811 3825 997 3888 huiusmodi
1026 3827 1062 3888 ad
1092 3825 1251 3888 rationem

501 3935 591 3983 suam
614 3919 727 3982 callide
742 3925 863 3997 aptatos
886 3935 1003 3998 magno
1019 3935 1124 3998 nuper
1145 3934 1253 3982 exem-

502 4013 640 4092 plarium
663 4027 801 4075 numero
824 4011 962 4075 edidisse
984 4019 1166 4085 narrantur,
1185 4029 1253 4074 eos-

502 4109 642 4185 demque
670 4107 828 4170 Ruthenis
856 4107 1019 4170 catholicis
1048 4107 1174 4168 modico
1200 4113 1254 4169 aut

501 4203 597 4266 etiam
628 4201 718 4266 nullo
745 4201 846 4280 petito
868 4201 971 4280 pretio
1003 4201 1177 4264 obtrudere
1200 4218 1253 4279 ge-

500 4298 619 4372 stiunt;
643 4295 806 4374 speciatim
829 4310 909 4357 vero
934 4295 1164 4358 catechismum
1187 4313 1252 4358 non

501 4391 611 4468 lingua
631 4389 836 4452 solummodo
858 4405 919 4466 qua
941 4389 1001 4468 ipsi
1023 4396 1172 4464 utuntur,
1196 4391 1253 4454 sed

501 4485 685 4562 germanice
700 4484 834 4562 insuper
856 4481 1104 4562 interpretatum
1121 4485 1252 4562 evulga-

501 4585 596 4654 runt3
619 4585 655 4640 ut
677 4578 716 4640 de
738 4578 798 4640 hoc
820 4577 955 4656 proinde
976 4579 1076 4656 magis
1098 4579 1202 4641 adhuc
1217 4580 1253 4641 ti-

501 4672 656 4734 mendum
685 4673 736 4745 sit,
760 4687 801 4734 ne
823 4672 909 4734 inter
937 4671 1114 4745 Ruthenos,
1142 4667 1253 4750 quiin

502 4765 702 4828 dioecesibus
731 4766 812 4838 tuis,
836 4766 944 4830 autin
969 4766 1037 4828 aliis
1064 4766 1253 4828 Germaniae

501 4859 691 4938 regionibus
713 4867 799 4934 sunt,
823 4860 1031 4924 diffundatur.

542 5113 571 5168 tl)
588 5110 624 5156 ad
639 5111 769 5158 Hebraeos
782 5113 822 5167 x,
837 5113 869 5156 38.

542 5181 570 5237 (ἓ)
587 5179 682 5224 concil.
704 5183 807 5224 oscum.
829 5179 1025 5224 chalcedonia
1044 5179 1168 5226 related
1190 5183 1249 5226 Leo·

500 5257 560 5292 nem
575 5251 671 5303 Papam
683 5245 757 5302 (lom.
768 5249 817 5300 Ν,
827 5255 885 5302 pag.
898 5249 957 5301 1775,
969 5249 1026 5290 1770.
1038 5245 1174 5292 concilior.
1189 5249 1249 5292 lab·

499 5315 598 5361 baanae
612 5312 773 5359 collectionis
783 5311 900 5359 venetiis
910 5313 1009 5359 lterum
1020 5313 1106 5358 editae
1115 5325 1131 5358 a
1142 5315 1248 5370 colato).

541 5383 571 5436 (3)
587 5381 655 5426 Lihr.
672 5383 714 5426 lll.
729 5383 821 5425 contra
836 5379 958 5426 haereses
973 5391 1027 5437 cap.
1040 5382 1059 5426 3.

541 5449 570 5505 tl)
587 5448 705 5505 Epistola
725 5447 758 5492 ad
780 5449 931 5501 Damasum,
952 5457 1019 5504 quae
1041 5447 1082 5492 est
1101 5458 1139 5503 ep.
1156 5449 1205 5492 xv.
1221 5447 1248 5492 in

502 5519 562 5562 torn.
579 5520 597 5560 l.
612 5526 670 5572 opp.
686 5518 710 5560 S.
727 5514 879 5571 Hieronymi
895 5517 1013 5559 veronae
1027 5515 1065 5559 ed.
1082 5515 1247 5560 at'allarsio,

541 5585 571 5639 (5)
591 5583 747 5628 cerseralem
769 5581 882 5627 Russiaa
903 5580 1100 5626 conversionem
1122 5587 1185 5626 ante
1206 5593 1249 5626 an·

500 5661 564 5694 nuru
585 5649 684 5694 Christi
699 5660 727 5694 ar.
742 5649 791 5694 sub
807 5647 968 5707 Volodimiro
989 5647 1108 5704 piissimo
1129 5648 1249 5704 Principe

499 5717 652 5773 contigisse,
675 5721 790 5762 testatur
811 5717 882 5762 inter
902 5716 970 5762 alios
991 5719 1085 5760 Nestor
1107 5716 1249 5761 Monachus

501 5785 650 5840 (Euthenae
662 5784 722 5829 hist.
734 5787 837 5841 parens>
854 5783 880 5828 in
896 5783 1032 5828 chronicis
1044 5783 1117 5829 slavo
1127 5795 1249 5829 sermone

500 5851 616 5909 scriptis,
629 5863 696 5909 quae
711 5852 841 5908 Petropoli
856 5851 927 5898 edita
941 5855 1011 5896 sunt.
1027 5855 1180 5898 cessaverat
1195 5851 1248 5896 iarn

500 5924 637 5968 acentum
651 5918 729 5966 annis
747 5918 866 5964 Schisma
886 5917 980 5964 Photii.
995 5918 1173 5963 volodimirus
1188 5929 1250 5963 vero

1024 517 1090 564 idn.
1114 517 1206 566 PON'l.
1231 517 1271 564 Da
1292 517 1323 566 1³.
1347 519 1377 566 Ρ.
1401 520 1485 568 Dens
1506 521 1528 568 l.

2090 506 2144 558 An.
2160 509 2193 559 C.
2222 501 2302 555 lsai

1349 641 1367 714 5
1388 639 1418 701 5.
1442 640 1564 704 Deinde
1576 657 1642 704 non
1656 642 1837 706 intermissa
1852 657 1995 720 unquam
2011 658 2060 704 so·
2116 653 2317 716 caasa-enum

1310 734 1476 798 licitndine
1499 736 1671 813 providere
1701 753 1836 816 perges3
1859 743 1896 799 ut
1915 737 2060 799 sacerdo·
2078 708 2318 806 ffleliffio'ffi

1311 833 1369 900 tes,
1383 830 1437 906 qui
1460 829 1520 892 sub
1542 837 1574 892 te
1589 837 1674 903 sunt,
1692 831 1753 910 ipsi
1774 831 1860 894 inter
1874 847 1908 892 se
1925 831 2060 908 diligen·
2079 813 2317 922 {,¹²{¹,¹{}‘g²j,·„,‘.”¹2}'

1310 923 1372 984 tius
1395 925 1611 998 considerent,
1629 931 1661 986 et
1682 932 1790 988 tecum
1812 942 1875 988 una
1897 933 1993 1004 prout
2007 941 2059 988 res
2078 925 2175 966 ⁰f³⁴³⁰⁰
2196 923 2303 965 ¹³⁰⁵³v⁴

1310 1023 1342 1078 et
1364 1017 1485 1080 occasio
1514 1018 1672 1096 postulet,
1698 1025 1878 1098 opportune
1905 1020 2058 1098 populum

1310 1109 1454 1180 doceant,
1479 1111 1693 1174 differentiam
1722 1113 1852 1190 quidem
1875 1113 1974 1184 illam,
1999 1127 2060 1190 qva

1309 1203 1449 1266 Rutheni
1472 1204 1617 1267 catholici
1634 1224 1649 1266 a
1664 1205 1784 1268 Latinis
1803 1207 2058 1284 distinguuntur,

1310 1303 1422 1375 utpote
1438 1312 1518 1374 qnae
1534 1297 1693 1376 aliquibus
1705 1305 1830 1361 tantum
1846 1315 1954 1361 merae
1970 1300 2061 1364 disci-

1310 1388 1415 1467 plinae
1437 1389 1592 1468 capitibus
1613 1392 1774 1469 sacrisque
1802 1391 1967 1454 nonnullis
1994 1393 2060 1454 riti-

1310 1481 1369 1543 bus
1403 1484 1598 1556 continetur,
1622 1492 1654 1548 et
1684 1483 1815 1548 Sanctae
1845 1485 1940 1547 huius
1969 1484 2060 1548 Sedis

1310 1577 1497 1640 auctoritate
1520 1578 1674 1656 permissa
1698 1585 1834 1650 estnon
1856 1579 2060 1657 disrumpere

1310 1669 1378 1731 ullo
1401 1672 1496 1733 modo
1518 1672 1603 1734 inter
1617 1673 1701 1752 ipsos
1723 1673 1901 1742 vinculum,
1926 1688 1990 1750 quo
2006 1687 2061 1734 ve-

1310 1779 1363 1826 rae
1385 1765 1504 1828 Christi
1527 1781 1603 1828 oves
1618 1767 1757 1830 invicem
1776 1765 2057 1843 conglutinantur3

1309 1863 1420 1919 contra
1441 1873 1521 1920 vero
1536 1858 1787 1922 Graeco-Russis
1809 1859 1889 1921 nihil
1906 1859 2059 1937 prodesse

1309 1956 1405 2012 latam
1426 1951 1515 2014 illam
1543 1967 1676 2014 suorum
1703 1968 1777 2016 cum
1799 1951 1916 2014 vestris
1944 1951 2059 2014 ritibus

1309 2043 1566 2118 similitudinem,
1591 2061 1692 2122 quum
1714 2047 1773 2124 ipsi
1795 2045 2006 2108 nihilominus
2021 2046 2059 2108 ab

1309 2137 1458 2199 omnibns
1480 2139 1643 2201 catholicis
1665 2155 1722 2202 seu
1744 2140 1903 2202 lluthenis
1923 2157 1981 2202 seu
2003 2139 2059 2200 La-

1310 2231 1384 2292 tinis
1405 2248 1462 2294 seu
1484 2231 1614 2296 alterius
1641 2234 1872 2311 cuiuscumque
1894 2233 1975 2295 ritus
1998 2234 2059 2296 dis-

1308 2325 1448 2388 sentiant
1469 2328 1501 2388 in
1524 2327 1622 2390 rebus
1638 2327 1675 2392 ad
1690 2343 1801 2390 veram
1821 2327 2058 2406 pertinentibus

1309 2416 1417 2490 ildem,
1442 2434 1482 2480 ex
1505 2433 1566 2496 qua
1587 2420 1691 2482 iustus
1713 2420 1795 2481 vivit
1816 2417 1872 2499 (l),
1904 2425 1999 2496 atque
2020 2419 2057 2482 ad

1309 2509 1543 2575 subiectionem
1556 2529 1632 2590 erga
1644 2529 1863 2576 successorem
1876 2513 1961 2575 Petri
1977 2511 2059 2591 hpo-

1309 2608 1467 2670 stolorum
1496 2606 1664 2686 Principis,
1689 2606 1907 2670 Romanorum
1930 2605 2058 2668 Pantili-

1309 2717 1390 2774 cem,
1415 2701 1465 2764 cui
1486 2701 1536 2782 (ut
1554 2701 1662 2764 verbis
1678 2707 1807 2764 utamur
1822 2701 1952 2764 Patrum
1968 2699 2059 2764 Chal-

1309 2794 1554 2874 cedonensium)
1576 2796 1689 2858 vineae
1705 2795 1848 2858 custodia
1862 2813 1878 2856 a
1894 2793 2058 2858 Salvatore

1309 2889 1477 2952 commissa
1500 2895 1549 2952 est
1569 2889 1625 2972 (2),
1649 2890 1687 2952 ad
1709 2889 1798 2951 cuius
1821 2889 1987 2951 ecclesiam
2008 2889 2059 2970 (ut

1308 2983 1458 3046 irenaeus
1474 2983 1633 3064 loquitur)
1650 2989 1781 3062 propter
1798 2983 1957 3061 potiorem
1972 2983 2058 3060 prin-

1308 3077 1499 3156 cipalitatem
1516 3093 1647 3140 necesse
1664 3083 1713 3139 est
1734 3092 1865 3139 omnem
1884 3077 2057 3138 convenire

1309 3171 1486 3242 ecclesiam,
1518 3171 1578 3234 hoo
1606 3177 1656 3234 est
1683 3187 1754 3243 eos,
1786 3171 1841 3248 qui
1870 3177 1946 3233 sunt
1967 3169 2058 3232 undi-

1308 3281 1371 3342 que
1394 3265 1505 3328 fideles
1526 3264 1573 3346 (3)
1593 3281 1666 3327 cum
1690 3281 1754 3342 quo
1776 3265 1917 3342 denique
1941 3265 1992 3345 (nt
2012 3264 2058 3325 in-

1308 3359 1379 3436 quit
1390 3358 1620 3439 Hieronymus)
1636 3359 1833 3436 quicumque
1845 3375 1910 3420 non
1922 3357 2055 3434 colligit,

1307 3453 1438 3530 spargit,
1463 3454 1523 3516 hoc
1545 3459 1603 3527 est,
1618 3453 1673 3532 qui
1695 3453 1815 3516 Christi
1837 3467 1901 3514 non
1924 3459 1981 3525 est,
2006 3467 2059 3514 an·

1308 3547 1444 3608 tichristi
1466 3554 1515 3610 est
1535 3546 1591 3627 (l).

1348 3642 1366 3715 5
1386 3639 1416 3702 6.
1440 3639 1529 3702 lanta
1552 3641 1629 3704 haec
1643 3641 1754 3720 igitur,
1768 3641 1884 3703 rationi
1904 3641 2057 3702 insistens
2084 3659 2292 3712 segramen-

1307 3735 1368 3796 iam
1391 3752 1408 3796 a
1430 3741 1461 3796 te
1488 3735 1649 3813 sapienter
1677 3735 1851 3808 adhibitae,
1882 3735 2057 3798 admonere
2076 3715 2280 3812 33:32⁰„¹{‘,}','‚²¹¹¹‘

1308 3843 1444 3905 gregem
1472 3845 1537 3890 non
1566 3828 1719 3902 cessabis,
1744 3835 1780 3890 ut
1810 3829 2057 3891 constantissimi

1307 3922 1501 3984 adhaereant
1528 3928 1654 3984 sanctae
1676 3921 1751 3984 huic
1780 3921 1905 3996 unitati,
1930 3929 1962 3985 et
1982 3923 2057 3985 lidei

1307 4015 1491 4087 catholicae,
1516 4031 1597 4092 quae
1618 4032 1634 4076 a
1649 4013 1776 4076 Christo
1792 4021 1824 4076 et
1839 4013 1876 4076 ab
1892 4013 1961 4076 eius
1976 4015 2057 4093 Apo-

1306 4109 1394 4172 stolis
1415 4109 1615 4180 annunciata,
1632 4114 1727 4185 atque
1749 4108 1895 4170 asanctis
1912 4109 2057 4171 Patribus

1307 4209 1375 4265 tum
1389 4203 1507 4266 Latinis
1524 4209 1594 4264 tum
1609 4200 1823 4266 Orientalibus
1838 4202 1990 4266 inviolate
2005 4219 2057 4265 cu·

1306 4297 1432 4369 stodita,
1447 4303 1479 4359 et
1491 4296 1635 4359 unanimi
1650 4295 1864 4359 consensione
1880 4297 2057 4376 praedicata

1308 4398 1340 4456 et
1354 4391 1540 4454 transmissa
1552 4391 1589 4454 ad
1605 4407 1663 4454 nos
1679 4397 1743 4466 est,
1767 4405 1864 4467 quam
1880 4397 2057 4453 tenuerunt

1308 4487 1404 4549 etiam
1426 4485 1566 4548 Eutheni
1588 4485 1723 4547 hussive
1741 4501 1865 4558 omues,
1890 4501 1954 4564 quo
1976 4492 2056 4546 tem-

1308 4595 1386 4659 pore
1408 4579 1477 4640 sive
1499 4579 1693 4642 Graecorum
1720 4579 1923 4642 sacerdotum
1945 4579 2056 4640 Roma-

1307 4689 1366 4736 nae
1379 4673 1454 4736 Sedi
1467 4679 1542 4735 tunc
1554 4672 1797 4735 adhaerentium
1818 4671 1865 4752 (5)
1879 4673 1947 4736 sive
1960 4673 2055 4736 etiam

1308 4767 1495 4828 Latinorum
1517 4764 1562 4846 (c)
1584 4765 1763 4828 ministerio
1778 4766 1815 4828 ad
1831 4765 1950 4829 Christi
1971 4767 2055 4830 ovile

1308 4859 1434 4924 adducti
1450 4865 1536 4922 sunt.
1561 4858 1605 4920 De
1617 4857 1816 4924 schismatica
1826 4878 1907 4924 vero
1918 4861 2055 4926 Graeco·

1304 5113 1371 5158 obiit
1385 5123 1455 5158 anno
1469 5123 1539 5166 axv:
1555 5115 1636 5168 atque
1650 5111 1688 5158 ita
1702 5113 1780 5170 longe
1795 5115 1856 5157 ante
1869 5123 1968 5158 annum
1980 5123 2056 5168 ucria,

1305 5191 1357 5236 quo
1379 5179 1484 5224 tandem
1508 5177 1620 5224 Michael
1641 5179 1812 5224 caerularius
1833 5177 1922 5224 C-Poli
1940 5179 2057 5226 schisma

1305 5247 1475 5293 instauravit.
1492 5247 1540 5292 Sed
1555 5246 1635 5292 Russi
1651 5245 1832 5291 multoadhuc
1843 5248 1961 5303 tempore
1971 5258 2056 5302 perse·

1305 5320 1434 5360 necarunt
1449 5313 1476 5358 in
1491 5313 1639 5358 ohedientia
1660 5313 1791 5358 Ecclesiae
1810 5315 1953 5358 Romanae.
1973 5317 2056 5358 Immo

1304 5393 1335 5426 ex
1349 5381 1436 5428 literis
1452 5381 1571 5437 Gregorii
1587 5384 1637 5425 Vll.
1648 5391 1717 5426 aiano
1728 5391 1839 5436 aluum,
1849 5379 1882 5426 ad
1892 5379 2053 5426 Demetrium

1294 5449 1361 5502 'lsau
1377 5449 1516 5503 Izaslaum)
1537 5451 1684 5493 Russorum
1707 5449 1804 5503 Regem
1821 5447 1931 5504 eiusque
1946 5457 2054 5492 uxorem

1304 5515 1373 5561 datis
1390 5515 1461 5570 (torn.
1472 5517 1523 5560 xil.
1535 5514 1674 5560 concilior.
1685 5525 1741 5571 pag.
1754 5515 1802 5570 355)
1820 5513 1989 5559 manifestum
2005 5518 2054 5568 est,

1306 5585 1352 5628 hos
1369 5581 1473 5626 misisse
1494 5584 1604 5626 Romam
1622 5581 1706 5626 lllium
1728 5591 1817 5634 suum,
1833 5584 1862 5626 ut
1877 5593 1989 5638 regnum
2006 5582 2054 5628 sub

1305 5651 1376 5696 Petri
1392 5649 1508 5707 Apostoli
1524 5651 1685 5706 protectione
1701 5655 1836 5706 ponerent.

1345 5718 1373 5774 (d)
1390 5717 1565 5762 celebrantur
1584 5717 1655 5760 inter
1669 5716 1736 5762 alios
1752 5717 1872 5774 Episcopi
1889 5717 2055 5764 Reinhernus

1305 5791 1331 5829 et
1346 5787 1434 5830 bruno
1448 5795 1494 5831 seu
1509 5782 1665 5837 bonifacius,
1680 5794 1793 5839 quorum
1809 5784 1879 5828 alter
1894 5789 1952 5842 post
1967 5784 2056 5840 ingen·

1306 5855 1359 5896 tem
1374 5855 1678 5896 Russorumnumerum
1701 5849 1832 5896 Ecclesiae
1853 5852 1998 5897 catholicae
2012 5862 2055 5907 ag·

1304 5921 1455 5975 gregatum,
1471 5921 1575 5973 naar·tyr
1589 5916 1713 5962 occubuit
1726 5928 1827 5963 anuum
1842 5919 1950 5964 circiter
1963 5928 2040 5965 arven.
