4788 6980
332 526 385 579 An.
400 529 430 580 c.
452 527 520 580 mco
543 491 547 498 ’
571 525 630 588 aaa

592 663 610 738 ἓ
634 662 661 724 l.
678 661 758 724 Cum
774 662 850 722 haec
865 677 940 723 eura
955 661 1062 724 animo
1078 665 1188 722 nostro
1205 661 1301 738 potis-

552 756 671 818 simum
690 755 853 816 inhaereat
868 759 905 815 ut
918 753 1038 816 Christi
1052 769 1187 830 gregem
1203 755 1241 816 ad
1256 771 1302 815 sa-

553 849 628 910 lutis
650 864 763 926 pascua
784 847 948 920 ducamus,
968 846 1167 909 humillimas
1189 862 1301 925 preces

552 942 692 1018 benigne
715 940 900 1018 excepimus
922 941 1066 1019 supremi
1081 939 1241 1003 Chilensis
1258 941 1302 1002 di-

553 1034 647 1096 tionis
663 1034 873 1095 moderatoris
890 1034 992 1096 enixis
1005 1033 1172 1112 praecibus
1185 1033 1302 1110 efflagi-

553 1133 654 1190 tantes
675 1135 712 1190 ut
730 1127 762 1189 iu
776 1127 858 1190 urhe
874 1125 995 1190 Serena
1010 1142 1127 1190 novam
1144 1127 1303 1207 episcopa-

552 1222 617 1284 lem
629 1221 739 1284 sedern
752 1221 923 1299 apostolica
934 1221 1122 1282 auctoritate
1134 1221 1303 1284 constitua-

552 1331 635 1387 mus,
648 1316 742 1392 eique
751 1328 873 1377 novum
883 1315 1074 1393 Episcopum
1084 1297 1300 1392 adsignemus,

554 1409 672 1487 quippe
684 1409 770 1486 quod
782 1425 866 1470 unus
879 1409 1054 1487 Episcopus
1066 1424 1124 1470 suo
1137 1407 1302 1484 iungendo

553 1503 692 1568 muneri.
707 1503 870 1581 pascendis
887 1503 1042 1564 nimirum
1058 1503 1121 1564 illis
1138 1502 1300 1579 gentibus,

554 1596 686 1660 omnino
707 1597 748 1658 sit
767 1597 881 1676 impar.
906 1594 988 1658 Sane
1013 1613 1049 1658 ea
1074 1602 1123 1657 est
1148 1595 1303 1657 dioecesis

555 1689 586 1753 S.
611 1689 712 1754 Iacchi
731 1690 920 1768 amplitudo,
937 1696 973 1753 ut
995 1690 1178 1766 octingenta
1201 1688 1303 1751 terme

554 1785 724 1847 hominum
740 1784 840 1847 millia
854 1785 1096 1864 complectatur,
1114 1784 1217 1862 quiin
1233 1800 1304 1862 pro·

555 1879 667 1940 vinciis
680 1883 922 1940 commorantur
935 1893 1010 1954 quas
1019 1883 1133 1940 vocant
1142 1876 1302 1955 Santiago,

556 1972 647 2034 Talea
661 1971 852 2049 dotchaqua,
866 1971 1076 2048 Anconcaqua
1089 1977 1121 2032 et
1132 1969 1305 2048 Conquim-

554 2067 606 2128 bo.
620 2065 684 2128 larn
699 2080 778 2127 vero
793 2065 909 2128 harum
925 2071 1097 2143 postrema,
1113 2065 1203 2127 euius
1219 2067 1304 2142 prin·

556 2177 629 2238 ceps
651 2166 700 2222 est
720 2159 797 2221 urbs
820 2158 939 2220 Serena
955 2158 988 2220 in
1012 2159 1166 2222 extremis
1188 2159 1304 2222 linibus

555 2254 657 2332 posita
670 2252 824 2315 dioecesis
837 2250 868 2314 S.
879 2251 992 2325 lacobi,
1007 2268 1023 2313 a
1035 2251 1167 2314 llumiue
1180 2252 1305 2331 Choapa

555 2347 593 2408 ad
616 2347 742 2408 deserta
757 2344 923 2408 htacamae
938 2345 1006 2408 loca
1026 2345 1179 2418 excurrit,
1195 2351 1227 2406 et
1247 2362 1304 2424 per

556 2441 707 2503 ducentas
720 2441 952 2517 quinquaginta
964 2439 1069 2502 leucas
1088 2440 1303 2518 protenditur,

556 2541 651 2612 atque
672 2531 851 2598 incolarum
879 2533 1000 2595 centies
1023 2532 1122 2594 millia
1149 2533 1303 2596 continet.

557 2629 637 2691 Cum
660 2628 738 2690 adeo
760 2633 848 2688 vasta
868 2627 908 2688 sit
929 2626 1085 2689 dioecesis
1108 2625 1138 2688 S.
1157 2625 1259 2688 lacohi
1275 2635 1307 2689 et

558 2721 719 2802 provincia
740 2721 943 2798 donqnimbo
958 2738 974 2782 a
989 2725 1118 2798 pastore
1140 2735 1197 2798 pro
1219 2725 1306 2782 tanto

558 2816 700 2893 regionis
722 2815 895 2878 intervallo
924 2815 1123 2891 seiungatur,
1155 2819 1249 2890 atque
1277 2832 1306 2876 a·

558 2909 735 2989 sperrimae
756 2907 916 2986 imprimis
937 2908 1007 2970 viae
1029 2908 1103 2980 sint,
1128 2923 1209 2985 quae
1230 2907 1307 2970 illuc

559 3005 684 3076 ducant,
696 3002 815 3064 mirum
828 3018 893 3066 non
906 3008 953 3066 est
965 3002 991 3064 si
1003 3018 1038 3064 ea
1049 3001 1227 3064 incolarum
1236 3018 1306 3081 pars

505 3157 508 3164 .
559 3114 640 3176 quae
662 3097 695 3159 in
717 3097 871 3159 extremis
894 3096 1047 3160 dioecesis
1069 3096 1186 3158 finibus
1206 3098 1304 3175 degit,

524 3221 526 3226 ·
560 3207 619 3253 nec
640 3190 785 3254 Pastores
806 3190 857 3252 sui
878 3189 1057 3268 praesentia
1079 3189 1229 3262 recreari,
1248 3206 1307 3252 nee

559 3285 735 3364 praeceptis
759 3283 891 3357 erudiri,
912 3299 970 3346 neo
990 3296 1079 3345 sacro
1101 3284 1203 3347 adhuc
1225 3283 1307 3346 chri-

559 3385 660 3440 smate
681 3376 807 3455 iniungi
830 3377 981 3456 potuerit.

599 3476 617 3548 ἓ
638 3473 668 3534 2.
686 3471 765 3534 Huic
782 3477 867 3534 tanto
883 3471 966 3533 malo
980 3487 1037 3550 pro
1053 3471 1231 3549 apostolica,
1246 3486 1307 3548 qua

559 3582 728 3644 urgemur,
750 3563 965 3627 sollicitudine
987 3581 1177 3627 succurrere
1200 3571 1306 3644 optan-

560 3667 619 3734 tes,
636 3660 734 3722 utica
749 3658 998 3721 christianorum
1017 3659 1190 3721 multitudo
1206 3667 1306 3738 pasto-

560 3755 602 3816 ris
617 3755 667 3816 sui
682 3753 811 3816 monitis
826 3753 860 3815 in
871 3753 955 3814 viam
967 3752 1076 3816 salutis
1089 3752 1185 3830 dirigi
1197 3755 1305 3831 possit,

560 3855 593 3911 et
621 3847 822 3910 miserrimae
849 3853 961 3924 gentes
989 3847 1157 3924 Evangelii
1184 3847 1307 3924 lumine

560 3943 810 4014 collustreutur,
841 3955 922 4018 quae
951 3941 1127 4002 teterrimis
1157 3957 1307 4004 errorum

561 4037 703 4099 tenebris
726 4035 956 4107 obvolvuntur,
980 4034 1170 4096 humillimis
1190 4035 1308 4112 praeci·

560 4132 619 4194 bus
648 4129 806 4192 Chilensis
838 4128 987 4206 gubernii
1015 4143 1072 4207 per
1101 4129 1308 4206 negotiorum

562 4231 725 4302 gestorem
737 4222 888 4285 exhibitis
899 4223 1040 4300 benigne
1052 4223 1223 4300 indulgere
1236 4239 1309 4285 con·

561 4319 735 4380 stituimus.
759 4317 868 4394 ltaque
891 4323 977 4378 certa
1004 4316 1136 4379 seientia
1157 4334 1190 4379 ac
1213 4317 1308 4379 etiam

562 4420 652 4475 motu
674 4411 804 4492 proprio
827 4410 931 4487 deque
953 4409 1143 4488 apostolicae
1173 4415 1309 4489 potesta-

562 4507 601 4568 tis
631 4504 842 4584 plenitudiue‚
865 4497 971 4565 habita
999 4503 1123 4565 ratione
1153 4504 1309 4582 propitiae

560 4599 739 4662 sententiae
760 4612 835 4658 ven.
866 4595 971 4658 iratris
993 4597 1095 4659 nostri
1124 4597 1309 4660 Emanuelis

563 4693 685 4756 Vienna
706 4690 856 4753 hodierni
877 4681 1117 4770 Archiepiseopi
1140 4691 1244 4755 Sancti
1266 4692 1309 4754 la-

563 4787 632 4850 cohi
658 4785 776 4848 iamdiu
803 4801 927 4862 pansae,
946 4791 978 4846 et
999 4786 1171 4847 consensui
1194 4801 1308 4848 eorum

563 4895 702 4958 quorum
725 4879 808 4940 torte
828 4879 966 4952 intersit,
986 4885 1143 4956 quatenus
1160 4896 1240 4958 opus
1256 4880 1307 4952 sit,

563 4976 766 5050 derogantes,
793 4973 979 5035 universam
1010 4973 1206 5052 provinciam
1228 4973 1309 5036 Con-

563 5069 696 5147 quimbo
724 5085 758 5130 ac
780 5084 893 5130 omnes
921 5075 953 5129 et
981 5067 1122 5144 singulas
1152 5069 1310 5146 paroecias

564 5164 723 5235 ecelesias,
747 5167 925 5226 conventus
958 5168 990 5224 ct
1016 5162 1210 5225 monasteria
1239 5163 1311 5225 alia-

564 5275 627 5336 que
656 5272 878 5336 quaecumque
899 5255 1070 5319 saecularia
1099 5262 1131 5318 et
1158 5273 1311 5334 quorum-

563 5355 612 5414 vis
646 5353 796 5415 ordinum
828 5350 988 5428 regularia
1022 5349 1195 5424 beneficia,
1230 5369 1311 5429 quae

564 5447 643 5509 inibi
661 5445 794 5507 lorsitan
810 5443 957 5515 existant,
975 5460 991 5504 a
1006 5442 1145 5505 dioecesi
1162 5443 1192 5506 S.
1210 5444 1311 5506 lacobi

565 5542 604 5602 de
618 5539 709 5602 Chilo
725 5543 882 5616 perpetuo
901 5534 1181 5608 dismembramus,
1200 5538 1311 5600 dividi-

565 5651 647 5705 mus,
674 5631 884 5703 secernimus,
915 5647 1111 5709 separamus,
1142 5632 1311 5709 utriusque

566 5728 683 5808 pariter
705 5741 799 5787 sexus
821 5741 973 5803 personas
997 5725 1189 5787 habitatores
1213 5732 1245 5787 et
1265 5726 1311 5788 in·

566 5822 649 5884 colas
670 5826 735 5882 tam
757 5819 851 5882 laicos
874 5835 968 5897 quam
994 5819 1139 5892 clericos,
1163 5820 1312 5898 praesby-

567 5922 653 5977 teros
677 5914 878 5976 beneficiatos
894 5921 926 5976 et
940 5914 1110 5991 religiosos
1133 5914 1312 5976 cuiuscum-

1072 540 1137 586 lun.
1160 539 1252 586 honr.
1276 541 1316 586 DE
1338 542 1368 586 Ρ.
1392 541 1422 588 F.
1447 543 1530 588 PARS
1551 544 1573 587 l.

1359 676 1421 738 que
1434 662 1550 739 gradus
1563 669 1663 726 status
1676 663 1796 724 ordinis
1809 669 1903 740 atque
1916 659 2118 724 conditionis

1358 755 1395 816 ab
1416 756 1573 818 ordinaria
1588 757 1819 831 iurisdictione,
1834 761 1994 836 potestate
2012 772 2050 816 ac
2065 771 2120 816 su-

1359 849 1544 926 perioritate
1566 849 1805 930 Archiepisoopi
1827 867 1886 929 pro
1908 857 2063 928 tempore
2087 864 2119 908 e-

1358 942 1507 1006 xistentis
1530 943 1561 1005 S.
1585 943 1687 1007 lacobi
1709 961 1767 1006 seu
1789 944 1934 1006 eiusdem
1954 943 2119 1006 dioecesis

1359 1033 1516 1098 Ordinarii
1532 1044 1726 1116 perpetuum
1741 1039 1774 1100 in
1786 1038 1922 1100 modum
1936 1036 2119 1098 eximimus

1360 1134 1392 1189 et
1413 1127 1597 1191 liberamus.
1616 1130 1748 1193 Terram
1770 1131 1903 1209 insuper
1924 1147 1983 1191 seu
2005 1129 2120 1191 eivita-

1359 1226 1425 1282 tem
1449 1221 1602 1284 Serenam
1629 1223 1765 1301 positam
1787 1225 1821 1285 in
1842 1223 2009 1302 provincia
2033 1221 2120 1284 Gon-

1360 1315 1493 1391 quimbo
1514 1315 1558 1378 sic
1575 1315 1802 1378 dismembrata
1822 1322 1854 1378 et
1876 1315 1977 1378 divisa
1993 1333 2011 1378 a
2027 1315 2120 1376 dioe-

1359 1409 1424 1470 cesi
1447 1408 1477 1471 S.
1502 1408 1603 1471 lacohi
1625 1411 1664 1472 de
1686 1409 1778 1472 Chile
1800 1411 1833 1472 in
1855 1410 2022 1472 civitatem
2051 1409 2120 1486 epi·

1359 1501 1519 1580 scopalem
1535 1503 1691 1580 erigimus
1707 1509 1739 1565 et
1753 1503 1952 1566 instituimus
1967 1518 2044 1564 cum
2064 1519 2120 1564 ou-

1359 1597 1405 1658 ria
1420 1603 1452 1658 et
1467 1597 1652 1660 cancellaria
1668 1597 1888 1670 ecclesiastica,
1907 1597 2068 1673 illamque
2084 1595 2120 1656 in

1360 1691 1521 1753 civitatem
1545 1691 1758 1770 episcopalem
1780 1691 1825 1754 sic
1846 1697 1987 1753 erectam
2012 1695 2047 1752 et
2069 1689 2120 1751 in-

1360 1785 1503 1847 stitutam
1531 1785 1679 1848 omnihus
1702 1792 1734 1848 et
1759 1785 1896 1862 singulis
1918 1783 2117 1856 honoribus

1360 1879 1495 1951 iuribus,
1505 1879 1681 1958 privilegiis
1694 1885 1788 1956 atque
1800 1878 2033 1957 praerogativis
2046 1877 2119 1954 qui-

1361 1973 1420 2035 hus
1442 1979 1567 2034 caetere
1590 1974 1733 2035 civitates
1763 1972 1935 2051 pontificali
1957 1971 2038 2034 sede
2062 1972 2120 2032 de-

1361 2073 1485 2128 coratae
1497 2067 1530 2128 in
1542 2066 1685 2128 Chilensi
1697 2066 1818 2128 ditione
1831 2081 2012 2142 eorumque
2025 2066 2118 2126 cives

1361 2167 1498 2241 utuntur
1520 2168 1552 2222 et
1574 2161 1724 2237 gaudent,
1742 2160 1806 2228 lvui
1828 2160 1874 2222 uti
1897 2166 1929 2222 et
1943 2160 2045 2238 potiri
2059 2175 2118 2222 vo·

1362 2253 1470 2316 lomus
1494 2261 1525 2316 et
1546 2254 1766 2330 indulgemus.

1401 2349 1419 2423 ἓ
1434 2347 1463 2410 3.
1476 2347 1628 2409 Maiorem
1641 2347 1805 2410 ecclesiam
1815 2348 1848 2409 in
1857 2347 2017 2426 praedicta
2027 2353 2119 2410 terra

1363 2439 1483 2502 Serena
1504 2440 1536 2501 in
1559 2440 1721 2502 civitatem
1737 2441 1948 2520 episcopalem
1969 2447 2116 2502 erectam

1363 2535 1554 2596 existentem
1578 2540 1610 2596 et
1631 2535 1860 2612 designandam
1881 2534 1918 2596 ab
1935 2540 2117 2596 executore

1361 2627 1530 2691 literarum
1552 2629 1764 2706 apostolicam,
1789 2643 1885 2705 quem
1911 2628 1985 2690 inde
2008 2628 2117 2689 norni-

1362 2722 1520 2794 nabimus,
1544 2722 1582 2784 ad
1610 2723 1768 2784 honorem
1792 2729 1824 2783 et
1848 2722 2040 2799 dignitatem
2065 2738 2117 2783 ec-

1362 2814 1476 2877 clesiae
1506 2815 1696 2877 cathedralis
1718 2816 1757 2877 de
1781 2813 1900 2877 Serena
1925 2831 2116 2892 nuncupan-

1363 2909 1445 2982 dam,
1470 2909 1565 2970 evehi
1594 2914 1689 2986 atque
1719 2909 1821 2970 attolli
1843 2909 1960 2988 pariter
1983 2907 2116 2968 manda-

1363 3018 1445 3074 mus,
1463 3019 1497 3063 ac
1518 3002 1551 3064 in
1574 3019 1610 3063 ea
1630 3003 1740 3064 sedem
1757 3009 1789 3064 et
1807 3003 1990 3064 cathedram
2007 3001 2115 3080 ponti-

1363 3096 1486 3172 ficalem
1509 3112 1567 3174 pro
1589 3112 1648 3158 suo
1677 3096 1833 3174 Episcopo
1856 3095 1895 3158 de
1917 3094 2039 3157 Serena
2062 3111 2115 3173 ap-

1363 3188 1522 3268 pellando,
1545 3189 1600 3266 qui
1623 3189 1727 3252 eidem
1749 3189 1911 3261 ecclesiae,
1935 3189 2056 3250 civitati
2080 3206 2115 3250 ac

1363 3283 1501 3344 dioecesi
1523 3283 1605 3344 inira
1626 3283 1850 3346 adiudicandae
1867 3284 2000 3360 eiusque
2023 3284 2115 3345 clero

1362 3383 1395 3438 et
1416 3377 1534 3455 populo
1557 3377 1685 3455 praesit,
1705 3378 1866 3454 synodum
1887 3383 2054 3448 convocet,
2079 3393 2114 3438 ac

1364 3471 1470 3532 cronia
1492 3477 1524 3532 et
1552 3471 1678 3547 singula
1706 3471 1776 3534 iura
1805 3471 1904 3532 officia
1936 3471 2114 3546 inaniaque

1364 3564 1552 3643 episcopalia
1563 3564 1677 3626 habeat
1692 3571 1787 3642 atque
1799 3570 1947 3626 exerceat
1958 3579 2032 3625 eum
2045 3563 2113 3624 suis

1364 3659 1512 3736 capitulo,
1526 3674 1606 3730 arca,
1621 3655 1873 3735 sigillumensa,
1891 3664 1927 3719 ut
1941 3657 2023 3718 inira
2038 3673 2114 3719 oon-

1363 3753 1535 3822 stituenda,
1566 3753 1747 3830 ceterisque
1773 3752 2007 3815 cathedralibus
2037 3752 2114 3813 insi-

1365 3848 1458 3925 gniis,
1477 3848 1612 3920 iuribus,
1631 3847 1819 3919 honoribus,
1838 3846 2026 3924 privilegiis,
2043 3861 2113 3923 gra-

1364 3943 1426 4014 tiis,
1442 3942 1615 4014 favoribus,
1629 3942 1773 4012 indultis,
1787 3939 2062 4002 iurisdictionibus
2079 3957 2113 4002 ac

1364 4036 1605 4115 praerogativis,
1624 4035 1738 4112 quihus
1757 4035 1900 4112 reliquae
1915 4034 2113 4096 cathedrales

1365 4130 1515 4192 ecclesiae
1524 4129 1682 4192 Chilensis
1695 4129 1822 4190 ditionis
1835 4144 2013 4206 eorumque
2023 4144 2113 4206 prae-

1364 4224 1451 4286 sules
1473 4226 1641 4302 potiuntur
1664 4230 1696 4286 et
1712 4223 1861 4300 gaudent,
1881 4223 2056 4284 dummodo
2073 4239 2113 4283 ex

1365 4317 1518 4396 peculiari
1539 4317 1664 4380 indulto
1690 4333 1748 4378 seu
1770 4315 1940 4394 privilegio
1962 4333 2027 4377 non
2048 4317 2114 4378 sini

1365 4413 1410 4474 eis
1423 4412 1584 4484 attributa,
1596 4418 1752 4490 perpetuo
1769 4411 1888 4490 pariter
1900 4411 2056 4488 erigimus
2069 4415 2113 4471 at-

1365 4521 1428 4582 que
1450 4505 1660 4567 instituimus

1404 4597 1473 4673 gl,
1497 4597 1678 4660 cathedrali
1700 4599 1739 4660 de
1763 4596 1883 4660 Serena
1905 4596 2036 4660 ecclesia
2051 4598 2113 4658 hoc

1366 4692 1461 4754 modo
1478 4698 1593 4764 erecta,
1609 4697 1644 4752 ut
1655 4691 1782 4771 propria
1795 4691 1943 4769 deinceps
1957 4691 2111 4753 dioecesis

1366 4785 1451 4847 illins
1474 4784 1615 4847 tntisttti
1638 4785 1808 4854 tribuatur,
1823 4785 2007 4847 universam
2023 4801 2112 4863 prae-

1366 4879 1480 4942 dictam
1502 4880 1699 4958 proviuoiam
1715 4879 1917 4956 Conquimho
1939 4897 1955 4940 a
1974 4879 2111 4941 dioecesi

1367 4975 1398 5037 S.
1422 4973 1524 5036 iacobi
1545 4980 1689 5052 utsupra
1710 4973 1852 5036 avulsam
1875 4981 1907 5035 et
1922 4974 2110 5035 disiunctarn

1366 5085 1424 5147 pro
1447 5068 1585 5130 dioecesi
1607 5067 1682 5128 novi
1709 5068 1907 5146 episcopatus
1931 5069 1969 5128 de
1992 5065 2111 5128 Serena

1367 5167 1524 5241 perpetuo
1545 5160 1717 5224 adiudicari
1732 5167 1826 5238 atque
1841 5161 2000 5238 adsignari
2021 5159 2111 5222 volu·

1367 5273 1439 5320 mus
1452 5262 1484 5318 et
1499 5256 1702 5330 mandamus;
1726 5270 1821 5332 quam
1837 5254 1968 5332 quidem
1984 5253 2110 5332 provin-

1367 5351 1447 5412 ciam
1474 5367 1507 5412 ac
1536 5349 1569 5411 in
1599 5349 1834 5411 coexistentes
1863 5365 1921 5410 seu
1944 5347 2111 5409 existentia

1368 5444 1538 5523 paroecias,
1553 5444 1709 5515 ecclesias,
1722 5449 1909 5514 conventus
1920 5441 2110 5504 monasteria

1368 5545 1400 5600 et
1421 5553 1624 5615 quacumque
1646 5537 1705 5599 alia
1723 5536 1894 5598 saecularia
1909 5553 1942 5597 ac
1959 5551 2110 5618 quorum-

1367 5632 1416 5692 vis
1439 5631 1588 5694 ordinum
1601 5631 1801 5708 regularium
1816 5629 1979 5700 benelreia,
1993 5628 2110 5690 utrius-

1368 5742 1430 5803 que
1452 5741 1548 5787 sexus
1572 5742 1721 5803 personas
1745 5733 1777 5786 ot
1798 5725 1914 5786 incolas
1936 5729 2000 5785 tam
2017 5723 2110 5784 laicos

1368 5835 1463 5896 quam
1486 5819 1627 5891 clericos,
1646 5835 1710 5880 nort
1732 5825 1837 5879 temen
1865 5825 2040 5894 exemptos,
2059 5834 2109 5878 cu-

1368 5915 1558 5990 iuscumque
1574 5913 1700 5989 gradus
1719 5912 1850 5984 ordinis,
1871 5911 2107 5983 iurisdictionis,

2148 528 2201 580 An.
2215 532 2243 582 d.
2263 535 2317 589 luto
