4770 6982
91 574 276 626 tn.c.1842

86 2687 292 2737 mmmmbmn

73 2748 196 2791 ditiones.

916 587 1091 634 obscenius
1113 588 1163 633 ΡΡ.
1188 587 1252 632 xvt.

308 707 446 771 ritorum
468 716 605 790 accepta,
638 709 677 772 de
703 709 893 772 eorumdem
920 708 1056 770 fratrum

309 802 443 864 consilio
455 803 627 882 providere
641 803 800 874 volentes
815 809 847 864 te
862 819 878 862 a
891 801 1056 879 quibusvis

310 897 661 970 excommunicationis,
680 897 899 975 suspensionis
913 903 944 957 et
959 896 1057 957 inter-

309 989 394 1062 dicti,
409 990 541 1068 aliisque
555 989 775 1053 ecclesiasticis
790 990 970 1062 sententiis
985 1005 1057 1052 cen-

308 1083 393 1146 suris
415 1101 450 1146 ac
471 1085 583 1163 poenis
605 1084 720 1162 quovis
742 1085 838 1146 modo
864 1083 916 1146 rel
946 1083 1058 1160 quavis

309 1178 348 1240 dc
377 1195 468 1240 causa
497 1178 579 1251 latis,
603 1180 629 1240 si
658 1194 735 1256 quas
768 1177 851 1242 forte
880 1179 1054 1250 incurristi,

309 1271 405 1332 buius
438 1277 562 1333 tantum
584 1273 632 1335 rei
662 1273 761 1350 gratia
793 1273 996 1334 absolventes
1026 1281 1058 1334 ec

308 1366 489 1428 absolutum
519 1366 588 1429 fore
613 1373 792 1439 censentes,
816 1368 854 1429 ab
877 1368 1057 1446 episcopatu

309 1459 451 1522 Tbanen.
476 1460 508 1521 in
537 1461 680 1539 partibus
709 1461 889 1522 infidelium
914 1461 1056 1523 inillam

310 1553 544 1626 transierimus,
560 1561 654 1632 atque
670 1553 841 1616 Halifaxiae
857 1554 1009 1616 ecclesiae
1024 1555 1058 1616 in

295 1645 502 1724 ‚Episcopum
530 1647 732 1724 praeficimus
755 1653 787 1708 et
808 1653 981 1724 pastorem,
1006 1662 1058 1708 cu-

309 1754 388 1810 ram,
406 1740 554 1816 regimen
577 1748 608 1801 et
629 1740 937 1802 administrationem
958 1739 1058 1816 ipsius

311 1833 462 1895 ecclesiae
490 1833 662 1895 Halifaxiae
691 1833 748 1894 tibi
777 1834 809 1894 in
838 1832 1057 1910 spiritualibus

309 1942 342 1986 ac
372 1927 604 2004 temporalibus
637 1927 780 2006 plenarie
812 1928 1055 2000 committendo,

309 2019 342 2080 in
363 2019 420 2080 illo
443 2020 497 2097 qui
527 2021 578 2082 dat
601 2021 733 2097 gratiam
756 2027 789 2082 et
811 2021 948 2098 largitur
977 2022 1058 2084 dona

309 2114 432 2186 conlisi,
450 2115 535 2191 quod
555 2115 714 2192 dirigente
730 2109 867 2176 Domino
883 2123 969 2178 actus
986 2123 1057 2178 tuos

309 2207 447 2286 praefata
470 2209 601 2270 ecclesia
624 2209 794 2272 Halifarriae
820 2226 876 2288 per
902 2217 974 2272 tuae
1000 2211 1059 2272 cir-

310 2303 557 2380 cumspectionis
573 2303 762 2364 industriam
787 2309 819 2365 et
840 2304 981 2365 studium
998 2305 1059 2366 uti-

310 2396 384 2457 liter
409 2403 441 2458 et
466 2411 620 2474 prospere
652 2397 825 2475 dirigetur,
850 2405 1003 2475 grataque
1025 2399 1058 2460 in

309 2489 386 2567 ipsis
408 2490 628 2568 spiritualibus
651 2497 683 2552 et
706 2490 934 2569 temporalibus
956 2493 1058 2554 incre—

310 2589 419 2645 menta
439 2584 601 2663 suscipiet.

350 2677 559 2754 §2111311111
586 2677 686 2755 igitur
712 2678 839 2741 Domini
866 2679 941 2752 tuis¹
958 2681 1059 2758 inipu-

310 2770 408 2832 situm
427 2771 571 2832 bumeris
585 2771 625 2833 ita
637 2773 764 2834 studeas
777 2773 917 2836 fideliter
930 2789 1056 2850 gerere,

310 2871 346 2926 ut
374 2865 507 2926 ecclesia
537 2865 674 2943 praefata
704 2867 840 2943 gaudeat
860 2883 893 2928 se
924 2868 1058 2946 provido

311 2958 521 3034 gubernatori
553 2965 586 3020 et
614 2959 779 3022 fructuoso
808 2959 1058 3023 administratori

310 3067 381 3113 esse
403 3053 618 3125 commissam,
643 3070 676 3114 ac
699 3059 744 3125 tu,
766 3062 893 3131 praeter
909 3061 1058 3118 aeternae

310 3145 532 3208 retributionis
555 3147 745 3225 praemium,
770 3154 911 3209 nostram
928 3164 1058 3226 quoque

310 3245 342 3300 et
364 3237 454 3300 Sedis
477 3237 676 3318 Apostolicae
698 3241 830 3302 uberius
846 3243 963 3304 exinde
986 3260 1058 3305 con-

309 3333 402 3410 sequi
417 3334 571 3394 merearis
587 3334 845 3398 benedictionem
864 3343 896 3397 et
911 3338 1055 3412 gratiam.

310 3427 378 3488 Tibi
394 3435 569 3505 praeterea,
586 3435 623 3490 ut
638 3429 672 3490 ad
690 3428 855 3490 ecclesiam
873 3430 1055 3508 praelatam,

309 3521 461 3598 quamdiu
484 3522 522 3582 ab
544 3521 728 3584 infidelibus
751 3523 959 3597 detinebitur,
974 3543 1058 3588 acce-

310 3615 387 3676 dere
410 3622 442 3676 et
462 3616 544 3693 apud
567 3615 653 3677 illam
680 3617 893 3694 personaliter
914 3619 1058 3682 residere

310 3709 445 3772 minime
467 3712 617 3784 tenearis,
642 3711 830 3773 auctoritate
857 3719 964 3775 nostra
985 3731 1058 3792 apo-

309 3803 421 3865 stolica
449 3803 655 3866 concedimus
678 3813 710 3867 et
738 3805 957 3882 indulgemus.
989 3809 1077 3876 Tibi,

309 3897 442 3976 insuper
464 3915 479 3958 a
503 3913 708 3975 quocumque
731 3900 882 3962 malueris
903 3902 1058 3965 catbolico

309 3989 462 4053 Antistite
486 3990 516 4053 S.
542 3992 637 4054 buius
655 3993 745 4055 Sedis
768 3995 901 4072 gratiam
925 4003 956 4058 et
972 4013 1058 4059 conr-

310 4085 500 4148 munionem
528 4087 682 4160 habente,
706 4088 815 4150 adcitis
845 4089 956 4166 illique
979 4093 1058 4153 adsi·

310 4179 470 4242 stentibus
499 4181 624 4243 duobus
652 4182 720 4243 aliis
743 4183 915 4262 Episcopis,
944 4187 1007 4258 vel,
1031 4189 1058 4248 si

310 4275 478 4336 commode
501 4275 638 4353 reperiri
667 4284 823 4352 nequeat,
859 4278 983 4341 duobus
1006 4297 1057 4342 eo·

310 4383 383 4428 rum
399 4367 470 4430 loco
485 4369 683 4447 presbyteris
699 4371 915 4434 saecularibus
937 4373 990 4435 vel
1005 4391 1058 4436 cu-

310 4461 500 4538 iuscumque
522 4460 659 4535 Ordinis,
678 4463 947 4542 Congregationis
963 4475 995 4530 et
1010 4469 1058 4529 ln-

309 4555 413 4616 stituti
434 4554 659 4633 Regularibus,
683 4558 823 4620 similem
841 4559 872 4620 S.
890 4560 986 4622 liuius
1004 4561 1058 4625 Se-

310 4649 357 4712 dis
380 4651 512 4728 gratiam
530 4657 561 4712 et
576 4653 838 4714 communionem
853 4654 1055 4729 habentibus,

310 4760 428 4806 munus
440 4745 688 4807 consecrationis
708 4747 852 4825 recipere
869 4749 970 4811 libere
986 4765 1055 4828 pos-

308 4838 362 4910 sis,
386 4843 480 4914 atque
497 4839 601 4900 eidem
621 4838 775 4912 Antistiti,
792 4847 828 4902 ut
844 4842 979 4919 receptis
995 4861 1010 4904 a
1027 4850 1057 4904 te

309 4932 395 5010 prius
411 4931 582 4994 catholicae
598 4933 672 4994 fidei
691 4934 890 5012 professione
906 4935 993 4997 iuxta
1010 4953 1057 4997 ar-

307 5027 422 5088 ticulos
436 5026 474 5087 ab
491 5027 547 5088 bac
560 5025 590 5088 S.
607 5025 688 5090 Sede
704 5029 884 5106 propositos
900 5037 932 5091 et
946 5037 1057 5094 nostro

308 5129 340 5182 et
363 5121 523 5182 Romanae
552 5121 711 5184 Ecclesiae
740 5123 870 5184 nomine
897 5125 1057 5192 fidelitatis

308 5217 433 5278 debitae
454 5217 636 5278 iuramento
658 5217 778 5279 dictum
798 5235 916 5279 munus
934 5219 989 5282 tibi
1005 5237 1057 5282 au-

307 5311 452 5372 ctoritate
481 5317 589 5372 nostra
618 5311 807 5389 impendere
829 5311 915 5374 licite
941 5314 1054 5388 valeat,

307 5405 434 5483 plenam
454 5421 488 5466 ac
507 5404 642 5466 liberam
664 5405 838 5467 tribuimus
860 5407 1054 5470 facultatem.

307 5498 465 5561 Volumus
494 5505 602 5560 tamen
624 5517 657 5560 ac
683 5500 895 5578 praecipimus
918 5507 963 5574 ut,
995 5503 1056 5564 nisi

308 5594 444 5672 receptis
460 5611 475 5654 a
488 5600 519 5656 te
532 5593 712 5655 iuramento
724 5610 758 5654 ac
771 5595 970 5672 professione
982 5597 1056 5659 fidei

308 5687 493 5749 huiusmodi
515 5687 617 5748 dictus
640 5686 781 5749 Antistes
808 5691 1055 5757 consecrationis

308 5795 425 5842 munus
461 5781 582 5857 tibique
611 5780 818 5858 impendere,
849 5789 947 5858 tuque
976 5783 1056 5845 illud

307 5875 451 5953 recipere
474 5874 765 5952 praesumpseritis,
783 5875 868 5936 idem
881 5874 1021 5938 Antistes
1040 5897 1056 5939 a

307 5967 496 6045 pontificalis
526 5967 619 6029 oflicii
649 5967 813 6041 exercitio,
841 5984 875 6030 ac
901 5975 965 6030 tarn
987 5969 1055 6048 ipse

1783 556 1842 622 293
1893 557 1945 607 An.
1962 559 1990 608 C.
2015 557 2081 608 1842

1114 721 1209 783 quam
1238 710 1310 767 tua
1337 702 1497 780 regimine
1527 707 1559 764 et
1587 696 1862 762 administratione

1113 799 1322 862 ecclesiarum
1345 803 1525 858 vestrarum
1555 793 1703 872 suspensi
1732 790 1800 854 sitis
1823 805 1861 850 eo

1112 895 1193 972 ipso.

1153 988 1171 1062 ἓ
1193 987 1222 1048 3.
1246 985 1317 1047 Non
1340 983 1539 1046 obstantibus
1566 979 1745 1060 apostolicis
1767 985 1862 1055 atque
1883 983 2039 1094 agga'i‘fflm
2054 982 2095 1028 de·

1113 1081 1146 1143 in
1162 1079 1399 1142 universalibus
1414 1075 1729 1156 provincialibusque
1745 1079 1777 1134 et
1788 1089 1861 1152 syn·
1958 1073 1961 1080 '

1114 1175 1256 1239 odalibus
1285 1173 1427 1236 conciliis
1456 1171 1549 1234 editis
1581 1168 1786 1248 generalibus
1808 1167 1862 1228 vel

1113 1269 1301 1350 specialibus
1331 1265 1614 1329 constitutionibus
1637 1269 1669 1324 et
1691 1261 1862 1324 ordinatio-

1114 1365 1219 1436 nibus,
1243 1361 1443 1438 caeterisqne
1465 1358 1633 1422 contrariis
1656 1357 1861 1436 quibuscum-

1114 1473 1267 1614 qu[fiotum
1289 1551 1407 1612 Romae
1429 1549 1511 1628 apud
1535 1546 1566 1610 S.
1583 1547 1716 1608 Petrum
1738 1545 1862 1606 suban-

1114 1646 1192 1708 nulo
1214 1643 1380 1707 Piscatoris
1404 1642 1455 1704 die
1478 1659 1529 1702 xv.
1555 1641 1635 1703 febr.
1659 1654 1860 1710 uocccxtu,

1115 1741 1317 1820 pontificatus
1340 1737 1440 1800 nostri
1462 1753 1545 1798 auno
1563 1751 1619 1796 xrr.

1560 1925 1609 1932 .--

1443 2115 1531 2179 CCX.

1117 2309 1316 2371 Vicat-tatum
1330 2304 1540 2386 Apostolicom
1554 2301 1660 2366 Novae
1673 2300 1864 2362 Hollandiae

1154 2403 1219 2464 siue
1242 2399 1428 2462 Australiuc
1447 2397 1481 2459 io
1498 2403 1561 2458 tras
1581 2397 1779 2476 episcopatus
1790 2411 1863 2474 pro-

1151 2497 1221 2578 prio
1243 2495 1343 2557 dictos
1364 2492 1521 2574 portitor,
1540 2490 1779 2568 Spdoepcoscan,
1803 2488 1863 2551 llo-

1154 2590 1389 2657 burtoot'cosem
1412 2592 1441 2648 ct
1463 2585 1713 2648 Adelot'dcoscau.

1288 2756 1507 2826 caesonius
1532 2757 1590 2822 ΡΡ.
1614 2755 1684 2822 fvt.

1234 2883 1269 2950 ad
1293 2888 1464 2966 perpetuant
1491 2878 1534 2944 rei
1559 2877 1739 2943 memoriam.

1153 3061 1200 3124 Ex
1223 3061 1329 3123 debito
1352 3056 1517 3137 pastoralis
1538 3053 1630 3116 officii
1652 3069 1791 3132 superna
1806 3053 1862 3115 Dei
1904 3055 2073 3100 Prooemium.

1114 3153 1315 3234 providentia
1337 3149 1482 3213 bumeris
1505 3148 1623 3210 nostris
1640 3147 1781 3225 impositi
1797 3163 1862 3209 non

1113 3250 1186 3311 leve
1208 3263 1283 3308 sane
1306 3245 1404 3308 totius
1421 3242 1572 3306 dominici
1589 3241 1697 3318 gregis
1715 3257 1795 3302 onus
1811 3257 1862 3301 su-

1113 3342 1281 3412 stinentes,
1299 3338 1362 3400 illis
1379 3337 1548 3416 praecipue
1572 3334 1697 3406 avilius,
1716 3349 1796 3410 quae
1813 3349 1862 3395 re-

1115 3436 1226 3512 giones
1250 3453 1266 3494 a
1289 3432 1371 3494 Sede
1394 3431 1451 3491 bac
1470 3429 1660 3508 Apostolica,
1678 3429 1732 3489 ubi
1756 3429 1861 3490 catbo-

1113 3529 1191 3590 licae
1213 3533 1363 3589 centrum
1388 3532 1435 3586 est
1456 3523 1599 3594 unitatis,
1616 3523 1714 3599 longe
1737 3522 1861 3584 dissitas

1112 3622 1268 3692 incolunt,
1293 3619 1414 3682 unctiore
1437 3617 1671 3680 consulendum
1691 3616 1861 3678 sedulitate

1113 3732 1293 3786 censemus,
1312 3721 1348 3776 ut
1363 3715 1395 3774 in
1418 3710 1557 3774 aduentu
1580 3709 1716 3772 Pastoris
1739 3709 1861 3770 aeterni

1113 3817 1271 3890 repertae,
1303 3809 1385 3870 sicut
1413 3812 1551 3884 oportet,
1576 3821 1634 3883 per
1656 3803 1860 3882 apostolicam

1113 3921 1222 3968 curam
1245 3903 1466 3966 intraveram
1490 3899 1585 3970 ovile,
1604 3899 1638 3960 ad
1663 3913 1776 3976 pascua
1791 3913 1861 3958 cce·

1114 3999 1204 4061 festia
1220 3997 1326 4058 vocari
1342 3995 1479 4064 ualeant,
1497 3993 1699 4070 feliciterque
1715 3992 1858 4070 perduci.

1152 4097 1170 4170 ἓ
1194 4093 1220 4154 1.
1244 4093 1332 4164 Hinc,
1351 4105 1451 4167 quum
1468 4089 1501 4150 in
1516 4087 1705 4148 vastissimis
1721 4087 1861 4162 regioni·
1895 4095 2008 4158 ¹musto
2030 4097 2096 4142 ritca-

1113 4187 1182 4258 bus,
1207 4202 1288 4263 quae
1311 4184 1343 4244 in
1365 4183 1472 4245 Novae
1495 4180 1679 4242 Hollandiae
1702 4179 1860 4241 vicariatu
1881 4151 1969 4196 ”am

1113 4280 1295 4360 Apostolico
1318 4277 1536 4347 continentur,
1561 4274 1727 4351 religionis
1751 4273 1861 4351 ampli-

1113 4375 1251 4437 ficandae
1275 4381 1370 4450 atque
1394 4371 1463 4433 eius
1486 4369 1561 4430 boni
1583 4368 1716 4430 uberius
1745 4385 1779 4430 ac
1801 4374 1860 4429 sta·

1112 4468 1208 4530 bilius
1239 4465 1452 4546 promovendi
1474 4463 1647 4525 necessitas
1673 4461 1704 4523 icl
1729 4461 1860 4522 omnino

1112 4561 1275 4640 postulare
1297 4560 1554 4620 demonstratum
1576 4556 1627 4627 sit,
1652 4562 1688 4616 ut
1711 4562 1794 4617 tanta
1816 4555 1861 4616 lo-

1112 4671 1224 4717 corum
1237 4653 1413 4732 amplitudo
1427 4669 1491 4713 uon
1506 4651 1601 4712 unius
1615 4651 1778 4712 dumtaxat
1789 4650 1861 4728 Epi·

1112 4751 1198 4828 scopi
1225 4749 1340 4811 vicarii
1366 4746 1540 4825 Apostolici
1569 4763 1664 4808 curae
1692 4745 1861 4808 commissa

1112 4851 1206 4922 atque
1229 4843 1267 4904 ab
1290 4859 1328 4904 eo
1345 4840 1566 4903 tantummodo
1590 4839 1797 4916 gubernanda
1812 4855 1861 4900 re-

1112 4939 1289 5016 linquatur,
1314 4937 1353 4998 de
1379 4951 1477 4996 veno.
1506 4933 1642 4994 fratrum
1673 4939 1859 4994 nostrorum

1113 5031 1143 5093 S.
1166 5031 1201 5093 R.
1224 5031 1260 5092 E.
1285 5027 1500 5092 cardinalium
1523 5026 1661 5103 negotiis
1683 5027 1861 5104 Propagan-

1112 5127 1169 5188 dae
1201 5125 1289 5187 fidet
1322 5121 1577 5202 praepositorum
1607 5120 1751 5190 consilio,
1782 5137 1860 5183 non-

1112 5220 1198 5282 nulla
1220 5218 1387 5280 statuenda
1413 5215 1609 5286 censuimus,
1639 5221 1676 5275 ut
1697 5217 1861 5294 proposito

1111 5315 1167 5375 fini
1190 5313 1305 5384 exitus,
1330 5327 1427 5388 quem
1451 5315 1608 5387 optamus,
1634 5309 1766 5370 omnino
1788 5326 1861 5372 con-

1111 5409 1222 5485 tingat.

1150 5506 1168 5578 §
1190 5503 1219 5565 2.
1244 5502 1349 5564 Rebus
1367 5501 1467 5578 igitur
1484 5499 1632 5560 omnibus
1649 5505 1774 5560 mature
1791 5515 1860 5576 per·
1889 5567 1901 5586 ,-
1914 5513 2017 5576 cimices
2035 5525 2091 5558 nov.

1111 5597 1229 5675 pensis,
1245 5611 1346 5674 quum
1363 5596 1430 5673 ipse
1447 5609 1521 5655 ven.
1540 5593 1639 5654 frater
1654 5591 1787 5654 loannes
1804 5592 1860 5654 Be·
1878 5574 2058 5614 ‘¹⁰³‘¹³¹¹¹¹¹¹¹¹·

1111 5691 1147 5751 da
1161 5689 1296 5766 Polding
1310 5687 1485 5766 Episcopus
1498 5686 1811 5748 Hierocaesareensis
1829 5691 1860 5748 et

1110 5783 1218 5845 Novae
1240 5781 1425 5844 Hollandiae
1442 5779 1585 5841 Vicarius
1606 5778 1806 5858 Apostolicus
1824 5797 1858 5840 ea

1111 5877 1217 5938 omnia
1233 5875 1449 5952 descripserit,
1464 5889 1544 5950 quae
1563 5872 1738 5934 ostendunt
1750 5889 1859 5934 neces-

1110 5987 1144 6032 se
1164 5987 1234 6033 esse
1257 5969 1394 6031 insulam
1418 5983 1626 6047 permagnam
1639 5965 1858 6028 Van-Diemen
