4864 6994
301 559 354 616 An.
370 561 399 615 (i.
421 561 487 614 1831
540 557 579 620 30

560 697 755 765 reuertatur,
777 699 807 756 et
827 695 864 757 in
885 695 1079 758 neonusterio
1101 691 1212 756 Sancti
1229 689 1269 752 E-

558 787 670 867 plerem
690 787 838 852 resideat.

629 970 799 1038 Venerabili
821 973 909 1040 tratri
934 971 1046 1056 ignatio
1069 970 1161 1037 Petro

604 1062 802 1132 Petriarohae
825 1067 1015 1134 Antiocheno
1038 1063 1188 1148 Syrorum,

697 1249 916 1319 caecemus
940 1252 1000 1320 PP.
1024 1252 1095 1318 tut.

739 1437 928 1507 Venerabilis
951 1441 1058 1518 trater,

558 1530 686 1597 aetutem
708 1537 740 1598 et
761 1533 958 1615 apostolicam
985 1532 1235 1599 benedictionem.

306 1727 507 1790 nattoettenor
566 1719 636 1781 Non
663 1721 732 1782 sine
761 1737 879 1798 magno
907 1721 1004 1784 animi
1031 1721 1131 1784 nostri
1160 1719 1271 1782 dolore

293 1786 430 1837 praecepto.

526 1813 704 1890 accepimus
721 1814 893 1875 monachos
909 1814 1098 1876 fraternitati
1113 1819 1185 1874 tuae
1199 1813 1272 1874 sub-

527 1907 609 1970 ditos
644 1907 677 1968 in
709 1908 784 1968 uitia
820 1923 966 1985 quaeque
1003 1907 1177 1986 proclives,
1215 1923 1272 1984 per

527 2017 581 2062 ora
603 2001 773 2062 hominum
796 2001 910 2062 deduci
942 2007 1104 2077 tamquam
1127 1999 1272 2078 gravissi-

526 2109 655 2154 morum
677 2093 849 2154 criminum
872 2109 943 2154 reos
953 2113 967 2152 :·
986 2094 1150 2171 pastoralis
1165 2097 1272 2154 nostra

526 2202 601 2248 cura
623 2203 687 2247 non
710 2187 827 2263 patitur
849 2202 907 2246 nos
930 2192 1035 2248 tacere
1063 2187 1139 2247 dum
1160 2185 1205 2245 sal
1227 2184 1273 2244 ui-

527 2278 640 2340 demus
662 2279 811 2340 iuiatuari
831 2279 864 2339 in
886 2279 923 2340 iis
944 2294 1002 2356 per
1025 2293 1104 2354 quos
1126 2279 1178 2339 alii
1198 2294 1273 2340 con-

526 2372 634 2434 diendi
667 2379 772 2434 essent
803 2372 960 2433 homines.
991 2371 1092 2444 Quare
1121 2379 1270 2449 paterno,

527 2480 591 2541 quo
613 2471 644 2527 te
667 2465 904 2543 prosequimur,
921 2481 1031 2526 amore
1047 2481 1216 2526 monemus
1232 2483 1272 2528 ne

526 2565 658 2620 tuorum
679 2557 882 2620 subditorum
898 2558 1086 2620 criminibus
1101 2559 1273 2621 conniven-

528 2651 568 2712 do
586 2652 766 2730 participes.
785 2651 853 2713 'libi
870 2668 945 2714 cura
961 2667 1030 2713 esse
1046 2651 1142 2713 debet
1157 2653 1196 2713 de
1211 2654 1273 2714 sin-

529 2745 622 2820 gulis,
646 2760 752 2822 neque
778 2744 860 2806 sicut
889 2751 1016 2823 oportet
1041 2745 1132 2807 malis
1156 2748 1274 2824 poteris

498 2849 501 2854 ·
529 2845 741 2916 opportunam
768 2838 883 2899 allerre
913 2839 1082 2909 medelam,
1108 2839 1134 2899 si
1156 2840 1274 2901 diutius

527 2947 544 2992 a
566 2937 619 2992 tua
641 2930 812 2992 residentia
833 2931 925 3002 absis,
950 2947 1045 3007 quam
1067 2933 1136 2994 sine
1156 2935 1275 3009 gravis-

528 3023 608 3084 sima
629 3040 719 3085 causa
748 3029 780 3084 et
801 3023 979 3086 inconsulta
998 3023 1080 3086 Sede
1096 3025 1275 3103 Apostoliea

528 3123 654 3178 mutare
676 3133 741 3178 non
763 3117 870 3178 debes.
893 3117 996 3190 Quare
1018 3134 1147 3180 necesse
1164 3127 1221 3192 est,
1240 3127 1276 3181 ut

528 3211 566 3272 ad
587 3217 732 3272 montem
755 3209 910 3272 Libanum
932 3211 1056 3282 redeas,
1074 3219 1107 3272 et
1120 3213 1153 3273 in
1167 3229 1275 3275 mona-

529 3305 627 3366 sterio
650 3302 755 3366 Sancti
776 3303 919 3381 Ephrem
934 3304 1085 3378 resideas,
1102 3306 1211 3383 ibique
1227 3323 1276 3368 re-

530 3397 676 3474 gularem
698 3398 895 3474 disciplinam
920 3397 1158 3461 instaurandam
1179 3401 1276 3463 susci-

530 3490 606 3569 pias.
630 3489 664 3550 ln
687 3489 747 3551 hoc
769 3505 864 3552 curae
892 3490 1121 3568 impendantur
1144 3509 1272 3555 omnes:

530 3583 648 3644 novisti
670 3583 757 3644 euim
786 3583 979 3644 monasteria
1001 3584 1091 3645 vobis
1114 3602 1182 3647 esse
1205 3587 1276 3665 Epi-

529 3691 700 3754 scoparum
713 3675 893 3748 seminaria,
908 3675 1102 3753 nullumque
1115 3683 1145 3738 te
1158 3679 1276 3741 habere

530 3785 622 3847 posse
637 3769 790 3830 idoneum
804 3769 996 3846 Episcopum
1013 3785 1051 3830 ex
1068 3775 1275 3845 monasterio,

529 3861 648 3938 inquo
670 3877 734 3922 non
766 3861 971 3938 reperiantur
993 3863 1140 3924 monachi
1163 3865 1277 3928 doctri-

530 3972 580 4026 na,
604 3954 721 4032 pietate
744 3961 775 4015 et
796 3970 925 4016 morum
952 3955 1137 4031 integritate
1159 3967 1278 4036 specta·

530 4047 655 4108 tissimi.
674 4045 706 4107 Si
728 4045 808 4108 tales
823 4045 971 4107 monachi
987 4047 1078 4126 eulpa
1094 4054 1146 4109 tua
1162 4050 1275 4122 desint,

531 4140 599 4217 ipse
611 4139 764 4200 immunis
776 4156 793 4198 a
804 4139 896 4216 culpa
908 4156 973 4200 non
986 4139 1067 4215 eris3
1086 4156 1184 4217 quare
1201 4159 1278 4220 opus

531 4233 649 4304 labora,
673 4232 890 4293 ministerium
914 4239 1005 4294 tuum
1028 4233 1138 4311 imple,
1160 4235 1197 4296 ad
1212 4253 1278 4298 mo-

531 4327 709 4388 nasterium
731 4331 824 4388 tuum
846 4333 1025 4398 reuertere,
1051 4334 1194 4390 errantes
1210 4345 1279 4390 cor-

533 4419 614 4495 rige,
640 4419 779 4490 obsecra,
803 4419 943 4497 increpa,
967 4425 1003 4480 ut
1024 4419 1056 4480 in
1078 4420 1163 4481 uiam
1190 4421 1279 4484 iusti-

532 4512 594 4571 tiae
615 4511 759 4582 redeant,
784 4517 816 4572 et
837 4511 904 4573 laus
924 4512 965 4572 sit
979 4513 1154 4590 unicuique
1170 4531 1186 4574 a
1201 4515 1277 4577 Deo.

532 4603 593 4664 Pro
615 4609 703 4665 certo
725 4603 879 4665 habemus
905 4603 1051 4666 futurum
1073 4611 1109 4666 ut
1131 4613 1279 4683 paternae

533 4697 608 4759 huie
623 4703 751 4758 nostrae
764 4696 933 4758 monitioni
946 4697 1051 4758 iaciles
1064 4699 1215 4774 praebeas
1228 4718 1280 4762 au·

533 4807 597 4861 res,
622 4797 654 4851 et
675 4790 826 4852 citissime
848 4796 879 4851 te
902 4789 1070 4852 desideriis
1093 4793 1210 4852 nostris
1227 4793 1279 4854 ob-

534 4891 734 4954 secuturum,
751 4889 787 4943 ut
809 4882 1005 4959 obsequium·
1022 4890 1113 4945 tuum
1131 4901 1206 4962 erga
1222 4903 1279 4947 nos

535 4983 567 5038 et
578 4975 792 5054 Apostolicam
807 4976 886 5036 hanc
899 4973 1015 5036 Sedem
1033 4978 1189 5038 ostendas.
1204 4978 1281 5051 Qua-

534 5085 570 5130 re
592 5067 794 5146 apostolicam
818 5067 1075 5129 benedictionem
1092 5069 1282 5132 fraternitati

535 5168 607 5222 tuae
629 5167 831 5239 peramanter
852 5161 1083 5238 impertimur.

574 5253 689 5315 Datum
712 5253 830 5314 Romae
853 5255 935 5332 apud
958 5252 988 5314 S.
1007 5254 1139 5316 Petrum
1154 5257 1214 5317 sub
1229 5274 1281 5318 an-

535 5347 613 5408 nulo
628 5346 794 5408 Piscatoris
810 5346 860 5407 die
876 5363 963 5407 xxiv.
982 5347 1050 5408 dec.
1068 5363 1279 5421 moecenatem,

535 5441 736 5520 pontificatus
757 5440 859 5501 nostri
880 5456 963 5501 anno
985 5457 1007 5500 1.

858 5626 954 5690 XXV.

537 5812 780 5879 Praecotionem
808 5814 929 5877 Rosarii
951 5815 1102 5894 Perpetui
1131 5813 1284 5896 approbat

578 5915 607 5974 et
628 5907 841 5973 recitantibus
862 5909 1081 5990 indulgentius
1103 5907 1255 5970 concedit.

1041 573 1106 621 lun.
1130 573 1221 620 eoNr.
1245 572 1285 616 DE
1307 573 1337 618 P.
1361 573 1390 618 F.
1415 573 1498 618 PARS
1519 573 1541 619 1.

1499 743 1718 813 altecomus
1741 745 1800 812 ΡΡ.
1827 745 1898 812 lllll.

1444 880 1481 946 ed
1505 888 1680 966 perpetuam
1704 881 1748 948 rei
1772 882 1950 948 memoriam.

1366 1066 1596 1132 benedicentes
1618 1071 1754 1133 Domino
1771 1071 1868 1132 totius
1884 1070 2072 1132 consolatio·
2117 1073 2285 1119 exordium.

1327 1159 1375 1220 nis
1397 1163 1587 1240 accepimus,
1605 1179 1687 1241 quae
1708 1182 1724 1225 a
1746 1163 1863 1226 dilecto
1880 1163 1945 1225 silio
1960 1169 2072 1224 nostro

1327 1250 1457 1330 hloysio
1471 1253 1501 1315 S.
1512 1254 1548 1316 R.
1559 1255 1594 1316 E.
1609 1255 1799 1334 presbytero
1811 1255 1969 1318 cardinali
1981 1254 2072 1315 Lam-

1328 1343 1493 1408 bruschini
1521 1348 1613 1410 nobis
1638 1349 1759 1426 perlata
1791 1348 1925 1410 luerunt
1953 1349 1992 1410 de
2020 1347 2072 1424 pio

1327 1439 1465 1514 quodam
1488 1442 1653 1514 exercitio,
1674 1443 1760 1519 quod
1784 1443 1876 1504 titulo
1890 1442 2012 1503 Rosarii
2028 1441 2072 1501 ui-

1327 1533 1433 1593 uentis
1455 1533 1571 1595 honori
1594 1535 1688 1596 Bibae
1711 1534 1801 1612 Virg.
1826 1535 1941 1596 blariae
1962 1534 2073 1596 sedula

1328 1631 1422 1702 atque
1444 1627 1596 1688 industris
1618 1627 1851 1690 nonnullorum
1867 1628 1966 1706 pietas
1988 1627 2073 1688 haud

1328 1717 1369 1777 ita
1398 1717 1521 1795 pridem
1555 1719 1759 1796 excogitavit.
1789 1719 1865 1781 lnde
1892 1721 1978 1782 enim
2007 1719 2072 1780 Deo

1328 1811 1411 1872 bene
1432 1811 1572 1883 iuvante,
1602 1813 1773 1875 salubriter
1799 1813 1916 1876 tactuum
1938 1813 1978 1874 iri
2000 1829 2072 1875 con-

1329 1903 1474 1972 lldimus,
1506 1906 1625 1966 nedum
1648 1913 1684 1968 ut
1705 1907 1844 1986 precatio
1867 1908 1903 1969 ad
1926 1907 2072 1968 eamdem

1329 1995 1443 2070 quouis
1473 1997 1567 2058 modo
1596 2015 1629 2059 ac
1658 2005 1804 2077 tempore
1832 2007 1940 2060 sancte
1968 1999 2073 2060 colen-

1329 2087 1401 2148 dam
1420 2089 1578 2165 aptissima
1592 2089 1808 2154 increbrescat
1822 2092 1943 2170 ubique
1958 2092 1990 2152 in
2006 2091 2073 2154 dies

1329 2180 1431 2256 magis
1461 2197 1500 2241 ex
1528 2182 1676 2244 facilitate
1704 2185 1770 2262 ipsa
1800 2202 1866 2258 sua,
1898 2187 1955 2247 sed
1976 2191 2012 2246 ut
2034 2201 2073 2245 ex

1329 2279 1414 2334 tante
1429 2275 1676 2352 supplicantium
1692 2279 1903 2340 consensione
1918 2279 2074 2340 maiorem

1329 2369 1566 2444 quodammodo
1587 2371 1654 2430 vim
1676 2371 1797 2448 adepta,
1815 2373 1973 2450 acceptior
1995 2371 2074 2433 iera-

1330 2467 1383 2522 tur
1395 2463 1433 2522 ad
1448 2461 1560 2534 Deum,
1576 2461 1631 2538 qui
1642 2464 1806 2525 communi
1818 2471 1967 2526 exoratus
1979 2479 2075 2542 prece

1330 2556 1367 2617 ad
1389 2556 1703 2618 commiserationem
1732 2557 1871 2620 flectitur
1894 2560 1984 2619 etad
2006 2574 2074 2635 gra-

1331 2649 1418 2710 tiam.
1452 2648 1540 2722 Quod
1570 2649 1699 2725 quidem
1722 2649 1860 2711 salutare
1889 2650 2072 2712 institutum

1330 2743 1441 2803 lavore
1463 2741 1642 2818 pontificiae
1657 2742 1851 2804 auctoritatis
1873 2744 2075 2804 commenda-

1330 2851 1376 2906 re,
1408 2842 1502 2912 atque
1531 2833 1806 2912 indulgentiarum
1839 2835 2075 2914 dispensatione

1330 2928 1441 2989 lovere
1470 2927 1577 2988 animo
1606 2927 1825 3000 decrevimus,
1849 2927 1963 2989 libenti
1985 2935 2098 3005 repe-¹

1330 3028 1434 3083 tentes
1456 3020 1612 3082 memoria
1627 3021 1778 3098 quidnam
1800 3021 1946 3082 utilitatis
1962 3038 2014 3083 res
2029 3038 2075 3083 ca·

1329 3116 1446 3178 thelica
1467 3115 1618 3175 uniuersa
1633 3114 1839 3192 persenserit,
1857 3115 1912 3176 ubi
1933 3116 2075 3193 primum

1329 3209 1455 3270 coronis
1477 3208 1509 3268 in
1532 3206 1656 3268 honore
1679 3205 1709 3268 S.
1728 3206 1869 3283 Virginis
1891 3209 2075 3286 compositis

1330 3317 1480 3380 praesens
1495 3300 1595 3378 ipsius
1612 3299 1804 3379 praesidium
1821 3301 1924 3362 fidelis
1940 3301 2075 3378 populus

1330 3401 1379 3456 est
1399 3399 1630 3472 comprecatus.

1368 3491 1387 3564 ἓ
1409 3489 1434 3548 l.
1452 3487 1602 3560 Quaread
1617 3488 1846 3565 omnipotentis
1858 3487 1914 3549 Dei
1927 3489 2073 3565 gloriam,
2096 3503 2317 3605 mmgffieerggg-

1331 3589 1426 3660 atque
1447 3581 1484 3643 ad
1507 3581 1649 3658 Virginis
1673 3579 1789 3642 SSriaae
1805 3581 1918 3643 Mariae
1940 3583 2077 3644 Genitri·

1331 3677 1386 3738 ciis
1409 3675 1465 3736 Dei
1486 3676 1656 3748 honorem,
1674 3691 1714 3735 en
1732 3681 1818 3735 certa
1839 3676 1969 3737 scientia
1991 3679 2076 3738 etde

1331 3774 1459 3830 nostrae
1488 3768 1651 3846 potestatis
1680 3767 1896 3845 plenitudine,
1928 3769 2076 3830 omnibus

1331 3861 1499 3937 utriusque
1515 3877 1617 3936 ,sexus
1631 3860 1905 3935 christifidelibus,
1923 3863 1977 3938 qui
1992 3863 2077 3923 inter

1331 3955 1473 4016 cultores
1496 3952 1637 4030 Virginis
1661 3969 1718 4031 pro
1733 3970 1794 4014 usu
1817 3955 1885 4032 piae
1907 3955 2078 4032 praecatio-

1332 4048 1398 4119 nis‚
1429 4061 1524 4123 quam
1554 4045 1682 4108 Rosurii
1713 4045 1848 4107 vicentio
1875 4055 2075 4126 nuncupant,

1332 4145 1555 4212 recensentur,
1580 4139 1684 4216 primo
1706 4139 1789 4201 lesto
1808 4140 1858 4200 die
1880 4147 1952 4218 post
1972 4157 2078 4202 susce-

1332 4240 1422 4312 ptum
1452 4233 1540 4310 pium
1568 4232 1648 4294 illud
1676 4249 1767 4310 opus,
1797 4233 1971 4295 dummodo
2000 4249 2078 4296 vere

1332 4326 1545 4403 poenitentes,
1571 4323 1781 4387 Sacramentis
1810 4325 2024 4388 confessionis
2047 4333 2080 4388 et

1333 4418 1550 4480 Eucharistiae
1571 4435 1642 4479 sese
1663 4419 1724 4479 rite
1748 4419 1957 4496 expiaverint,
1974 4419 2079 4482 indul-

1334 4512 1474 4589 gentiam
1496 4511 1689 4589 plenariam,
1715 4526 1796 4587 quae
1825 4512 1920 4573 etiam
1947 4529 2005 4591 pro
2027 4513 2079 4576 de-

1333 4605 1450 4666 iunctis
1472 4604 1622 4682 applicari
1650 4605 1759 4681 possit,
1784 4605 1999 4682 impertimur.
2032 4606 2080 4668 ln-

1332 4714 1429 4777 super
1451 4705 1579 4776 praeter
1600 4698 1826 4775 indulgentias,
1841 4714 1918 4776 quas
1942 4716 1999 4776 pro
2021 4699 2080 4762 Ro-

1334 4793 1407 4853 sarii
1429 4791 1617 4853 recitatione
1639 4791 1772 4853 Romani
1800 4791 1969 4854 Pontifices
1992 4809 2080 4870 prae-

1335 4885 1520 4946 decessores
1553 4883 1655 4945 nostri
1688 4884 1914 4952 decreverunt,
1949 4892 2080 4946 centurn

1335 4979 1459 5040 dierum
1491 4977 1737 5054 indulgentiam,
1762 4978 1887 5053 quoties
1916 4977 2080 5040 ferialibus

1335 5071 1447 5133 diebus
1477 5071 1649 5131 constituta
1678 5087 1717 5130 en
1747 5070 1789 5147 pii
1819 5071 1963 5132 exercitii
1993 5087 2081 5149 prae-

1334 5165 1453 5242 scripto
1475 5179 1546 5240 pars
1569 5163 1691 5224 Rosarii
1716 5164 1887 5238 recitetur3
1911 5164 2081 5240 indulgen-

1336 5257 1410 5317 tiam
1432 5271 1512 5316 vero
1534 5263 1659 5332 septem
1677 5273 1835 5318 annorum
1851 5273 1924 5318 eum
1947 5257 2080 5319 totidem

1335 5350 1547 5427 quadragenis
1569 5349 1785 5426 impertimur,
1803 5350 1829 5410 si
1851 5349 1883 5411 id
1905 5351 2010 5428 operis
2033 5366 2082 5412 re-

1336 5443 1450 5520 ligiose
1473 5449 1644 5520 peragatur
1670 5443 1851 5514 Dominicis,
1876 5449 1909 5504 et
1935 5443 2002 5504 aliis
2025 5459 2082 5521 per

1337 5551 1457 5596 annum
1486 5534 1576 5596 testis
1606 5536 1729 5606 diebus,
1760 5535 1798 5596 iis
1828 5535 1934 5608 etiam,
1966 5536 2081 5613 quibus

1337 5634 1544 5707 praeceptum
1572 5627 1719 5706 audiendi
1742 5643 1867 5690 sacrum
1897 5629 2082 5706 ademptum

1337 5729 1395 5794 est,
1413 5739 1447 5783 ac
1462 5738 1519 5800 per
1541 5720 1671 5799 Octavas
1692 5721 1869 5782 Natiuitatis
1885 5721 1920 5782 l).
1937 5720 1975 5783 N.
1993 5721 2016 5782 l.
2033 5721 2080 5794 (1.,

1338 5814 1495 5876 Paschatis
1507 5813 1773 5884 Resurrectionis,
1787 5811 1938 5891 Corporis
1950 5813 2081 5886 Christi,

1337 5907 1541 5970 Pentecostes
1564 5915 1596 5968 et
1617 5905 1862 5983 Assumptionis,
1892 5906 2080 5982 Natiuitatis,
