4828 6974
930 595 1104 646 uuuuoutus
1125 599 1176 645 ΡΡ.
1200 593 1265 646 xvi.

322 717 421 780 fuisse
442 717 612 780 consilium
635 717 782 780 mittendi
803 717 836 780 in
856 717 936 779 hanc
951 719 1066 779 urbem

323 809 468 871 catholici
486 809 573 872 orbis
587 817 680 888 caput
695 809 868 872 nonnullos
884 810 1068 873 adolescen-

324 909 387 976 tes,
412 910 448 966 ut
468 903 526 964 hic¹
548 903 766 966 informentur
795 905 832 966 ad
862 920 958 966 omne
988 919 1067 982 opus

322 995 455 1068 bouum,
470 1002 502 1058 et
512 996 600 1058 illam
612 996 759 1058 hauriant
770 997 958 1070 doctrinam,
972 1012 1067 1074 quam

323 1089 416 1150 unice
438 1088 530 1165 sequi
551 1089 596 1150 las
619 1096 677 1162 est,
700 1089 734 1150 in
756 1097 898 1152 caeteros
918 1089 1068 1168 deinceps
1087 1153 1092 1161 ,

324 1181 393 1244 istic
414 1197 472 1260 per
494 1199 549 1245 eos
571 1183 796 1258 derivandam3
827 1183 901 1244 hinc
925 1183 1068 1260 proiecto

324 1275 369 1344 ut,
392 1281 428 1337 ut
448 1293 507 1338 uos
528 1293 593 1338 non
615 1277 712 1338 modo
734 1277 933 1355 praeclarum
959 1276 1069 1338 huius·

324 1369 411 1430 modi
442 1369 586 1432 studium
617 1376 711 1432 tuum
743 1369 890 1431 maximis
923 1369 1069 1432 laudibus

324 1478 570 1540 prosequamur,
594 1478 710 1526 verum
732 1464 828 1526 etiam
847 1469 879 1524 te
893 1463 999 1542 ipsum
1015 1478 1069 1525 ve-

325 1555 495 1618 hementer
524 1557 710 1629 hortemur,
733 1564 770 1618 ιιι
790 1557 877 1634 quod
902 1556 1069 1636 suscepisti

325 1649 596 1727 sapientissimum
627 1650 797 1712 consilium
825 1665 922 1727 quarn
951 1657 1069 1712 matur-

325 1742 406 1805 rime
418 1742 652 1822 perficiendum
667 1759 772 1815 cures,
785 1743 842 1805 tibi
855 1743 987 1805 omuino
999 1759 1070 1821 per-

325 1837 473 1909 suadens,
489 1836 669 1913 gratissime
690 1836 743 1898 hic
761 1842 932 1915 exceptum
946 1835 987 1897 iri
998 1836 1070 1898 ado-

326 1929 483 1992 lescentes
506 1946 586 2008 quos
608 1929 735 1992 miscuis
762 1930 988 2003 instituendus
1012 1931 1070 1992 eis-

326 2037 389 2099 que
411 2040 475 2086 non
498 2023 682 2086 defuturam
704 2023 950 2086 benevolentiae
972 2031 1004 2086 et
1025 2023 1070 2085 oi-

326 2116 389 2178 ficii
410 2121 544 2196 copiam,
562 2133 658 2195 quam
680 2118 825 2196 ipsorum
840 2117 873 2178 in
889 2117 971 2179 alma
985 2117 1071 2180 Urbe

326 2211 500 2272 mansionis
523 2227 614 2273 causa
634 2211 728 2290 plane
750 2210 945 2272 sanctissima
964 2217 1071 2289 postu-

326 2302 451 2366 laverit.
474 2303 533 2378 Qui
555 2310 643 2366 certe
658 2319 771 2366 sensus
786 2303 885 2364 animi
900 2303 1000 2366 nostri
1016 2319 1072 2365 no-

326 2396 438 2459 bilitati
470 2405 544 2460 tuae
572 2397 682 2459 testari
710 2397 784 2458 satis
813 2411 976 2476 superque
1004 2404 1072 2476 pot-

327 2497 434 2552 erunt.
457 2489 521 2554 Nos
545 2505 618 2553 cum
639 2490 734 2552 istinc
756 2506 837 2567 quae
860 2490 1000 2553 diximus
1014 2492 1072 2552 im-

327 2583 511 2661 pedimenta
532 2583 655 2646 luerint
676 2590 790 2656 amota,
815 2589 846 2645 et
868 2585 907 2646 de
930 2585 1073 2646 enuntia-

327 2677 367 2738 tis
388 2676 483 2755 paulo
508 2682 581 2736 ante
605 2689 717 2736 rerum
742 2675 895 2753 capitibus
917 2675 978 2738 rite
1000 2693 1075 2738 con-

327 2769 473 2841 venerit,
507 2767 630 2830 nullam
662 2767 947 2846 praetermissurus
979 2785 1073 2832 curae

328 2859 613 2939 providentiaeque
642 2867 766 2937 partem
791 2875 874 2937 quae
894 2861 932 2923 ad
952 2867 1073 2923 rectam

328 2954 495 3032 religionis
517 2953 653 3016 formam
675 2953 759 3016 iuter
774 2953 865 3015 istius
880 2953 1005 3018 insulae
1020 2973 1074 3036 po-

328 3048 421 3127 pulos
439 3048 652 3111 inducendam
668 3047 988 3126 constituendumque
1003 3067 1074 3129 per-

328 3141 437 3203 tineat.
460 3141 496 3202 ln
517 3147 570 3202 tua
592 3139 692 3218 ipsius
718 3155 827 3213 manu,
851 3143 947 3204 crede
969 3143 1072 3218 nobis,

328 3235 469 3314 positum
491 3241 539 3297 est
561 3234 688 3298 efficere
710 3239 747 3296 ut
768 3234 986 3314 spiritualibus
1001 3253 1074 3300 con-

329 3329 438 3390 sulere
459 3328 629 3407 possimus.
652 3327 742 3402 Quod
764 3334 795 3390 te
810 3329 923 3391 sedulo
939 3337 1074 3408 praesta-

329 3427 440 3483 turum
458 3435 588 3500 sperare
604 3419 695 3482 nobis
712 3426 800 3482 certo
816 3420 890 3483 licet
905 3421 944 3484 ab
959 3423 1075 3485 eximia

329 3514 382 3577 illa
402 3515 539 3587 virtute,
563 3513 653 3576 cuius
683 3514 883 3592 praeclarum
911 3517 1075 3594 specimen

330 3608 444 3670 dedisti
467 3609 500 3670 in
520 3623 595 3671 ven.
613 3607 711 3670 tratre
734 3607 890 3687 Episcopo
905 3609 1075 3689 Carolupo-

330 3702 427 3764 litauo
443 3701 675 3764 humanissime
690 3701 863 3776 tractando,
878 3703 929 3765 cui
944 3705 1074 3781 quidem

330 3795 411 3857 absit
432 3803 467 3857 ut
488 3794 672 3857 dubitemus
686 3793 791 3856 ullum
807 3811 823 3856 a
837 3801 869 3857 te
884 3798 1027 3860 studium
1042 3799 1076 3860 in

331 3889 419 3951 omni
442 3904 563 3966 genere
586 3887 679 3950 officii
702 3887 852 3966 deinceps
874 3888 1074 3954 defuturum.

331 3981 504 4044 Auctorem
526 3986 634 4043 autem
656 3997 690 4042 ac
711 3981 834 4043 iontem
857 3983 1003 4045 omnium
1022 3984 1076 4046 bo-

332 4090 449 4136 norum
477 4074 650 4137 Dominum
680 4074 775 4136 enixe
803 4083 954 4152 rogantes
981 4083 1017 4138 ut
1045 4085 1077 4140 te

330 4167 505 4230 uberrimis
521 4175 650 4229 auctum
666 4165 785 4245 gratiae
800 4168 948 4230 coelestis
964 4185 1077 4233 mune-

332 4259 422 4322 ribus
439 4261 523 4322 bono
539 4260 630 4322 istius
645 4259 754 4339 populi
770 4261 967 4325 incolumem
982 4278 1077 4341 quam

334 4353 512 4416 diutissime
524 4360 643 4426 servet,
658 4353 775 4432 pignus
790 4361 941 4432 paternae
957 4365 1078 4434 gratae-

333 4463 397 4524 que
418 4447 591 4510 voluutatis
612 4453 741 4509 nostrae
762 4449 966 4526 apostolicam
981 4450 1078 4513 bene-

333 4541 506 4603 dictionem
528 4540 684 4603 nobilitati
701 4546 773 4602 tuae
789 4541 1006 4606 amantissime
1020 4545 1079 4606 inr-

332 4634 502 4714 pertimur.

373 4727 486 4790 Datum
514 4727 631 4789 Romae
660 4725 803 4806 apud'S.
829 4729 957 4791 llariarn
987 4730 1079 4793 Maio-

334 4835 405 4882 rem
426 4819 486 4882 sub
507 4819 627 4882 annulo
648 4819 814 4882 Piscatoris
830 4821 881 4883 die
897 4839 964 4884 xxi.
981 4840 1080 4901 augu-

334 4915 375 4976 sti
391 4929 625 4986 uucccrxxrv,
642 4915 843 4992 pontificatus
858 4915 959 4978 nostri
971 4935 1021 4979 an.
1035 4935 1078 4979 ιν.

640 5569 776 5636 LXXIV.

340 5759 473 5822 Collatia
501 5759 644 5822 macaris
669 5760 766 5840 legati
786 5775 843 5839 pro
867 5758 978 5822 tascilo
1002 5756 1082 5820 Sort-

377 5853 601 6010 fttgessoomimci
626 5852 717 5933 sacta
740 5851 892 5933 Episcopo
918 5849 1083 5934 Corolupo-

1125 713 1294 780 Venerabili
1316 713 1403 780 tratri
1427 713 1527 780 loanni
1552 711 1685 796 England
1708 709 1872 796 carotopo-

1165 807 1317 886 litarem
1345 807 1515 875 foederatis
1545 807 1702 873 tmevieae
1735 803 1871 888 septen-

1164 900 1302 968 trionalis
1325 901 1485 985 provinciis
1509 900 1670 984 Episcopo,

1299 1085 1516 1155 entecnius
1539 1087 1600 1152 ΡΡ.
1625 1085 1697 1151 xvt.

1339 1273 1527 1344 venerabilis
1549 1273 1657 1352 irater,

1160 1370 1287 1438 salutem
1310 1374 1342 1435 et
1364 1368 1561 1452 apostolicam
1587 1365 1837 1432 benedictionem.

1166 1560 1316 1622 Universi
1344 1558 1501 1621 Dominici
1530 1557 1639 1634 gregis
1667 1555 1751 1619 salus
1780 1556 1872 1619 nobis

1128 1653 1281 1716 divinitus
1310 1652 1507 1724 concredita,
1538 1665 1600 1728 qua
1629 1651 1682 1713 diu
1712 1657 1873 1728 noctuque

1128 1747 1330 1810 continenter
1346 1745 1548 1816 distinemur,
1563 1744 1701 1822 postulat
1719 1749 1814 1821 atque
1830 1743 1874 1805 ei·

1128 1841 1256 1918 flagitat,
1280 1847 1316 1902 ut
1337 1854 1462 1901 summa
1484 1838 1616 1916 quidem
1638 1837 1803 1915 pastoralis
1818 1853 1874 1899 no-

1128 1941 1211 1996 strae
1232 1932 1415 2010 vigilantiae
1440 1947 1526 2002 cura,
1550 1929 1707 2009 spirituali
1728 1931 1874 1992 emnium

1129 2025 1394 2090 christifidelium
1422 2023 1550 2086 utilitati
1576 2040 1634 2102 pro
1657 2023 1780 2085 viribus
1803 2039 1874 2102 pro-

1129 2119 1328 2200 spiciendum
1357 2133 1519 2180 curemus.
1553 2117 1662 2194 ltaque
1690 2132 1790 2196 prope
1819 2133 1874 2178 no-

1129 2221 1253 2276 scentes
1275 2212 1308 2273 in
1330 2211 1492 2272 Haitarum
1513 2210 1617 2272 insula
1642 2209 1875 2272 Christilldeles

1129 2306 1266 2386 propriis
1289 2305 1415 2367 orbatos
1430 2303 1621 2382 pastoribus,
1638 2319 1672 2365 ac
1688 2303 1875 2365 necessariis

1130 2399 1289 2464 Ecclesiae
1311 2397 1478 2461 destitutos
1500 2396 1675 2476 praesidiis,
1702 2397 1736 2458 in
1757 2412 1875 2474 magno

1130 2501 1277 2556 aeternae
1306 2491 1415 2554 salutis
1445 2489 1629 2552 discrimine
1651 2489 1792 2562 versari,
1824 2505 1875 2568 pa-

1130 2594 1221 2649 terna
1240 2584 1340 2647 nostri
1355 2582 1453 2646 animi
1468 2582 1683 2645 sollicitudine
1699 2598 1814 2644 eorum
1829 2584 1876 2645 in-

1131 2678 1307 2742 commodis
1329 2691 1501 2739 occurrere
1522 2691 1731 2754 summopere
1747 2677 1876 2754 cupicu-

1131 2781 1190 2846 teS,
1221 2789 1255 2834 ac
1275 2769 1396 2832 aiilictis
1424 2786 1459 2831 ac
1487 2784 1570 2847 pene
1598 2770 1763 2847 prostratis
1786 2786 1821 2832 ea
1842 2769 1876 2832 iu

1131 2865 1235 2928 insula
1264 2863 1431 2940 religionis
1460 2862 1557 2924 rebus
1586 2862 1756 2924 consulere
1779 2863 1876 2925 vehe-

1132 2966 1259 3023 menter
1282 2963 1437 3036 optantes,
1468 2962 1563 3032 atque
1585 2955 1732 3032 egregias
1762 2963 1794 3018 et
1814 2956 1877 3018 sin·

1133 3054 1260 3132 gulares
1275 3058 1344 3112 tuas
1360 3051 1450 3112 dotes
1465 3047 1598 3109 minime
1610 3049 1809 3124 ignorantes,
1824 3065 1877 3128 op·

1132 3152 1308 3226 portunum
1326 3141 1580 3206 existimavimus
1595 3156 1653 3220 per
1668 3141 1790 3204 similes
1805 3159 1877 3222 apo-

1132 3241 1257 3303 stolicas
1278 3239 1386 3302 literas
1408 3236 1459 3297 die
1481 3234 1602 3297 decima
1634 3235 1743 3311 quinta
1771 3236 1877 3298 martii

1132 3333 1305 3395 millesimo
1328 3327 1596 3407 octingentesimo
1618 3327 1714 3390 tertio
1733 3328 1828 3401 datas,
1845 3335 1877 3390 te

1131 3424 1352 3488 venerabilem
1384 3423 1518 3484 tratrem
1550 3421 1587 3482 ad
1619 3421 1707 3482 illam
1738 3420 1877 3483 insulam

1132 3519 1272 3590 mittere,
1292 3525 1328 3579 ut
1349 3515 1445 3578 huius
1460 3512 1660 3592 Apostolicae
1676 3512 1766 3576 Sedis
1781 3513 1878 3592 legati

1132 3627 1269 3674 munere
1290 3609 1429 3686 iungens
1444 3621 1517 3669 cum
1533 3605 1805 3668 excellentissimo
1820 3607 1878 3668 Bo-

1133 3721 1190 3785 yer
1212 3703 1309 3765 totius
1331 3701 1494 3764 Haitarum
1515 3698 1710 3778 reipublicae
1732 3700 1878 3778 praeside

1133 3798 1304 3862 catholicae
1318 3795 1485 3872 religionis
1500 3807 1625 3854 causam
1637 3807 1762 3870 ageres,
1777 3809 1879 3871 eaque

1133 3891 1239 3955 omnia
1260 3887 1443 3968 peragenda
1464 3901 1604 3958 curares
1630 3899 1713 3962 quae
1735 3886 1773 3947 ad
1787 3886 1878 3965 spiri-

1134 3984 1253 4048 tualem
1274 3982 1406 4044 illorum
1428 3978 1623 4058 populorum
1649 3977 1786 4040 salutem
1807 3994 1879 4057 per-

1134 4078 1238 4140 tinere
1268 4089 1361 4154 posse
1388 4071 1590 4134 viderentur.
1620 4069 1685 4132 lam
1711 4085 1791 4134 vcro
1814 4088 1880 4134 non

1136 4169 1289 4236 mediocri
1310 4167 1408 4230 animi
1430 4164 1532 4228 nostri
1550 4163 1714 4242 voluptate
1729 4165 1879 4228 novimus

1135 4271 1166 4327 te
1188 4263 1269 4326 nihil
1290 4262 1439 4324 inausum
1461 4257 1607 4336 nihilque
1622 4258 1814 4321 intentatum
1829 4275 1879 4322 re·

1135 4358 1279 4437 liquisse,
1296 4371 1360 4433 quo
1375 4354 1492 4418 nostris
1515 4351 1681 4414 desideriis
1697 4352 1880 4414 cumulatis-

1135 4453 1216 4514 sime
1236 4448 1461 4528 responderes.
1485 4443 1578 4508 Omni
1601 4445 1688 4506 enim
1710 4461 1796 4519 cura,
1815 4453 1880 4508 stu-

1136 4546 1199 4618 dio,
1223 4541 1397 4620 diligentia,
1421 4540 1530 4603 labore
1552 4555 1618 4602 non
1639 4539 1745 4602 solum
1761 4540 1881 4617 gravis-

1135 4639 1215 4702 sima
1235 4636 1401 4714 religionis
1432 4633 1560 4710 negotia
1582 4649 1618 4695 ea
1639 4632 1672 4694 in
1694 4633 1798 4695 insula
1819 4640 1880 4695 tra-

1137 4731 1247 4796 ctanda
1268 4729 1394 4800 curasti,
1417 4743 1534 4789 verum
1557 4727 1652 4788 etiam
1675 4741 1788 4788 eorum,
1805 4727 1881 4790 ilde-

1137 4825 1216 4888 lium
1238 4823 1323 4886 bono
1345 4819 1532 4884 consulendi
1554 4819 1687 4898 cupidus
1701 4819 1834 4882 Romam
1849 4828 1881 4885 te

1137 4919 1256 4980 iterum
1278 4914 1451 4986 contulisti,
1468 4928 1587 4990 resque
1603 4929 1715 4976 omnes
1732 4931 1748 4975 a
1763 4920 1795 4976 te
1810 4930 1881 4994 per·

1138 5019 1219 5074 actas
1240 5008 1331 5071 uobis
1353 5006 1587 5069 accuratissime
1606 5021 1781 5084 exponens,
1800 5023 1882 5085 quaa

1138 5103 1319 5186 peragenda
1346 5101 1453 5164 forent
1479 5099 1674 5177 significasti.
1698 5099 1762 5163 Nos
1783 5101 1883 5179 igitur
1978 5167 1979 5170 ,

1138 5198 1255 5277 quibus
1267 5195 1347 5258 nihil
1359 5194 1475 5273 potius,
1486 5192 1567 5256 nihil
1579 5193 1799 5272 praestabilius
1812 5210 1882 5256 esse

1138 5295 1253 5371 potest,
1270 5303 1365 5366 quam
1387 5293 1423 5349 ut
1442 5301 1554 5349 omnes
1569 5287 1692 5359 fideles,
1709 5302 1790 5364 quos
1805 5293 1883 5348 tam-

1139 5397 1235 5462 quam
1256 5380 1435 5443 carissimos
1458 5379 1491 5440 in
1512 5377 1640 5441 Christo
1661 5379 1743 5441 tilios
1762 5379 1796 5442 in
1810 5379 1883 5442 sinu

1139 5483 1233 5554 atque
1256 5473 1356 5536 oculis
1378 5477 1551 5550 gestamus,
1576 5472 1763 5552 opportunis
1782 5490 1817 5536 ac
1837 5490 1883 5536 sa-

1139 5568 1296 5632 lutaribus
1326 5566 1442 5629 muniti
1470 5566 1635 5646 praesidiis
1661 5567 1699 5630 ad
1720 5574 1883 5630 aeternam

1140 5663 1398 5740 consequendam
1413 5661 1549 5725 salutem
1565 5662 1653 5723 omni
1669 5677 1728 5740 ope
1744 5669 1775 5724 et
1788 5679 1884 5742 opera
1929 5745 1931 5748 .

1139 5757 1303 5829 iurentur,
1317 5763 1458 5818 nostram
1471 5770 1580 5816 curam
1594 5755 1884 5832 cogitationemque

1140 5851 1172 5910 in
1198 5849 1400 5911 christianam
1429 5847 1575 5910 eiusdem
1603 5848 1726 5913 insulae
1755 5847 1883 5927 plebem

1141 5941 1347 6005 contulimus.
1376 5939 1591 6016 Quamobrem
1616 5941 1713 6006 rebus
1736 5941 1884 6006 omuibus

1796 575 1852 640 107
1879 575 1955 665 'Am
1969 577 2000 632 0.
2021 577 2094 654 1834Ι
