4822 6986
367 1392 394 1436 ln
405 1389 571 1446 impedimen·

357 1445 570 1501 tisagulbuspe·

357 1551 429 1597 satio.

610 497 670 564 tat

592 639 647 718 gui
669 639 896 718 perseipsum
918 637 971 698 vel
994 637 1092 699 alium
1114 641 1266 715 procurat
1279 634 1339 697 sibi

591 733 780 810 dignitatern
802 732 940 809 aliquam
963 735 1052 793 extra
1068 730 1237 807 Ordinem3
1261 729 1340 792 item

591 827 646 904 qui
668 825 794 906 publice
817 833 849 889 et
869 823 1052 887 scandalose
1070 823 1213 886 Romano
1235 821 1341 886 Ponti-

590 921 652 994 fici,
670 927 723 983 aut
738 919 936 982 Patriarcbae
953 917 1006 982 vel
1021 915 1187 982 Ordinario
1210 917 1271 980 loci
1287 917 1340 979 de-

590 1013 736 1087 traxerit,
760 1019 814 1076 aut
835 1029 947 1076 eorum
972 1011 1137 1075 canonicus
1159 1012 1340 1076 sanctiones

590 1107 838 1186 contempserim
870 1107 1027 1186 denique,
1058 1107 1113 1184 qui
1145 1105 1339 1168 monachum

589 1202 716 1265 notorie
743 1201 914 1279 indignum
942 1201 1045 1264 sciens
1068 1205 1100 1262 et
1121 1200 1262 1278 prudens
1285 1199 1340 1262 ali·

589 1296 717 1374 quando
739 1295 888 1373 elegerit.

629 1408 664 1452 ιι.
688 1391 724 1453 ln
744 1390 783 1452 iis
805 1389 1063 1470 impedimentis,
1088 1403 1170 1466 quae
1199 1404 1239 1450 err
1267 1388 1338 1450 iure

589 1586 638 1642 est
658 1597 675 1640 a
697 1578 844 1656 legitimo
866 1577 1050 1656 superiore,
1075 1575 1176 1653 qualis
1199 1581 1248 1638 est
1268 1591 1338 1637 san-

588 1673 749 1736 ctissimus
770 1671 931 1735 Romanus
953 1670 1112 1742 Pontifex,
1135 1668 1338 1731 reverendis-

587 1767 689 1830 simus
718 1767 868 1830 dominus
895 1763 1074 1828 Patriarcha
1100 1769 1133 1826 et
1158 1762 1337 1825 ordinarius

580 1861 649 1940 loci
670 1859 856 1940 Episcopus,
880 1857 1070 1938 respective.
1098 1857 1132 1918 ln
1154 1856 1222 1918 aliis
1244 1871 1334 1930 voro,

587 1970 669 2033 quae
691 1969 731 2017 ex
747 1954 865 2017 nostris
881 1949 1164 2016 constitutionibus
1180 1950 1337 2014 inducun-

587 2055 651 2122 tur,
682 2048 774 2110 abbas
804 2045 964 2126 generalis
993 2046 1176 2126 dispensare
1205 2045 1334 2122 poterit,

586 2141 651 2214 vel,
676 2158 714 2204 eo
736 2141 879 2212 absente,
904 2139 1112 2217 congregatio
1136 2137 1306 2216 generalis.

626 2250 674 2295 ur.
698 2233 802 2297 Nemo
824 2234 933 2311 eliget,
951 2239 1006 2296 aut
1027 2233 1150 2309 eligere
1169 2231 1289 2310 poterit
1302 2231 1335 2292 in

586 2324 731 2389 abbatem
755 2327 953 2406 generalem,
971 2333 1026 2388 aut
1046 2325 1336 2404 hegumenumsi-

586 2421 674 2483 vein
690 2421 835 2484 abbatem
855 2421 1049 2502 provinciae,
1067 2427 1122 2482 aut
1136 2419 1333 2492 monasterii,

585 2515 645 2578 nisi
667 2517 799 2594 triginta
820 2533 918 2578 annos
933 2515 1047 2578 saltem
1069 2513 1233 2578 inchoatos
1254 2511 1335 2576 aeta

587 2608 625 2670 tis
647 2609 778 2686 babeat;
803 2617 835 2672 et
856 2609 916 2672 nisi
938 2625 994 2671 serr
1023 2623 1123 2671 annos
1145 2607 1178 2670 in
1200 2623 1334 2686 congre-

585 2703 713 2780 gatione
742 2705 851 2766 nostrai
878 2702 1108 2782 compleverit,
1139 2701 1334 2764 includendo

584 2812 684 2860 annos
706 2796 914 2876 probationis.
974 2855 977 2864 ,

624 2908 667 2953 rv.
690 2891 726 2954 ln
747 2891 1054 2970 congregationibus
1071 2892 1333 2969 begumenorum

583 2985 767 3064 provinciae
783 2992 816 3049 et
829 2986 1029 3059 monasterii,
1042 2985 1064 3048 ii
1079 2991 1204 3048 tantum
1218 2999 1333 3048 vocem

583 3079 717 3143 activam
747 3079 882 3155 habent,
906 3097 1046 3159 quorum
1075 3079 1198 3142 mentio
1220 3079 1264 3142 ibi
1286 3079 1331 3142 tit.

583 3172 705 3237 Vocem
733 3189 813 3238 vero
842 3175 999 3255 passivam
1021 3174 1054 3236 in
1083 3172 1333 3252 congregatione

584 3267 729 3345 generali
742 3275 774 3331 et
786 3269 1049 3346 begumenorum
1064 3268 1184 3331 babere
1200 3273 1334 3348 possunt

584 3374 697 3426 omnes
710 3363 858 3425 monachi
870 3361 1021 3442 prolessi3
1035 3362 1068 3424 in
1081 3361 1333 3440 congregatione

582 3471 662 3520 vero
684 3457 867 3536 provinciae
883 3462 916 3520 et
930 3455 1212 3528 monasteriorum,
1230 3455 1252 3517 ii
1267 3462 1334 3518 tan-

581 3557 651 3614 turn
673 3551 821 3614 monachi
837 3552 983 3630 quisunt
999 3549 1090 3640 illius
1102 3547 1286 3630 provinciae
1302 3555 1333 3612 et

582 3645 781 3709 monasterii.

621 3757 651 3802 v.
675 3739 776 3804 Nemo
805 3745 912 3820 potest
941 3739 1060 3802 babere
1093 3737 1203 3818 plures
1235 3753 1331 3801 voces

581 3835 708 3910 activas,
726 3836 850 3898 etiarnsi
865 3836 980 3898 babeat
995 3835 1087 3914 plura
1103 3833 1135 3896 in
1152 3831 1270 3896 Ordine
1287 3833 1332 3896 oi-

581 3929 669 4006 sscia3
692 3929 749 3992 sed
770 3929 994 4007 unusquisque
1016 3943 1114 3991 unam
1130 3933 1255 3990 tanturn
1277 3943 1333 3991 vo·
1360 4001 1361 4004 Ἴ

580 4024 799 4088 mmbmmt

621 4135 671 4181 vn·
688 4116 797 4180 Omnis
820 4117 936 4182 electio
958 4119 1011 4180 lrat
1035 4132 1093 4197 per
1113 4117 1263 4195 sunragia
1284 4133 1333 4180 se-

581 4219 679 4276 cretu.
1285 4253 1286 4256 =

588 4362 593 4369 .
620 4325 676 4370 vn.
700 4307 783 4372 Ante
804 4308 997 4372 electionem
1013 4307 1164 4386 legantur
1180 4307 1332 4372 constitu·

582 4402 683 4465 tiones
706 4403 746 4466 de
768 4403 870 4466 officio
901 4403 1128 4481 eligendorum
1151 4402 1244 4465 etde
1267 4403 1332 4466 ele-

579 4496 697 4560 ctione.

619 4607 689 4653 vur.
713 4589 745 4652 Si
760 4590 911 4669 sutfragia
925 4589 1047 4654 luerint
1061 4590 1214 4670 aequalia,
1229 4590 1329 4654 autin

580 4685 723 4748 diversas
751 4701 905 4766 personas
927 4685 970 4749 ita
992 4685 1211 4750 distrabantur
1239 4685 1330 4748 utin

579 4779 707 4842 nullum
722 4780 824 4842 maior
839 4796 911 4859 pars
926 4780 1107 4854 conveniat,
1123 4780 1156 4842 id
1175 4781 1228 4842 dat
1243 4779 1327 4858 quod

578 4890 674 4954 supra
686 4891 752 4955 cap.
767 4889 920 4950 11.,nurn.
935 4891 993 4938 ιιιι.
1008 4881 1040 4938 et
1052 4891 1122 4938 ιιιιι.
1133 4875 1254 4938 dictum
1267 4880 1327 4938 est.

692 5021 772 5087 Gar.
797 5019 861 5088 vn.
885 5055 924 5069 -
945 5007 991 5086 lle
1012 5022 1207 5086 visitatione.

618 5175 639 5220 1.
657 5157 761 5221 Abbas
774 5158 934 5237 generalis
946 5158 1047 5221 semel
1060 5157 1173 5220 saltem
1186 5157 1219 5220 in
1229 5158 1328 5220 trien-

577 5253 631 5315 nio
652 5253 763 5317 visitet
784 5252 891 5316 omnia
919 5251 1112 5316 monasteria
1133 5251 1271 5326 Ordinis,
1296 5259 1328 5315 et

577 5347 671 5410 abbas
686 5347 871 5426 provinciae
885 5347 988 5410 semel
1004 5345 1150 5424 quolibet
1161 5363 1244 5409 anno
1260 5361 1328 5408 mo-

489 5509 493 5516 ,
577 5441 716 5504 nasleria
728 5441 789 5504 sibi
804 5442 957 5515 subiecta,
970 5448 1008 5504 ut
1021 5441 1142 5504 dictum
1156 5447 1204 5504 est
1215 5455 1245 5520 p.
1263 5459 1324 5518 ιιι,

357 5643 482 5708 1ιιιιὶιιιιοε
498 5646 557 5712 legi-

346 5703 418 5764 time,
442 5702 556 5766 impediti

344 5764 466 5800 vicarium
492 5759 557 5800 vrsi-

343 5811 451 5853 tutorem
461 5809 556 5857 debent

344 5860 442 5918 eligere.

576 5551 643 5614 cap.
667 5552 728 5610 ιιι.,
753 5552 843 5598 num.
867 5553 915 5598 ιιι.
941 5542 972 5598 et
993 5551 1060 5615 cap.
1083 5551 1126 5609 v..
1151 5547 1241 5598 num.
1265 5554 1300 5598 ιι.

616 5648 650 5692 ιι.
676 5629 708 5692 Si
730 5630 876 5708 legitime
898 5630 1021 5692 luerint
1034 5630 1193 5710 impediti,
1209 5631 1326 5694 substi-

576 5731 670 5786 tuent
696 5724 852 5786 vicariurn
878 5724 1096 5797 visitatorem,
1121 5725 1171 5787 cui
1197 5732 1325 5804 tempus

577 5825 609 5880 et
623 5819 847 5882 auctoritatem
860 5835 918 5898 per
932 5835 1005 5882 suas
1020 5819 1143 5882 litteras
1159 5821 1323 5893 deliniant,

577 5913 672 5990 eique
692 5913 816 5977 socium
830 5929 888 5978 seu
903 5914 1114 5978 secretarium
1136 5915 1323 5992 adiungent.

1110 505 1176 562 lbu.
1200 503 1292 561 nour.
1317 500 1358 560 be
1379 500 1409 560 b.
1434 500 1464 562 ι’.
1488 499 1572 562 baar
1593 501 1615 562 l.

1394 633 1482 698 Nulli
1510 643 1618 700 autern
1646 637 1765 700 vicario
1792 627 1949 700 visitatori
1982 627 2155 710 credatur,

1394 729 1456 790 nisi
1477 727 1600 793 litteras
1615 747 1692 794 suae
1708 731 1920 810 delegationis
1942 738 2039 794 antea
2062 731 2157 794 exhi-

1394 822 1503 888 buerit
1523 841 1630 888 coram
1653 826 1817 888 monacbis
1838 825 1871 887 in
1894 826 2157 903 congregatione

1394 919 1573 981 convocatis
1588 919 1621 982 in
1638 936 1675 982 eo
1691 919 1885 983 monasterio
1909 921 1995 998 quod
2018 919 2157 983 visitan-

1394 1011 1472 1074 dum
1487 1013 1564 1090 erit;
1582 1005 1652 1076 eam
1667 1028 1747 1076 vero
1762 1013 1996 1078 monachorum
2012 1030 2156 1092 congre-

1394 1107 1557 1190 gationem
1579 1107 1673 1170 abbas
1701 1107 1891 1170 convocabit
1913 1109 2024 1170 statim
2055 1114 2155 1186 atque

1394 1199 1423 1261 ei
1445 1201 1607 1264 exhibitae
1636 1201 1758 1264 luerint
1787 1202 1912 1264 litterae
1942 1201 2068 1264 abbatis
2100 1219 2155 1279 ge-

1393 1295 1530 1368 neralis,
1559 1303 1613 1358 aut
1638 1295 1920 1374 begumenorum,
1944 1301 2000 1358 aut
2027 1295 2153 1358 abbatis

1393 1389 1588 1466 provinciae.
1613 1387 1645 1452 Si
1657 1396 1765 1452 autern
1781 1390 1873 1452 abbas
1895 1389 1996 1452 luerit
2018 1389 2151 1462 absens,

357 1497 436 1542 vanua
461 1498 570 1555 aragon·
588 1485 740 1549 canonico
763 1485 970 1564 proveniunt,
992 1482 1186 1561 dispensatio
1202 1481 1339 1560 petenda
1392 1489 1446 1546 aut
1468 1483 1600 1546 obedire
1629 1483 1786 1558 noluerit,
1810 1490 1887 1546 tunc
1908 1484 1976 1563 ipse
2006 1484 2152 1547 vicarius

1391 1577 1536 1640 visitator
1559 1593 1629 1642 eam
1652 1577 1849 1642 convocabit.

1406 1783 1515 1830 ronna
1537 1784 1744 1831 narrannnun
1766 1785 1891 1831 vrcnuu
1913 1785 2133 1832 vrsrrnroars.

1434 1953 1669 2020 Venerabilibus
1690 1954 1851 2036 fratribus
1877 1953 2009 2019 Ordinis
2038 1959 2148 2020 saneti

1387 2051 1495 2131 patris
1516 2051 1621 2112 nostri
1644 2049 1778 2112 Antonii
1813 2048 2082 2131 congregationis
2110 2051 2148 2114 de

1391 2142 1497 2206 Monte
1518 2141 1650 2213 Libano,
1672 2143 1860 2223 provinciae
1879 2143 1932 2214 Ν.,
1954 2143 2010 2206 vel
2033 2161 2146 2208 enona-

1388 2237 1481 2300 sterii
1504 2237 1563 2307 N.‚
1586 2237 1722 2300 saliatem
1744 2237 1779 2298 iu
1807 2237 1942 2300 Dantiuo
1964 2243 1995 2300 et
2019 2235 2146 2302 benedi-

1389 2331 1536 2394 ctionem.

1430 2426 1548 2488 lictum
1569 2424 1710 2505 sacimas
1732 2424 1829 2498 vobis
1852 2426 2065 2507 {rotrocum
2087 2429 2144 2491 ele-

1389 2520 1470 2602 gisse
1490 2519 1699 2582 reverendum
1720 2525 1844 2601 patrem
1865 2519 1905 2582 N.
1923 2521 1957 2583 iu
1981 2521 2144 2584 vicarium

1389 2619 1547 2684 nostrum,
1571 2613 1659 2690 aigae
1680 2613 1762 2676 vices
1783 2619 1913 2678 nostras
1935 2615 2141 2686 commisisse,

1387 2713 1425 2770 ut
1445 2707 1552 2770 visitet
1573 2725 1627 2770 vos
1648 2712 1678 2770 et
1699 2711 1839 2770 vestram
1857 2709 2093 2771 moreasterium
2107 2710 2142 2772 iu

1388 2799 1615 2882 temporalibus
1636 2807 1666 2864 et
1685 2799 1922 2884 spiritualibus,
1943 2806 1972 2864 et
1994 2803 2142 2882 inquirat

1388 2895 1423 2956 in
1446 2896 1555 2959 omnio
1570 2895 1610 2959 ad
1631 2913 1683 2958 vos
1705 2895 1886 2974 dictumque
1907 2897 2141 2960 monasterium

1387 2991 1580 3070 spectantia,
1609 2990 1707 3054 iuuta
1727 2995 1856 3054 nostras
1881 2990 2139 3062 consuetudines,

1387 3084 1632 3146 constitutiones
1653 3088 1683 3146 et
1703 3085 1864 3164 regulam,
1887 3101 1959 3147 cunr
1981 3083 2141 3164 facultate

1388 3175 1588 3248 decernendi,
1612 3195 1692 3256 guae
1713 3177 1911 3241 decernenda
1936 3195 2001 3240 esse
2022 3195 2139 3259 urgeas

1388 3272 1558 3334 necessitas
1581 3271 1778 3352 sorripulerit,
1796 3271 1864 3335 alia
1878 3288 1950 3333 voro
1964 3271 2007 3336 ad
2022 3289 2079 3333 reos
2091 3272 2139 3334 de·

1386 3365 1532 3446 screnum
1553 3383 1618 3428 aon
1634 3371 1742 3430 tamen
1758 3365 1860 3428 aliam
1874 3367 1910 3428 iu
1924 3366 2031 3428 iocum
2045 3383 2138 3428 savum

1386 3458 1616 3530 substituendi,
1647 3476 1704 3522 nec
1732 3459 1951 3524 visitationem
1977 3461 2014 3522 in
2043 3461 2138 3539 guali·

1387 3551 1436 3618 bet
1453 3554 1647 3618 monasterio
1662 3555 1752 3620 ultra
1767 3553 1913 3616 triduum
1925 3553 2135 3635 prorogandi.

1390 3647 1547 3722 Quocirca
1558 3648 1752 3712 mandamus
1773 3645 1858 3712 vobis
1880 3647 1915 3710 in
1930 3649 2053 3711 virtute
2066 3665 2137 3712 sau-

1386 3748 1455 3806 ctae
1477 3740 1683 3814 obedientiae,
1707 3746 1743 3804 at
1761 3741 2064 3806 reverendissimum
2082 3760 2136 3823 pa-

1386 3842 1466 3899 trem
1488 3837 1528 3900 N.
1546 3842 1711 3916 tarreguam
1726 3836 1886 3899 ricarium
1901 3836 2102 3900 visitatorem
2117 3853 2136 3899 a

1385 3929 1475 3995 nobis
1496 3931 1683 4012 deputatum
1697 3931 1874 4012 recipiatis,
1896 3931 1985 4010 eigue
2000 3929 2135 3995 debitam

1385 4027 1598 4090 reverentiam
1613 4031 1643 4088 et
1657 4023 1867 4090 obedientiam
1882 4025 1979 4089 iurata
1994 4026 2136 4088 commis·

1384 4137 1456 4183 eum
1477 4120 1540 4203 ipsi
1561 4119 1697 4200 officiam
1722 4117 1909 4182 eabibeatis.
1940 4117 1975 4182 Si
1997 4119 2136 4198 quirilli

1385 4215 1605 4279 contradicere
1627 4231 1727 4278 artsus
1740 4213 1854 4294 fuerit,
1870 4213 2008 4284 noverit,
2021 4231 2054 4276 se
2067 4229 2137 4274 suo*

1384 4327 1458 4372 rum
1479 4314 1625 4372 votorum
1647 4313 1916 4388 transgressorem
1932 4307 2016 4390 fore.
2042 4307 2135 4370 Beue-

1385 4403 1481 4466 dictio
1496 4403 1539 4465 sit
1552 4417 1648 4484 super
1670 4399 1856 4465 obedientes.
1881 4400 2001 4464 Datum
2025 4402 2061 4464 in
2075 4417 2135 4463 mo·

1384 4498 1526 4560 austerio
1542 4497 1595 4567 Ν.,
1613 4496 1662 4558 die
1682 4495 1736 4565 Ν.,
1760 4511 1865 4558 mense
1886 4493 1941 4566 Ν.,
1965 4513 2054 4558 auno
2076 4495 2115 4558 N.

1425 4589 1528 4655 Abbas
1549 4589 1720 4672 generalis,
1735 4589 1789 4652 vel
1811 4587 1990 4670 hegumeni,
2008 4589 2073 4653 vel
2085 4587 2134 4653 ab·

1384 4683 1440 4750 bas
1461 4685 1646 4768 provinciae
1666 4683 1706 4746 ll.
1730 4715 1768 4729 -
1791 4683 1875 4746 Loco
1890 4683 1913 4760 †
1928 4683 2040 4762 sigilli.

1424 4798 1471 4842 ιιι.
1495 4779 1598 4842 Lectis
1612 4778 1646 4841 in
1661 4777 1913 4856 congregatione
1929 4777 2060 4851 litteris,
2075 4785 2132 4838 sta·

1383 4875 1442 4937 tim
1464 4891 1577 4938 ornnes
1600 4874 1835 4951 genuflectent,
1859 4878 1993 4950 excepto
2017 4871 2130 4935 vicario

1382 4969 1566 5046 visitatore;
1591 4968 1707 5032 deinde
1728 4972 1900 5044 surgentes
1920 4967 2084 5030 deducunt
2096 4965 2129 5026 il·

1383 5064 1451 5127 lum
1473 5064 1506 5127 in
1529 5063 1693 5127 ecclesiam
1716 5060 1871 5123 adextris
1889 5059 2009 5123 abbatis
2026 5075 2128 5122 mona-

1382 5160 1473 5222 sterii
1496 5158 1736 5238 procedentem.

1424 5252 1455 5315 Si
1477 5253 1571 5316 abbas
1594 5251 1752 5330 generalis
1771 5256 1824 5312 aut
1839 5249 1933 5312 abbas
1948 5248 2125 5330 provinciae
2162 5268 2206 5318 aaa
2219 5249 2304 5317 martiolo

2064 5344 2069 5355 ·
2142 5311 2304 5364 laciendausua
2358 5343 2359 5366 Χ

1382 5347 1596 5428 personaliter
1616 5347 1654 5410 ad
1675 5345 1871 5409 visitandum
1897 5352 2123 5409 monasterium
2141 5374 2178 5421 no.

1381 5442 1519 5516 veniret,
1550 5441 1721 5504 convocati
1742 5440 1779 5502 ab
1802 5438 1914 5502 abbate
1936 5440 1997 5503 loci
2022 5455 2123 5502 mona-

1381 5536 1517 5598 chorum
1540 5535 1801 5614 congregatione,
1819 5534 2010 5612 significabit
2024 5531 2123 5596 brevi-

1380 5635 1431 5692 ter
1453 5636 1489 5692 ut
1510 5635 1701 5710 praeparent
1716 5645 1751 5692 se
1766 5630 1803 5691 ad
1816 5629 2012 5692 reddendam
2034 5625 2122 5690 ratio·

1381 5741 1467 5798 nem,
1486 5739 1582 5802 quarn
1597 5724 1747 5802 sequenti
1762 5723 1813 5786 die
1833 5721 1965 5801 exigere
1980 5722 2119 5801 incipiet;

1381 5819 1497 5882 deinde
1519 5819 1672 5898 procedet
1692 5818 1754 5880 nni
1784 5833 1857 5880 cum
1883 5817 1994 5880 abbate
2020 5829 2120 5879 mona-

1380 5913 1472 5976 sterii
1491 5919 1524 5976 et
1545 5912 1709 5976 monacbis
1724 5913 1763 5974 ad
1777 5901 1953 5987 ecclesiam,
1970 5917 2006 5974 ut
2019 5923 2117 5988 supra.
