1290 1823
575 191 608 202 iun.
620 191 666 203 rowr.
678 192 698 203 m:
710 192 724 203 ι’,
736 192 751 203 F.
763 192 806 203 runs
816 192 827 203 Ι.

532 222 598 236 orentur
609 221 640 236 viri
652 221 688 236 reli-

531 245 544 259 et
552 244 688 264 congregationis,

531 267 545 283 el
556 267 646 283 oblatorum
661 272 689 283 no-

536 290 628 310 regularem
639 291 688 306 vitam

531 317 553 331 ur.
560 315 576 329 et
582 313 637 329 habitu
643 315 688 329 utan-

531 337 563 352 irco
572 337 628 353 eadem
636 339 689 353 aucto-

531 360 649 380 xemptionem,
664 361 688 376 uti

532 388 557 402 ns,
566 387 606 403 quae
613 384 633 399 ab
640 384 688 399 huius

532 407 568 426 egio
579 411 607 422 seu
618 411 627 422 a
637 407 688 422 conci-

531 430 630 446 titutionihus
638 434 655 446 ac
662 434 688 450 pe·

531 453 572 469 tituti
586 454 647 473 regulis
658 454 688 469 ori-

531 481 538 492 s
546 477 583 496 ipsis
591 477 645 492 lavere
653 481 688 497 pos-

531 500 549 516 ,ἰο
557 500 617 516 nullius
625 501 688 516 roboris

531 523 596 539 visitatio
603 526 619 539 et
626 526 688 544 aposto-

531 551 567 562 ,ιιι-3.
582 547 688 563 Proliibemus

531 574 545 585 is
559 574 567 585 a
578 574 660 590 quoquam
672 570 688 586 in

531 597 629 613 uaseumque
635 598 688 609 exem-

531 620 557 632 iae
568 617 594 632 vel
604 617 689 633 imminue-

533 640 605 659 mpedire
617 642 687 660 possent,

531 666 566 678 ium
577 663 659 679 obtineant
666 664 689 679 ei>

531 712 540 724 n
555 709 648 725 auctoritate
661 715 689 726 no-

531 733 545 747 et
551 732 619 752 singulis
625 734 688 753 regula-

533 757 547 771 ta
555 756 631 774 existunt,
640 757 688 773 etiam

531 783 534 794 ε
547 779 645 798 officialibus,
659 780 688 796 mi-

531 802 590 821 indacis
598 803 688 822 apostolicis

534 829 544 841 n
555 825 615 841 virtute
625 826 688 842 sanctae

531 853 534 863 ι
548 850 596 868 atque
606 849 686 868 iubemus,

534 876 550 887 m
561 874 577 888 et
588 872 687 889 visitatorem

531 895 600 915 excipere
606 898 622 911 et
628 897 686 915 vereri,

531 923 536 934 Ξ
543 919 644 939 obsequium,
651 920 688 936 sub-

531 942 569 958 'ibus
577 943 655 962 cuiusque
663 947 687 959 re-

531 969 553 981 rus
559 967 636 985 potestate
642 967 687 986 quid-

531 988 565 1007 lios,
577 989 612 1004 sive
622 989 638 1005 in
650 990 687 1006 scri-

531 1012 544 1030 ¹i,
553 1012 653 1031 consulendi,
661 1013 688 1029 de*

533 1039 547 1053 e.
556 1036 654 1052 imminuere
662 1037 687 1052 vel

531 1062 574 1074 mare
582 1059 632 1078 possit
640 1059 688 1075 huius

531 1086 548 1097 ae
560 1082 655 1098 visitationis
666 1083 688 1099 ei-

533 1128 569 1144 bilis
577 1129 632 1148 irater,
639 1130 655 1145 in
663 1134 688 1145 re-

544 1156 595 1168 novae
611 1153 688 1169 Granatae

531 1179 534 1190 i
550 1175 641 1194 tribuimus,
657 1180 688 1196 qua

532 1202 552 1214 eu
565 1199 648 1218 generales
661 1204 688 1215 cu-

533 1222 544 1237 ti
557 1221 639 1240 fruuntur,
652 1226 688 1242 pro-

531 1245 557 1260 :ite
568 1247 584 1260 et
595 1245 647 1261 valide
656 1248 687 1261 tam

531 1268 573 1283 iriori
581 1269 688 1285 conscientiae

531 1295 545 1307 ·e
552 1291 686 1311 iurisdictionem,

531 1319 542 1329 τε
558 1319 586 1330 seu
598 1315 687 1331 ordinarios

531 1339 569 1353 item
584 1340 599 1353 te
614 1338 688 1355 laenitate

531 1366 533 1375 ι
541 1361 594 1377 omnia
601 1363 617 1377 et
624 1362 687 1381 singula

531 1384 615 1400 iitulorurn
623 1386 688 1405 provin-

531 1407 569 1426 rint,
577 1408 625 1424 etiarn
635 1409 687 1428 quoad

531 1431 605 1447 immodo
612 1431 629 1447 in
637 1432 656 1447 iis
663 1436 687 1448 oe-

531 1458 543 1472 e,
550 1454 606 1470 saltem
615 1455 688 1471 substan-

539 1478 579 1494 sacri
589 1482 663 1496 canones,
672 1481 688 1494 et

531 1501 557 1517 ,uti
565 1502 688 1517 constitutiones

534 1529 540 1540 s
548 1526 600 1540 actum
608 1525 663 1543 luerit,
670 1529 688 1541 ea

717 221 761 237 nulla
771 223 787 237 et
798 221 892 240 neutiquam
903 221 955 237 valida
962 221 991 237 tibi
998 221 1091 236 declaranda

717 246 770 263 erunt,
778 246 794 260 et
805 245 824 260 ad
835 248 917 260 sacrorum
925 248 1004 260 canonum
1012 246 1059 263 atque
1067 248 1091 260 ea-

717 268 792 284 rumdem
806 268 940 284 constitutionum
956 271 1029 283 normam
1044 268 1091 283 redu-

717 291 771 309 cenda,
783 291 878 311 praesertim
888 291 933 306 iuxta
943 291 1027 306 decretum
1035 295 1043 306 a
1050 290 1091 306 Con-

716 314 753 330 cilio
764 314 858 330 Tridentino
866 314 927 330 editum
935 314 1007 330 sessione
1014 318 1052 329 xxv.
1060 314 1090 329 No-

716 338 771 353 lumus
786 339 839 353 tamen
853 337 905 357 aliqua
915 339 935 354 ,te
946 338 969 353 uti
981 337 1090 353 iurisdictione

716 363 732 377 et
743 361 818 376 facultate
829 361 845 376 in
856 360 939 379 moniales,
951 361 982 376 nisi
993 361 1009 376 in
1020 364 1046 376 eas
1058 362 1090 376 tan-

716 386 757 402 tum,
769 388 810 403 quae
820 384 921 403 regularium
930 384 1039 403 praelatorum
1047 385 1090 403 pote-

716 408 752 423 stati
766 407 901 425 subiiciebantur,
919 407 963 422 salvo
978 411 1045 427 prorsus
1055 407 1091 423 iure

716 432 764 450 atque
775 431 869 446 auctoritate
879 430 896 446 in
907 430 983 450 reliquas,
995 430 1008 445 si
1016 430 1090 448 existant.

716 454 735 469 ad
746 454 815 469 sormam
828 453 901 469 eiusdem
917 453 1006 469 Tridentini
1021 454 1089 472 decreti,

716 477 818 497 singulorum
827 476 954 495 ommni-iorum,
965 481 1035 496 quorum
1042 477 1091 493 subii-

716 501 781 516 ciuntur
794 500 907 516 iurisdictioni.
922 500 943 516 Ut
953 502 1013 519 autem,
1025 504 1091 516 venera-

716 524 752 539 hilis
764 523 818 542 irater,
831 523 905 539 salutaria
915 523 966 543 possis
979 524 1055 540 adhihere
1066 528 1091 540 re>

717 547 768 563 media
776 547 827 564 malis.
836 550 877 566 quae
884 547 926 566 apud
933 547 1017 566 regulares
1025 547 1090 563 invene-

717 570 744 588 ris,
756 570 784 585 tibi
795 570 854 585 eademv
862 570 956 586 auctoritate
967 572 1021 586 nostra
1029 572 1090 590 aposto·

717 594 751 612 lica,
762 595 858 613 potestatem
868 593 960 611 tribuimus.
969 597 1000 613 qua
1008 594 1090 613 regulares

717 617 824 637 professiones
835 621 868 632 non
879 616 910 632 rite
920 617 992 635 emissas,
1004 617 1090 633 electiones

716 644 724 656 a
735 640 860 660 provincialibus
868 642 884 655 et
891 640 970 659 cuiusque
977 640 1055 659 coenobii,
1062 645 1090 656 seu

717 664 760 679 domi
771 663 900 679 moderatoribus
914 667 946 679 non
960 663 1032 683 legitime
1043 664 1090 680 lactas

717 687 808 705 confirmes,
820 687 906 702 missarum
914 691 963 702 onera
970 687 1018 702 etiam
1026 691 1090 703 manua-

716 710 756 726 lium
768 710 835 726 minime
846 710 911 730 impleta
921 714 950 729 per
957 710 1090 726 condonationem

717 738 745 749 seu
756 733 895 753 compositionem.
910 735 959 753 prout
972 734 1023 753 magis
1034 734 1050 749 iu
1061 734 1090 750 Do-

717 757 761 772 mino
771 756 848 776 expedire
859 756 946 776 putaveris,
956 757 1034 774 remittas,
1042 761 1060 772 ae
1067 757 1090 773 iu-

715 780 744 796 stis
755 780 863 799 gravibusque
873 780 893 795 de
904 780 960 798 causis,
969 780 1020 799 iisque
1028 784 1090 800 perma-

715 803 791 819 nentibus
805 803 883 822 cuiusque
895 803 915 823 pii
926 803 975 823 legati
986 805 1003 819 et
1013 804 1090 824 cappella-

715 827 750 842 niae
758 831 806 842 onera
813 826 872 842 futuris
878 827 978 846 temporibus
986 829 1050 843 servato
1056 831 1089 843 mo-

715 850 735 866 do
746 852 762 866 et
776 850 827 866 torma
839 854 847 865 a
858 850 885 865 iel.
899 854 931 866 rec.
947 850 1033 866 Benedicta
1048 850 1088 866 XIV.

715 873 837 893 praedecessore
849 875 904 889 nostro
914 873 931 889 iu
942 878 992 893 opere
1000 874 1019 889 de
1027 874 1089 893 synodo

715 897 807 913 dioecesana
815 897 843 912 lib.
850 901 893 917 lun-v
903 901 936 916 cap.
944 901 990 913 xxm,
998 898 1055 913 tradita
1065 902 1089 914 re-

715 921 762 937 ducas
773 922 790 936 et
800 920 892 938 imminuas,
904 922 952 940 atque
963 925 971 935 a
982 921 1054 937 censuris
1064 921 1090 937 ab·

715 944 773 962 solvas,
784 948 824 963 quas
835 944 918 963 regulares
930 944 950 960 ob
961 944 994 964 ipsa
1004 945 1089 961 missarum

715 972 763 983 onera
774 967 890 985 contraxerint,
902 967 974 986 itemque
983 972 1010 983 eos
1018 972 1026 983 a
1034 972 1090 984 censu>

714 991 736 1006 ris
748 990 828 1010 expedias,
837 990 895 1009 quibus
903 990 972 1006 devincti
981 991 1046 1009 luerint,
1055 993 1089 1007 tuin

714 1014 728 1030 si
739 1014 819 1032 donarint,
831 1013 938 1031 vendiderint.
950 1014 1063 1033 pei-mutarint,
1073 1017 1090 1031 et

715 1041 818 1057 quocumque
833 1036 881 1052 modo
895 1040 921 1052 res
932 1037 950 1052 ad
965 1037 1048 1056 regulares
1062 1038 1089 1054 do-

715 1065 755 1078 rnos,
764 1060 791 1076 vel
802 1060 845 1080 ipsos
853 1060 937 1079 religiosos
945 1060 1045 1079 pertinentes
1052 1061 1089 1077 alie-

715 1084 773 1102 narint,
785 1086 820 1099 tum
831 1083 844 1099 si
854 1083 943 1099 simoniaca
951 1083 986 1099 labe
993 1083 1048 1099 intecti
1056 1084 1089 1101 iue-

715 1107 752 1125 rint,
760 1107 786 1122 vel
791 1107 808 1122 in
814 1106 925 1126 superioribus
931 1106 1016 1126 eligendis,
1024 1107 1049 1123 vel
1055 1108 1089 1124 aliis

714 1130 731 1145 iu
742 1130 790 1145 rebus
804 1130 905 1149 peragendis.
917 1130 941 1145 Ex
952 1130 1010 1149 quibus
1024 1131 1089 1150 quidem

715 1153 789 1169 omnihus
797 1153 893 1168 venerabilis
901 1153 956 1171 frater,
964 1153 1036 1173 profecto
1043 1154 1090 1170 intel-

715 1176 751 1196 ligis
760 1176 853 1192 huiusmodi
861 1176 974 1195 gravissimum
985 1181 1023 1192 sane
1031 1181 1089 1193 munus

715 1200 743 1215 tihi
754 1204 762 1215 a
773 1199 819 1215 nobis
830 1203 848 1214 ea
860 1201 914 1214 mente
925 1201 941 1214 et
950 1199 1018 1215 consilio
1025 1204 1089 1216 cancre<

715 1223 765 1239 ditum
780 1223 835 1240 ruisse.
847 1224 866 1238 ut
876 1222 892 1238 iu
903 1226 945 1238 nova
960 1222 1089 1243 Gran-narem-

715 1246 764 1262 larem
779 1246 880 1265 disciplinam
894 1246 983 1264 instaures,
1000 1246 1089 1266 damnaque

715 1269 773 1287 omnia,
785 1269 798 1284 si
810 1273 850 1288 quae
865 1269 969 1288 irrepserint,
985 1273 1014 1289 pro
1028 1270 1089 1286 viribus

715 1292 803 1308 amovenda
818 1296 870 1307 cures.
884 1292 917 1307 Hoc
927 1296 973 1310 vero,
985 1296 1018 1311 quo
1029 1293 1089 1309 facilius

715 1317 762 1335 atque
773 1315 875 1331 commodius
889 1315 967 1335 consequi
978 1316 1034 1335 possis,
1046 1318 1089 1336 pote-

714 1340 771 1354 statem
783 1339 811 1354 tibi
819 1339 886 1354 facimus
895 1339 966 1358 eligendi
973 1339 1017 1355 viros
1025 1339 1089 1360 religio-

714 1366 740 1378 sos
748 1366 813 1378 morum
821 1362 905 1382 probitate,
914 1362 991 1381 doctrina,
998 1363 1088 1382 prudentia,

715 1387 731 1401 et
741 1389 797 1401 rerum
810 1386 918 1405 gerendarum
933 1386 990 1405 peritia
1004 1388 1088 1406 spectatos,

715 1413 785 1428 quorum
795 1409 853 1424 vicaria
861 1409 911 1424 utaris
919 1413 972 1429 opera.
981 1409 1007 1425 vel
1015 1410 1031 1425 in
1039 1410 1090 1425 omni-

715 1433 744 1448 bus
759 1432 830 1452 agendis,
846 1432 872 1448 vel
888 1432 917 1448 alia
932 1434 995 1448 tantum
1006 1433 1023 1448 in
1034 1437 1052 1449 re
1063 1437 1090 1452 ge-

715 1456 764 1471 renda
775 1456 816 1475 apud
826 1459 852 1471 eas
860 1456 944 1475 regulares
953 1456 1009 1471 domos
1016 1460 1045 1472 seu
1053 1460 1090 1472 con-

715 1480 779 1497 ventus,
786 1483 819 1498 quo
826 1479 899 1495 locorum
906 1479 1030 1498 longinquitate,
1037 1479 1090 1495 aliove

714 1502 831 1521 impedimento
843 1503 865 1520 tu,
877 1502 975 1517 venerabilis
986 1502 1042 1521 irater,
1053 1506 1089 1522 per-

715 1529 763 1545 agere
775 1525 842 1541 minimo
853 1525 919 1545 poteris.
928 1525 963 1541 Tibi
971 1525 1021 1545 igitur
1028 1526 1051 1541 i'as
1058 1526 1090 1542 erit

1107 186 1134 200 An.
1141 187 1157 200 C.
1171 187 1209 199 1855
