4864 6994
303 541 489 596 An.o.1sar
541 545 561 605 8

521 678 723 742 videbantur.
754 679 835 743 Cum
858 681 944 742 enim
970 681 1078 743 civitas
1106 687 1138 740 et
1163 679 1265 741 distri-

522 777 590 832 ctus
618 771 792 834 Galviensis
815 775 851 835 ad
879 774 1075 852 provinciam
1105 778 1265 850 metropo-

522 862 650 924 litanam
683 863 933 928 Gannociensem
967 857 1164 945 pertineant,
1196 865 1265 926 iura

522 957 809 1035 metropoliticam
835 960 927 1020 illum
956 960 1197 1036 guardianatum
1221 974 1265 1018 as-

520 1055 605 1110 serta
626 1049 768 1123 fuerunt,
794 1044 905 1114 emissa
924 1053 1136 1115 declaratione
1151 1052 1189 1114 ad
1204 1051 1265 1112 lle·

524 1143 751 1219 tropolitauum
764 1151 908 1222 spectare
923 1145 971 1207 ius
987 1145 1173 1206 visitationis
1188 1160 1265 1221 quo-

522 1234 601 1296 libet
616 1236 755 1298 triennio
771 1238 930 1300 faciendae
942 1239 975 1300 in
991 1256 1029 1300 eo
1045 1238 1263 1315 guardianatu,

524 1335 555 1390 et
576 1329 803 1408 appellationes
826 1350 841 1392 a
862 1333 1020 1394 sententia
1043 1332 1208 1410 guardiani
1233 1333 1266 1393 in

524 1424 662 1484 secunda
683 1423 830 1486 instantia
852 1427 1050 1504 excipiendi3
1075 1427 1266 1504 exponendo

524 1516 674 1578 disertius
686 1518 771 1580 inter
786 1525 909 1580 caetera
922 1528 952 1580 et
965 1520 1163 1591 declarando,
1181 1519 1267 1596 quod

524 1611 559 1672 ad
583 1613 783 1675 asserendam
806 1619 838 1674 et
857 1614 1074 1692 explicandam
1101 1614 1266 1692 guardiani

524 1703 775 1768 iurisdictionem
788 1707 820 1768 in
833 1707 945 1784 primis
959 1708 1173 1769 necessarium
1187 1714 1265 1780 erat,

523 1814 556 1858 ac
578 1797 673 1858 etiam
696 1805 743 1858 est
763 1799 930 1872 sancitum,
954 1808 991 1860 ut
1016 1800 1180 1876 guardiani
1204 1799 1267 1862 ele·

523 1890 585 1952 ctio
607 1907 671 1952 non
693 1893 874 1968 quotannis,
890 1894 946 1954 sed
962 1893 1107 1970 quolibet
1127 1895 1268 1956 triennio

523 1984 627 2055 fieret,
651 1990 683 2045 et
712 1985 861 2047 collatum
893 2003 1011 2049 rnunus
1042 1988 1208 2064 guardiani
1230 1988 1267 2049 ad

524 2083 587 2138 tres
609 2093 707 2140 annos
730 2078 761 2140 in
783 2087 948 2156 posterum
972 2081 1172 2159 perduraret.

304 2171 432 2226 Expositio
453 2182 504 2226 vre-
563 2170 631 2244 §.b
655 2171 854 2247 Frequentes
875 2173 908 2234 in
930 2180 1094 2251 posterum
1124 2176 1161 2236 ad
1189 2175 1268 2239 lianc

291 2234 349 2322 iffi
372 2231 503 2322 affirm·
525 2263 669 2326 Sanctam
683 2264 799 2327 Sedern
821 2266 932 2328 allatae
955 2267 1082 2328 fuerant
1104 2267 1265 2344 querelae,

291 2331 331 2428 {⁵3
345 2329 504 2446 ῑῇῗξῖιῖἣῗὲῗ
524 2373 563 2419 ex
586 2357 701 2434 quibus
728 2358 898 2435 apparebat
919 2358 1011 2420 valde
1040 2359 1167 2421 difficile
1198 2376 1266 2422 eva·

291 2435 503 2545 {fflggssfflffi'fffif
522 2451 608 2522 sisse,
633 2450 722 2511 eain
745 2451 955 2512 electionibus
978 2453 1143 2528 guardiani
1170 2460 1202 2515 et
1221 2455 1267 2514 vi-

522 2543 682 2605 cariorum
693 2559 834 2617 servare,
850 2560 929 2620 quae
945 2545 982 2606 ad
998 2545 1169 2622 negocium
1185 2547 1268 2607 eius-

523 2638 608 2699 modi
632 2653 802 2700 cumvexa
831 2637 989 2700 Ecclesiae
1018 2639 1156 2701 utilitate
1179 2655 1267 2717 pera·

523 2733 666 2811 gendum
681 2731 860 2795 necessario
881 2733 1003 2794 servari
1026 2732 1154 2795 debent.
1179 2733 1267 2794 'lates

522 2826 666 2906 profecto
682 2827 793 2889 literae
810 2843 875 2888 non
889 2827 993 2890 solum
1011 2844 1027 2888 a
1045 2825 1267 2889 Gonnociensis

523 2919 716 3000 provinciae,
729 2919 783 2980 sed
800 2919 895 2982 etiam
911 2937 926 2981 a
942 2920 1141 2996 reliquarum
1157 2918 1267 2981 lliber-

523 3017 594 3080 niae
615 3015 854 3094 provinciarum
883 3014 1044 3091 Episcopis
1070 3013 1205 3091 scriptae
1234 3030 1267 3075 ac

523 3111 683 3190 probatae,
697 3109 734 3170 ad
750 3109 829 3170 banc
843 3122 963 3169 sacram
974 3107 1267 3184 Congregationem

524 3205 563 3266 de
584 3203 788 3280 Propaganda
810 3201 885 3262 Fide
908 3201 1042 3261 fuerunt
1055 3200 1181 3272 missae,
1200 3203 1268 3278 qui-

524 3298 581 3360 bus
604 3295 848 3374 exponebantur
864 3295 1004 3356 rationes
1021 3311 1131 3356 omnes
1148 3296 1267 3372 gravis-

522 3393 621 3454 simae
642 3389 846 3466 requirentes
870 3389 1011 3460 omnino,
1029 3395 1065 3449 ut
1086 3389 1122 3450 ad
1139 3389 1268 3466 religio·

524 3487 572 3548 nis
594 3483 765 3546 catholicae
788 3483 909 3544 bonurn
929 3475 1047 3544 civitati
1064 3489 1096 3543 et
1111 3482 1268 3544 districtui

524 3577 682 3642 Galviensi
698 3577 936 3654 procurandum
960 3576 1169 3638 ecclesiastica
1184 3575 1269 3637 illius

524 3671 666 3748 regionis
682 3669 814 3744 negocia
837 3667 934 3729 Sedes
948 3667 1127 3745 Apostolica
1142 3685 1270 3746 compo-

524 3763 628 3824 nenda
655 3761 850 3839 susciperet,
881 3761 1031 3837 quoniam
1064 3777 1115 3821 eas
1146 3777 1267 3834 causas,

525 3874 605 3934 quae
620 3857 781 3918 laudatum
794 3855 979 3916 Pontificem
995 3854 1217 3916 Innocentium
1233 3855 1270 3916 ad

525 3951 617 4012 illum
641 3949 882 4026 guardianatum
913 3949 1149 4010 instituendum
1176 3949 1271 4010 addu-

525 4049 649 4115 xerant,
664 4043 726 4103 iarn
742 4033 876 4120 amplius
892 4057 956 4102 non
968 4042 1076 4102 adesse
1089 4042 1271 4104 luculenter

527 4136 748 4207 ostendebant,
774 4135 874 4196 etius
897 4151 953 4195 seu
977 4135 1185 4212 privilegium
1208 4135 1271 4196 ele-

526 4231 668 4293 ctionum
692 4229 729 4290 ab
752 4245 790 4290 eo
819 4244 1017 4300 concessum,
1048 4235 1143 4304 atque
1166 4247 1182 4289 a
1203 4229 1272 4291 Cle-

527 4331 636 4386 mente
659 4322 714 4383 PP.
733 4321 797 4382 llll.
822 4322 1058 4393 confirmatum,
1083 4322 1124 4382 ita
1146 4321 1272 4400 irregu-

526 4418 637 4479 lariter
659 4415 804 4476 exerceri
832 4414 1025 4486 dictitabant,
1052 4422 1089 4476 ut
1116 4417 1272 4478 maximae

528 4509 646 4576 civium
662 4506 891 4585 partiomnino
912 4507 1128 4588 incongruum
1147 4509 1272 4570 videre-

528 4611 591 4674 tur,
609 4618 668 4664 nec
683 4607 788 4679 posset
808 4600 877 4662 sinc
899 4601 1019 4662 ambitu
1040 4609 1071 4662 et
1085 4601 1154 4662 sine
1172 4602 1272 4664 turbis

529 4697 678 4759 aflectum
700 4711 794 4756 suum
809 4695 928 4756 sortiri.
954 4694 1035 4756 Talis
1058 4696 1190 4758 demum
1207 4712 1272 4758 om-

528 4790 618 4852 nium
634 4805 744 4850 rerum
769 4795 816 4850 est
830 4788 908 4850 facta
924 4791 1091 4868 expositio,
1108 4797 1145 4852 ut
1163 4797 1272 4868 aperte

529 4883 708 4946 constiterit
728 4882 766 4944 ad
794 4882 965 4944 catholicae
993 4883 1161 4960 religionis
1189 4883 1273 4944 utili-

528 4983 637 5046 tatem,
662 4976 699 5036 ad
722 4975 923 5037 ecclesiastici
946 4976 1066 5037 ordinis
1079 4976 1274 5048 servandum

530 5070 625 5131 alecus
647 5085 680 5128 ac
702 5068 910 5146 disciplinam,
928 5068 963 5129 ad
981 5068 1077 5129 totius
1100 5069 1207 5145 gregis
1222 5086 1274 5130 cu-

529 5178 596 5222 ram
618 5161 816 5238 spiritualem
837 5161 996 5222 salubrius
1024 5162 1197 5238 gerendam
1220 5179 1274 5224 ne-

530 5273 615 5318 cesse
637 5255 706 5317 fore
728 5255 869 5334 Galviam
892 5255 1024 5332 eiusque
1044 5255 1222 5317 districtum
1237 5257 1275 5319 ad

530 5367 599 5412 eam
622 5348 823 5411 ecclesiastici
851 5348 1019 5425 regiminis
1046 5348 1181 5412 formam
1204 5365 1275 5428 per-

531 5445 659 5517 ducere,
684 5459 765 5520 quae
786 5443 976 5504 universalis
1006 5444 1164 5506 Ecclesiae
1187 5443 1275 5504 disci-

530 5539 635 5617 plinae
650 5555 684 5600 ac
703 5537 855 5614 regimini
877 5554 935 5615 per
957 5545 1085 5600 cunctas
1106 5537 1276 5598 Hiberniae

531 5639 636 5710 partes
659 5647 788 5708 prorsus
811 5637 894 5691 esset
914 5636 1135 5692 consentanea.

347 5739 511 5785 conctnuauo
571 5724 639 5799 ἐῢ.
664 5723 696 5785 ld
718 5731 825 5784 autem
856 5741 920 5785 nou
949 5724 1042 5785 aliter
1071 5723 1151 5784 ellici
1174 5738 1274 5799 posse,

299 5805 410 5851 precum.
531 5819 592 5880 nisi
626 5817 768 5880 Galviam
802 5818 835 5880 in
868 5818 1028 5896 propriam
1066 5816 1277 5896 episcopalem

532 5911 702 5974 dioecesim
724 5931 739 5973 a
761 5912 892 5974 caeteris
922 5911 1070 5973 omnibus
1098 5910 1277 5972 distinctam

1039 563 1104 608 run.
1127 563 1218 607 nour.
1243 544 1283 607 nx
1304 563 1335 606 r.
1359 563 1388 606 r.
1412 563 1496 610 sans
1518 567 1539 610 r.

2099 549 2152 602 An.
2166 548 2196 602 0.
2219 549 2292 604 1831

1322 679 1487 758 erigendo,
1513 687 1581 744 turn
1604 683 1681 744 cleri
1704 689 1772 744 tum
1794 682 1903 763 populi
1922 682 2067 746 Galvien·

1321 773 1363 833 sis
1386 789 1497 835 omnes
1519 775 1646 838 ordines
1668 773 1880 837 declararunt.

1361 864 1429 939 56.
1453 867 1543 930 Hunc
1564 869 1598 929 in
1619 867 1717 930 finem
1739 885 1781 928 sa.
1806 884 1869 930 me.
1891 869 1963 931 Pius
1986 865 2064 932 Vlll.
2126 877 2308 940 adnunciatio

1320 957 1432 1020 itidem
1461 960 1684 1037 praedecessor
1715 967 1824 1023 noster
1853 977 1927 1023 ven.
1952 961 2066 1024 fratres
2086 931 2310 1046 ft'fffffofd'l

1322 1051 1476 1114 Thomam
1499 1052 1589 1131 Kelly
1606 1054 1796 1134 Episcopum
1819 1055 2066 1118 Bromorensem
2087 1047 2162 1083 ‘⁰⁰⁸¹'

1322 1163 1356 1205 ac
1377 1145 1585 1207 Guillelmum
1601 1146 1710 1225 Crolly
1726 1148 1917 1227 Episcopum
1940 1148 2067 1211 Dunen-
2083 1177 2086 1181 ·

1321 1245 1443 1300 semet
1471 1239 1710 1302 Gannorensem
1739 1241 1778 1302 de
1807 1241 1964 1319 praefatae
1986 1241 2067 1304 (lon-

1324 1333 1518 1408 gregationis
1546 1334 1679 1396 consilio
1708 1333 1849 1396 Galviam
1879 1335 1965 1396 misit
1993 1351 2067 1397 curn

1321 1425 1386 1485 suis
1400 1425 1433 1486 in
1449 1424 1551 1486 forma
1571 1425 1679 1488 brevis
1702 1427 1879 1505 apostolicis
1900 1427 2001 1490 literis
2017 1428 2067 1490 da·

1323 1517 1362 1579 tis
1383 1518 1435 1581 die
1455 1519 1667 1582 sextadecima
1687 1521 1768 1583 iunii
1789 1537 1872 1583 anno
1894 1521 2066 1584 millesimo

1324 1611 1592 1689 octingentesimo
1616 1614 1794 1692 trigesimo,
1825 1615 1941 1692 quibus
1963 1620 2066 1678 osten·

1324 1706 1471 1776 debatur,
1504 1707 1643 1787 praefato
1675 1707 1880 1770 Bromorensi
1912 1709 2066 1787 Episcopo
2159 1708 2162 1716 '

1323 1814 1386 1860 una
1408 1815 1481 1861 cum
1503 1807 1681 1862 memorato
1703 1801 1858 1881 Episcopo
1872 1800 2012 1863 Dunensi
2035 1808 2068 1864 et

1324 1891 1523 1954 Connorensi
1555 1909 1672 1955 munus
1704 1893 1741 1954 ab
1774 1893 1953 1972 Apostolica
1985 1892 2067 1956 Sede

1325 1985 1422 2046 fuisse
1444 1985 1606 2059 collatum,
1630 1992 1666 2049 ut
1690 1987 1901 2049 conciliatoris
1930 2002 2068 2050 munere

1324 2077 1463 2156 fungens
1479 2080 1689 2142 ecclesiastica
1708 2080 1885 2142 Galviensis
1907 2081 2067 2143 districtus

1325 2173 1456 2248 negocia
1479 2178 1658 2250 opportuna
1673 2173 1825 2235 methodo
1847 2175 2068 2251 componenda

1324 2271 1465 2326 curaret:
1481 2265 1567 2341 quod
1578 2265 1637 2327 sibi
1652 2265 1788 2328 feliciter
1803 2267 1975 2344 contigisse
1988 2267 2067 2328 item

1325 2356 1460 2418 Thomas
1482 2358 1653 2437 Episcopus
1675 2361 1876 2423 renunciavit
1900 2360 1982 2422 binis
2004 2361 2068 2439 epi·

1322 2449 1412 2511 stolis
1435 2451 1512 2511 datis
1534 2451 1656 2513 decima
1678 2453 1771 2514 tertia
1793 2459 1825 2516 et
1845 2453 2000 2530 vigesima
2020 2469 2068 2516 se·

1323 2544 1425 2605 cunda
1447 2543 1557 2605 diebus
1572 2545 1747 2622 superioris
1764 2545 1910 2618 octobris,
1928 2563 2067 2611 asseren-

1324 2637 1363 2698 do
1386 2637 1614 2700 universorum
1637 2639 1786 2701 ordinum
1807 2640 1904 2718 ipsius
1934 2641 2068 2703 civitatis

1324 2747 1400 2808 erga
1422 2729 1539 2794 Sedem
1561 2731 1773 2810 apostolicam
1794 2734 1992 2811 singularem
2015 2735 2068 2796 ob-

1322 2825 1515 2886 servantiam
1551 2826 1730 2903 ardensque
1766 2827 1961 2890 desiderium
1996 2843 2068 2906 pro-

1324 2919 1424 2996 priam
1440 2919 1577 2980 habendi
1591 2919 1701 2980 sedem
1716 2919 1925 2998 episcopalem
1938 2921 2069 2984 Archio-

1323 3011 1450 3089 piscopo
1473 3011 1641 3072 Tuamensi
1656 3012 1899 3088 suffraganeam,
1915 3021 1953 3075 ut
1965 3013 2068 3076 subla·

1326 3111 1353 3166 ta
1368 3105 1428 3167 boc
1443 3111 1532 3182 pacto
1554 3105 1674 3166 veteris
1690 3105 1890 3168 ecclesiastici
1901 3107 2068 3185 regiminis

1324 3197 1426 3259 forma
1454 3198 1497 3260 ibi
1529 3197 1661 3274 vigente
1694 3198 1801 3274 gravia
1832 3215 1936 3278 usque
1967 3201 2069 3264 adbuc

1324 3307 1471 3370 perpessa
1492 3291 1694 3354 incommoda
1708 3291 1741 3352 in
1761 3299 1926 3370 posterum
1948 3282 2069 3358 eviten-

1324 3391 1387 3447 tur.

1363 3481 1382 3554 g
1404 3478 1431 3539 7.
1455 3477 1517 3540 Nos
1539 3478 1639 3556 igitur
1661 3485 1789 3556 accepto
1809 3486 1887 3544 voto
1913 3497 2070 3546 memora·
2105 3493 2309 3558 concremaro-

1326 3577 1374 3634 tae
1395 3588 1499 3634 sacrae
1521 3571 1787 3649 Congregationis
1809 3574 1848 3636 de
1867 3574 2070 3653 Propaganda
2089 3557 2235 3647 {flgsxssssm
2259 3557 2308 3593 ⁰⁰*

1324 3665 1412 3736 Fide,
1436 3671 1468 3726 et
1489 3666 1621 3726 admissa
1644 3666 1867 3744 guardianatus
1896 3669 2070 3731 Galviensis

1326 3758 1509 3819 dimissione
1529 3767 1643 3836 sponte
1665 3759 1744 3822 facta
1766 3775 1873 3822 aven.
1898 3761 1996 3824 fratre
2011 3763 2070 3824 Ed-

1326 3853 1448 3912 mundo
1470 3852 1592 3913 Ereucb
1617 3851 1772 3931 Episcopo
1797 3853 1948 3916 Buacensi
1971 3861 2002 3917 et
2023 3855 2071 3916 Fi-

1327 3944 1496 4006 naborensi
1509 3945 1546 4006 ad
1560 3961 1631 4006 suas
1646 3946 1807 4008 dioeceses
1821 3963 1890 4008 sese
1905 3948 2071 4011 conferen-

1328 4040 1367 4101 do
1383 4045 1501 4118 parato,
1516 4056 1550 4100 ac
1565 4039 1696 4118 iusuper
1711 4041 1850 4119 inspecta
1865 4049 1934 4104 tum
1950 4043 2071 4126 praedi-

1328 4133 1369 4194 cti
1401 4133 1566 4209 guardiani
1597 4133 1733 4205 Erencb,
1764 4141 1833 4196 tum
1862 4143 2071 4213 patronorum

1328 4226 1493 4298 laicorum,
1510 4241 1566 4286 seu
1583 4226 1726 4287 tribuum
1742 4227 1969 4300 Galviensium,
1986 4247 2071 4292 sum-

1329 4335 1379 4379 ma
1400 4334 1473 4380 cum
1496 4317 1589 4380 laude
1610 4325 1735 4396 peracta
1753 4322 1995 4384 renunciatione
2010 4325 2073 4402 pri·

1328 4412 1535 4488 vilegiorum,
1559 4425 1640 4487 quae
1669 4412 1820 4474 hactenus
1846 4413 1879 4474 in
1909 4417 2073 4490 guardiani

1329 4513 1361 4566 et
1388 4505 1582 4567 vicariorum
1612 4505 1822 4566 electionibus
1855 4508 2071 4582 obtinuerant,
2117 4507 2121 4514 '

1327 4599 1489 4674 simulque
1501 4597 1702 4674 reliquorum
1716 4599 1866 4660 ordinum
1878 4600 1996 4662 civium
2006 4601 2074 4664 Gal-

1328 4692 1499 4762 viensium,
1523 4692 1561 4754 de
1584 4690 1679 4752 rebus
1701 4692 1916 4756 ecclesiasticis
1938 4694 2075 4758 feliciter

1329 4785 1529 4847 absolvendis
1544 4785 1693 4848 concordi
1713 4787 1830 4860 animo,
1846 4787 2071 4860 sollicitudine,

1330 4879 1545 4956 omnibusque
1573 4879 1715 4958 plenarie
1745 4897 1778 4942 ac
1806 4881 1868 4942 rite
1897 4883 2072 4960 perpensis,

1330 4990 1369 5034 ex
1392 4979 1478 5034 certa
1498 4972 1629 5034 scientia
1652 4979 1684 5033 et
1705 4979 1828 5034 matura
1844 4973 2074 5038 deliberatione

1330 5066 1457 5137 nostris,
1473 5066 1576 5142 deque
1592 5065 1780 5143 apostolicae
1796 5068 1957 5144 potestatis
1974 5068 2075 5146 pleni-

1330 5161 1453 5232 tudine,
1475 5160 1602 5238 praevia
1623 5161 1858 5237 suppressione,
1879 5161 2075 5224 extinctione

1331 5262 1363 5318 et
1384 5255 1602 5316 annullatione
1623 5253 1878 5330 supradictorum
1892 5255 2075 5332 guardiana-

1331 5355 1381 5409 tus
1397 5355 1429 5410 et
1443 5347 1652 5409 vicariatuum
1674 5345 1902 5420 Galviensium,
1926 5348 2019 5408 firma
2034 5353 2076 5408 ta·

1332 5458 1407 5502 men
1430 5440 1628 5518 possessione
1649 5439 1869 5518 paroeciarum
1882 5455 1898 5500 a
1913 5439 2076 5502 modernis

1331 5535 1456 5596 vicariis
1484 5533 1662 5611 respective
1689 5533 1904 5604 obtentarum,
1929 5531 2076 5610 collegia-

1334 5635 1396 5706 tam
1412 5627 1577 5689 ecclesiam
1592 5626 1794 5688 Galviensem
1805 5625 1863 5686 sub
1875 5627 2077 5688 invocatione

1334 5720 1437 5782 Sancti
1449 5720 1567 5782 Nicolai
1581 5721 1618 5782 ad
1631 5721 1766 5796 gradum
1778 5718 1965 5780 cathedralis
1978 5719 2077 5783 eccle·

1331 5815 1395 5875 siae
1428 5813 1596 5875 evehimus
1629 5819 1661 5875 et
1690 5811 1892 5885 extollimus
1923 5813 2077 5890 illamque

1333 5907 1570 5986 metropolitico
1584 5907 1648 5968 iuri
1664 5921 1721 5986 pro
1744 5911 1890 5985 tempore
1912 5907 2077 5970 existentis
