4822 6986
357 485 409 534 nn.
425 487 454 535 r.
480 486 545 535 raro
596 483 656 548 368

577 623 628 684 dio
652 624 784 698 tollere,
812 625 940 703 tuisque
967 627 1155 704 praesertim
1179 625 1324 703 parochis

576 717 700 796 saepius
724 719 918 796 praecipere,
936 721 1086 782 mandare
1109 736 1172 782 non
1197 720 1324 781 destite-

576 810 631 878 ris.
650 811 738 872 utin
755 811 940 874 huiusmodi
963 813 1083 890 nuptiis
1100 811 1259 874 Ecclesiae
1276 828 1324 873 re-

577 904 667 980 gulas
689 921 704 964 a
728 904 819 966 nobis
842 913 874 966 et
893 905 1189 984 praedecessoribus
1206 907 1324 968 nostris

577 1003 665 1058 tanto
687 997 793 1058 studio
808 997 979 1060 inculcatas
1001 998 1245 1075 religiosissime
1259 1014 1325 1060 ser·

575 1097 663 1152 vent.

1097 505 1162 552 run.
1187 505 1278 550 ronr.
1303 505 1343 550 na
1365 504 1395 550 r.
1419 505 1449 550 r.
1473 506 1557 552 rans
1579 491 1608 552 1.'

1421 626 1439 699 ἓ
1460 625 1489 686 2.
1505 625 1544 686 Et
1560 625 1702 703 quidem,
1717 627 1803 703 quod
1818 625 1855 688 ad
1872 625 2128 690 benedictionem

1381 719 1505 790 attinet,
1530 735 1611 790 eam,
1636 719 1738 784 veluti
1762 721 1882 798 optime
1910 720 2029 790 noscis,
2054 720 2130 782 haec

1382 811 1563 888 apostolica
1586 813 1685 874 Sedes
1709 813 1882 892 prohibere
1909 813 2078 875 consuevit
2099 813 2131 874 in

1383 904 1445 964 illis
1468 920 1598 982 quoque
1620 907 1848 978 matrimoniis,
1874 922 1955 984 quae
1977 908 2064 968 inter
2085 925 2131 970 ca-

1385 999 1518 1061 tholicos
1535 1007 1566 1062 et
1581 1001 1770 1064 acatholicos
1785 1001 1941 1063 ineuntur
1962 1002 2131 1079 impetrata

1383 1092 1528 1154 eiusdem
1551 1093 1636 1156 sedis
1658 1095 1751 1156 venia
1773 1102 1868 1172 atque
1890 1095 2040 1158 adhibitis
2063 1113 2132 1158 cau-

1087 1241 1157 1246 ...--.-.
1166 1240 1195 1246 u...
1211 1241 1321 1246 --..---.-.
1335 1241 1425 1246 ‘.-....—
1436 1241 1450 1248 ..
1461 1243 1620 1250 ———-—

573 1319 728 1365 bratissimo
750 1332 837 1378 opere,
858 1322 926 1378 qnod
943 1322 974 1366 de
990 1322 1093 1376 synodo
1114 1322 1273 1366 Dioecesaua
1287 1321 1324 1366 in·

573 1387 703 1445 scriptum
714 1393 762 1433 est.
771 1390 842 1439 Quod
854 1389 876 1432 si
886 1389 988 1444 aliquid
998 1390 1028 1433 de
1039 1400 1168 1434 canonum
1180 1387 1323 1434 severitate

572 1455 714 1500 remittens
726 1457 873 1512 apostoliea
885 1457 963 1500 sedes
976 1457 1059 1501 mixta
1070 1456 1221 1501 istiusmodi
1233 1457 1323 1502 matri·

573 1521 662 1566 monia
680 1523 836 1579 quandoque
856 1524 986 1580 permisit,
1001 1524 1027 1568 id
1042 1524 1168 1580 gravibus
1183 1525 1321 1568 dumtaxat

572 1588 706 1634 decausis
727 1601 859 1646 aegreque
874 1591 1015 1636 admodum
1039 1591 1106 1644 iecit,
1122 1595 1148 1635 et
1164 1590 1268 1636 nonnisi
1283 1603 1323 1635 ex-

571 1667 663 1712 pressa
677 1657 726 1702 sub
740 1657 891 1702 conditione
905 1658 936 1702 de
952 1659 1154 1714 praemittendis
1167 1657 1322 1715 opportunis

571 1722 750 1774 cautionibus,
766 1735 816 1768 nou
833 1725 909 1769 modo
924 1728 953 1769 ut
963 1725 1058 1770 coniux
1068 1725 1214 1770 catholicus
1225 1725 1257 1770 ab
1266 1735 1323 1770 aca-

573 1789 670 1835 tholico
685 1791 801 1846 persenti
818 1803 867 1835 non
883 1795 978 1846 posset,
994 1793 1057 1848 quin
1073 1793 1161 1848 potius
1177 1791 1221 1836 ille
1237 1792 1322 1837 teneri

572 1869 599 1902 se
614 1857 695 1902 sciret
709 1859 742 1902 ad
758 1859 828 1902 hunc
847 1869 894 1915 pro
910 1859 1011 1903 viribus
1026 1861 1059 1904 ab
1073 1871 1165 1904 errore
1187 1861 1323 1904 retrahen-

571 1925 644 1975 dum:
656 1927 700 1970 sed
711 1925 819 1982 insuper
829 1931 858 1970 ut
871 1927 957 1982 proles
969 1927 1110 1983 utriusque
1121 1939 1198 1972 sexus
1209 1939 1239 1972 ex
1250 1928 1321 1972 hisce

570 1991 700 2048 coniugiis
716 1993 877 2049 procreanda
893 1993 920 2037 in
936 1994 1086 2038 Catholicae
1105 1993 1250 2050 Religionis
1265 2006 1323 2040 san-

571 2059 665 2102 ctitate
680 2057 786 2104 omuino
801 2060 968 2104 educaretur.
980 2064 1049 2110 Quae
1062 2067 1133 2105 certe
1149 2062 1286 2106 cantiones
1296 2062 1321 2107 iu

571 2124 628 2181 ipsa
640 2125 758 2170 naturali
768 2137 797 2170 ac
807 2126 896 2172 divina
907 2127 965 2182 lege
975 2127 1129 2182 solidantur,
1139 2128 1165 2172 in
1177 2139 1254 2184 quam
1265 2141 1321 2186 pro·

570 2193 612 2238 cul
625 2193 704 2238 dubio
714 2195 871 2248 gravissime
882 2199 971 2251 peccat
981 2193 1100 2252 quisquis
1112 2207 1139 2240 se
1151 2197 1190 2239 vel
1202 2197 1320 2242 litteram

571 2260 687 2304 sobolem
702 2262 881 2317 perversiouis
895 2262 1013 2318 periculo
1028 2267 1129 2306 temere
1143 2264 1302 2309 covrunittat.

611 2329 665 2371 lam
682 2339 743 2372 vero
764 2327 864 2384 accepit
884 2341 935 2373 urm
956 2329 993 2373 ila
1009 2329 1111 2385 pridem
1133 2330 1321 2375 sanctissimus

570 2392 640 2438 Duris
656 2401 744 2439 noster
760 2397 902 2452 Gregorius
917 2397 1006 2442 divina
1017 2397 1183 2452 providentia
1194 2401 1236 2441 i‘i'.
1250 2401 1320 2452 XVI,

570 2471 616 2515 per
631 2461 696 2505 istas
710 2461 842 2508 dioeceses
856 2462 1006 2508 artstriacae
1021 2463 1130 2508 ditionis
1142 2464 1169 2508 iu
1181 2464 1321 2510 foederatis

569 2527 726 2572 Germaniae
741 2529 861 2584 partibus
875 2529 988 2574 abusum
1006 2530 1104 2586 passim
1123 2532 1274 2586 invaluisse,
1291 2535 1320 2576 ιιι

570 2594 742 2640 matrimonia
763 2595 907 2640 calliolicos
929 2597 1000 2641 iuter
1019 2601 1045 2641 et
1060 2599 1230 2652 acatholicos,
1246 2599 1320 2644 nulla

568 2660 631 2704 licet
651 2661 790 2708 accedente
813 2663 944 2710 Ecclesiae
965 2663 1171 2720 dispensatione,
1187 2678 1233 2711 nec
1249 2678 1321 2724 prae·

569 2727 618 2772 viis
639 2730 794 2774 necessariis
816 2731 993 2786 cautionibus,
1015 2745 1062 2789 per
1083 2734 1228 2780 catholicos
1246 2746 1320 2792 paro·

568 2797 631 2840 obes
646 2797 827 2842 benedictione
843 2798 978 2854 sacrisque
993 2799 1091 2845 ritibus
1103 2801 1319 2847 honestarentur.

568 2867 603 2907 Ac
618 2869 759 2920 propterea
773 2863 849 2910 facile
865 2865 1037 2920 intelligitur,
1055 2879 1106 2922 quo
1120 2867 1211 2912 dolore
1227 2870 1320 2914 exinde

568 2929 634 2975 affici
649 2931 784 2982 debuerit:
800 2933 915 2977 mraxime
935 2945 995 2978 curn
1015 2933 1144 2979 invectam
1162 2935 1199 2980 ita
1215 2937 1319 2993 lateque

569 3005 741 3055 propagatam
758 3002 919 3058 perspiceret
929 3001 1107 3047 omnimodam
1120 3003 1263 3048 mixtarum
1276 3017 1319 3050 nu·

569 3067 687 3120 ptiarum
702 3067 865 3120 libertatem,
877 3073 957 3124 atvpie
971 3071 1036 3114 adeo
1052 3069 1136 3126 magis
1152 3071 1178 3114 iu
1194 3070 1249 3115 dies
1264 3083 1320 3127 pro·

569 3137 670 3178 motum
695 3133 918 3188 funestissimum,
944 3137 983 3180 uti
1007 3143 1114 3189 vocant,
1136 3139 1321 3184 indifferentis·

568 3209 641 3242 inum
657 3199 684 3242 in
700 3200 839 3255 religionis
854 3201 960 3256 negotio
977 3203 1048 3247 iutra
1064 3203 1231 3249 vastissimae
1246 3204 1319 3249 illius

567 3265 678 3310 ditionis
693 3267 768 3322 bites,
777 3277 844 3324 quae
859 3269 989 3314 catholico
1002 3271 1106 3314 nomine
1118 3275 1256 3328 tantopere
1267 3273 1319 3327 glo

568 3330 663 3376 riatur.
679 3335 730 3377 Nec
740 3345 802 3379 saue
813 3335 986 3386 sanctissimi,
997 3349 1049 3394 quo
1060 3336 1189 3393 iungitur.
1201 3339 1319 3384 muneris

568 3403 657 3452 partes
678 3401 772 3445 luisset
793 3404 1043 3459 praetermissurus,
1065 3405 1088 3449 si
1103 3416 1145 3450 res
1164 3410 1226 3450 ante
1248 3407 1320 3452 inno-

568 3467 671 3511 tuisset.
695 3470 765 3512 lianc
779 3472 870 3513 autem
893 3470 1022 3526 pontilicii
1043 3472 1144 3516 silentii
1163 3484 1272 3518 causam
1288 3486 1319 3518 ex

567 3545 597 3577 eo
611 3534 692 3579 etiam
715 3546 829 3591 pronum
851 3541 891 3580 est
905 3537 1044 3592 coniicere,
1067 3540 1136 3595 quod
1155 3541 1195 3584 vel
1211 3541 1319 3596 nuperis

567 3601 732 3657 temporibus
755 3601 827 3648 nulla
850 3615 959 3660 prorsus
978 3605 1011 3648 ad
1031 3607 1195 3662 prorniscuas
1211 3609 1318 3664 nuptiae

566 3667 627 3712 istic
642 3667 770 3714 ineundas
784 3671 929 3726 apostolica
943 3671 1105 3727 dispensatio
1122 3673 1201 3718 tuerit
1217 3687 1320 3720 eonces-

565 3746 603 3790 sa,
614 3735 665 3780 nisi
676 3737 849 3794 praescriptis
860 3739 1016 3784 necessariis
1027 3741 1223 3786 conditionibus
1235 3742 1319 3788 iniun-

565 3803 668 3858 ctisque
690 3804 801 3860 regulis,
821 3817 889 3860 quae
911 3818 942 3850 ex
965 3810 1076 3852 sanctae
1098 3809 1171 3853 Sedis
1193 3809 1318 3855 instituto

566 3873 667 3917 servari
682 3882 883 3918 consueverunt.

605 3940 758 3984 interhaec
774 3943 862 3984 tamen
886 3953 935 3985 ιιοιι
953 3953 1046 3999 parum
1070 3943 1158 3989 solatii
1176 3945 1317 3990 sanctitati

541 4009 633 4059 ,Suae
653 4005 767 4051 allatum
790 4011 839 4062 est,
859 4009 926 4064 vpnod
948 4020 1000 4053 una
1015 4010 1118 4064 pariter
1140 4011 1251 4066 noverit,
1266 4013 1318 4068 ple·

565 4083 678 4128 rumque
692 4074 837 4118 earundem
852 4075 1010 4121 dioecesium
1023 4077 1171 4130 nrrtistites,
1184 4082 1317 4132 permotos

565 4141 724 4196 praesertim
745 4143 898 4198 apostolicis
913 4143 939 4187 in
956 4153 1012 4188 rem
1029 4145 1112 4201 ipsam
1132 4145 1318 4191 declarationi-

564 4208 613 4252 bus
627 4208 659 4254 ad
674 4209 742 4254 alias
756 4209 879 4264 regiones
898 4212 1087 4267 spectantibus,
1104 4214 1230 4270 pastorali
1247 4215 1316 4258 solli·

563 4275 682 4320 citudine
696 4276 848 4321 incubuisse
863 4278 895 4322 nd
911 4279 1013 4334 praxim
1029 4279 1112 4332 illam,
1129 4281 1169 4325 uti
1186 4281 1316 4326 Ecclesiae

564 4341 702 4399 principiis
716 4354 746 4388 ac
761 4343 865 4398 legibus
879 4345 1073 4399 adversantem,
1090 4357 1136 4402 pro
1152 4347 1254 4392 viribus
1270 4349 1316 4392 tol·

564 4409 678 4454 leudam.
695 4411 806 4455 Proinde
821 4411 924 4457 debitas
940 4413 1085 4468 rependens
1096 4414 1187 4458 laudes
1198 4415 1315 4471 ipsorum

564 4477 620 4521 aeio
641 4478 831 4524 sanctissimus
855 4479 987 4533 Dominus,
1010 4491 1054 4524 eos
1073 4481 1176 4526 hortari
1193 4493 1223 4526 ac
1243 4483 1317 4526 vehe-

564 4545 681 4590 mentius
703 4545 784 4590 etiam
806 4547 923 4592 excitare
938 4559 990 4592 raon
1008 4547 1122 4602 desistit,
1139 4554 1168 4593 ut
1182 4549 1315 4594 constanti

564 4611 653 4657 studio
673 4617 786 4669 pergant
807 4615 958 4660 Catholicae
974 4615 1104 4660 Ecclesiae
1122 4617 1270 4662 doctrinam
1286 4628 1316 4661 ac

563 4677 730 4734 disciplinam
747 4680 826 4734 tueri,
841 4681 1017 4726 solertissime
1032 4691 1164 4737 curantes,
1176 4695 1208 4728 ne
1218 4695 1315 4739 pravus

564 4757 629 4790 usus
640 4745 788 4800 reviviscat,
799 4751 878 4804 atque
890 4748 934 4793 ubi
945 4749 1031 4793 adhuc
1041 4755 1161 4807 superest
1173 4751 1248 4795 illius
1259 4761 1315 4806 ger·

564 4823 634 4866 men,
648 4813 767 4858 funditus
782 4815 940 4860 eradicetur.

603 4883 700 4925 Verum
718 4893 768 4926 non
783 4883 871 4938 potuit
886 4883 1019 4929 Sanmites
1035 4887 1086 4930 Sua
1098 4895 1148 4929 non
1160 4889 1265 4931 mature
1278 4898 1316 4932 re-

563 4947 664 5004 spicere
679 4948 711 4993 ad
728 4950 857 4994 maximas
871 4950 1042 4996 difficultates
1059 4957 1085 4996 et
1102 4951 1244 5007 molestias,
1260 4955 1315 5009 ‹pui-

563 5016 612 5060 bus
623 5017 763 5062 memorati
773 5017 912 5062 anstistites
924 5017 1097 5075 subditusque
1108 5019 1139 5064 iis
1150 5021 1236 5066 clerus
1245 5021 1313 5065 ideu-

563 5084 644 5128 tidem
661 5089 832 5140 premuntur:
848 5083 1070 5140 qtevrvadrnodum
1082 5087 1166 5142 liquet
1177 5100 1206 5132 ex
1218 5088 1314 5142 literis,

562 5161 628 5207 qaas
643 5151 837 5208 archiepiscopi
853 5161 945 5196 earnm
961 5154 1100 5202 regionum
1113 5155 1145 5198 ad
1158 5155 1241 5210 ipsam
1253 5159 1313 5200 San·

561 5219 683 5264 critatem
700 5223 778 5264 Suam
795 5219 940 5274 irriserunt,
963 5223 1142 5276 opportunum
1163 5233 1242 5278 super
1257 5234 1314 5279 gra·

562 5287 671 5332 vissimo
686 5287 734 5331 boc
749 5287 855 5343 negotio
875 5287 1037 5343 apostolicae
1056 5289 1226 5334 auctoritatis
1241 5290 1315 5336 auxi·

562 5353 628 5399 lium
639 5359 719 5410 atque
728 5353 912 5398 adiumentum
924 5353 1105 5410 implorantes.
1118 5357 1230 5412 cupiens
1243 5359 1312 5412 binc,

562 5423 643 5466 salvis
657 5421 803 5467 catholicae
818 5422 955 5467 doctrinae
970 5423 1117 5479 principiis,
1129 5425 1197 5469 unde
1209 5437 1255 5470 vrec
1267 5427 1312 5470 mi-

562 5489 665 5534 nimum
687 5488 827 5533 deilectere
849 5489 886 5533 ias
907 5492 954 5540 est,
978 5493 1107 5545 quantum
1128 5501 1175 5547 pro
1195 5491 1312 5549 supremi

561 5556 728 5612 apostolatus
749 5567 859 5600 munere
882 5557 981 5610 valeat,
1003 5556 1143 5602 subvenire
1162 5558 1312 5604 difficilibus

561 5621 676 5668 istarum
697 5623 858 5668 dioecesium
876 5623 1096 5678 circumstantiis,
1111 5629 1237 5682 ortasque
1253 5626 1312 5671 inde

560 5689 718 5734 antistitum
734 5691 873 5746 augustias
889 5689 1022 5744 minuere,
1037 5703 1095 5736 eant
1107 5693 1203 5737 ibidem
1215 5696 1312 5738 statuit

561 5757 736 5803 adhibendam
746 5759 913 5814 etpraesenti
924 5757 1101 5804 instructione
1112 5759 1310 5817 significandam

562 5825 720 5871 tolerantiae
731 5824 938 5883 prudentiaeque
949 5826 1090 5882 rationem,
1100 5839 1152 5884 qua
1162 5828 1311 5885 apostolica

562 5893 640 5938 Sedes
662 5893 733 5940 mala
747 5893 794 5942 illa
814 5891 945 5952 patienter
967 5894 1035 5940 solet
1050 5895 1230 5950 dissimulare,
1244 5905 1312 5952 quae

1379 1322 1419 1365 vei
1433 1319 1555 1378 impediri
1570 1323 1678 1368 omniuo
1694 1324 1887 1380 nequeuntis]
1903 1324 1926 1368 si
1940 1324 2131 1381 impediantur,

1378 1387 1569 1434 lrrnestioribus
1579 1391 1660 1436 etiam
1671 1389 1842 1436 incommodis
1852 1391 1955 1437 facilem
1964 1392 2070 1436 aditum
2078 1403 2133 1448 pos·

1378 1459 1440 1500 sunt
1456 1457 1611 1513 patefacere.

1419 1522 1445 1566 Si
1461 1523 1565 1580 quidem
1582 1525 1666 1578 igitur
1682 1525 1708 1569 in
1720 1525 1861 1582 praedictis
1871 1526 2036 1572 dioecesibus
2051 1537 2133 1583 quan-

1378 1589 1462 1646 doque
1484 1589 1530 1635 nat
1546 1595 1584 1645 ut,
1599 1591 1757 1636 conantibus
1778 1593 1841 1636 licet
1856 1599 1949 1638 contra
1965 1605 2013 1650 per
2028 1593 2133 1639 debitas

1378 1658 1514 1702 suasiones
1525 1657 1741 1715 hortationesque
1757 1661 1839 1704 sacris
1852 1661 2013 1716 pastoribus,
2023 1661 2133 1706 catholi-

1377 1735 1424 1767 cus
1440 1723 1480 1768 vir
1494 1729 1542 1769 aut
1557 1724 1654 1768 mulier·
1670 1725 1696 1769 in
1711 1726 1886 1770 contrahendi
1902 1727 1980 1771 mixti
1994 1727 2134 1772 matrimo-

1378 1789 1415 1832 nii
1430 1789 1498 1835 citra
1514 1792 1677 1835 necessarias
1691 1791 1829 1836 cautiones
1846 1793 1980 1839 sententia
1993 1793 2132 1850 persistat,

1377 1859 1404 1900 et
1418 1855 1525 1900 aliunde
1540 1867 1583 1902 res
1598 1857 1682 1914 abque
1694 1857 1824 1913 gravioris
1835 1859 1898 1904 mali
1909 1859 2083 1914 scandalique
2093 1871 2133 1916 pe·

1378 1922 1462 1967 riculo
1477 1923 1501 1967 in
1518 1922 1657 1979 religionis
1673 1924 1816 1980 perniciem
1832 1926 1973 1970 interverti
1989 1927 2070 1983 plane
2080 1938 2131 1974 non

1378 1990 1471 2046 possit:
1494 1991 1629 2047 simulque
1650 1991 1677 2036 in
1701 1992 1832 2038 Ecclesiae
1854 1993 2001 2039 utilitatem
2023 1999 2051 2039 et
2065 2005 2131 2040 com·

1378 2067 1456 2102 ιιιιιιιε
1478 2058 1574 2102 ιιοιιιιιιι
1597 2069 1707 2114 vergere
1726 2055 1800 2115 prosse
1815 2065 1986 2115 egrroscatur,
2002 2061 2024 2106 si
2042 2061 2133 2106 huius-

1376 2122 1477 2166 cemodi
1493 2123 1610 2179 nuptiae,
1625 2123 1798 2180 quantumvis
1809 2125 1920 2170 illicitae
1931 2137 1961 2170 ac
1972 2127 2083 2178 vetitae,
2094 2138 2133 2171 co-

1377 2199 1433 2234 ram
1448 2189 1578 2234 catholico
1599 2192 1714 2247 parocho
1737 2193 1929 2248 potiusquam
1946 2203 2039 2237 coram
2057 2194 2131 2238 mini·

1376 2261 1432 2302 stro
1447 2257 1602 2312 acatholico,
1618 2257 1650 2302 ad
1666 2269 1744 2314 quem
1761 2263 1850 2314 partes
1862 2259 1939 2304 facile
1949 2259 2065 2304 sortasse
2075 2273 2133 2304 cou-

1376 2324 1511 2379 fugerent,
1533 2323 1717 2377 celebrentur:
1742 2328 1804 2370 tunc
1826 2327 1957 2380 parochus
1979 2325 2132 2370 catholicus

1376 2392 1478 2437 aliusve
1500 2392 1621 2436 sacerdos
1643 2393 1702 2437 eius
1718 2391 1772 2437 vice
1794 2393 1905 2448 t'ungeus
1920 2395 2021 2449 poterit
2038 2393 2131 2440 iisdem

1376 2459 1477 2516 nuptiis
1488 2459 1623 2504 materiali
1635 2465 1738 2504 tantum
1750 2461 1910 2516 praesentia,
1919 2463 2028 2506 excluso
2038 2463 2131 2518 quovis

1376 2526 1555 2572 ecclesiastico
1570 2527 1634 2581 ritu,
1647 2528 1748 2580 adesse,
1760 2529 1867 2584 perinde
1878 2539 1908 2573 ac
1918 2529 1940 2572 si
1951 2533 2044 2584 partes
2055 2529 2131 2574 urtice

1375 2599 1467 2650 ageret
1483 2595 1548 2638 meri
1565 2594 1650 2648 testis,
1663 2599 1691 2638 ut
1702 2594 1787 2648 aiunt,
1798 2595 1945 2651 qualilicati
1956 2608 2003 2640 seu
2015 2597 2131 2640 auctori·

1376 2660 1479 2714 zabilis;
1503 2661 1656 2706 itascilicet
1677 2665 1715 2714 ut,
1732 2661 1873 2716 utriusque
1893 2662 2016 2717 coniugis
2038 2662 2131 2706 audito

1374 2737 1511 2781 consensu,
1526 2725 1648 2783 deinceps
1664 2738 1710 2782 pro
1725 2738 1773 2771 suo
1788 2727 1872 2771 officio
1887 2732 1977 2772 actum
1991 2727 2080 2772 valide
2091 2739 2130 2782 ge·

1375 2797 1446 2838 stum
1462 2793 1489 2838 in
1505 2794 1738 2838 matrimoniorum
1755 2794 1853 2838 librum
1869 2795 1969 2838 referre
1983 2797 2074 2850 queat.
2086 2796 2130 2840 His

1376 2865 1465 2904 tamen
1481 2861 1506 2904 iu
1522 2861 1733 2904 circumstantiis
1755 2861 1826 2906 baud
1849 2861 1955 2918 impari,
1978 2862 2063 2906 immo
2085 2863 2131 2906 im·

1375 2928 1491 2984 pensiori
1503 2928 1593 2982 etiam,
1603 2933 1699 2973 conatu
1715 2933 1741 2972 et
1756 2928 1845 2972 studio
1861 2940 1907 2983 ρει
1922 2929 2130 2984 praenunciatos

1377 2995 1516 3040 aritistites
1532 2999 1558 3039 et
1574 2997 1701 3051 parochos
1725 2996 1915 3041 elaborandum
1937 2998 1998 3051 erit,
2015 3001 2048 3042 ut
2062 3009 2078 3042 a
2092 3009 2131 3044 cn-

1377 3062 1476 3107 tholica
1498 3067 1572 3118 parte
1595 3063 1774 3118 perversiouis
1793 3063 1952 3120 periculum,
1967 3065 2056 3120 quoad
2073 3065 2130 3110 lieri

1376 3129 1467 3184 possit,
1483 3134 1651 3180 avuoveatur:
1670 3133 1697 3174 ut
1713 3131 1795 3186 prolis
1816 3132 1956 3188 utriusque
1976 3143 2057 3176 sexus
2072 3133 2130 3178 edu·

2155 493 2239 551 Aac.
2258 509 2306 558 rats

1374 3197 1474 3242 cationi
1497 3197 1522 3241 iu
1538 3197 1675 3252 Religioue
1697 3197 1908 3254 catholicaque
1924 3200 2031 3244 meliori
2052 3201 2130 3246 liceat
2196 3231 2200 3244 .

1376 3265 1459 3318 modo,
1469 3263 1658 3320 prospiciatur:
1669 3273 1749 3321 atquc
1763 3269 1792 3310 ut
1802 3267 1897 3311 coniux
1908 3268 2058 3312 catholicae
2070 3267 2130 3312 ddei

1374 3331 1522 3376 adhaerens
1543 3332 1614 3376 serio
1635 3331 1811 3378 admoneatur
1833 3334 1864 3377 de
1886 3335 2130 3392 obligationeque

1375 3402 1491 3454 tenetur,
1499 3399 1609 3444 curandi
1620 3411 1667 3456 pro
1679 3399 1779 3445 viribus
1790 3402 1931 3446 acatholici
1940 3402 2063 3458 coniugis
2074 3415 2131 3447 cou-

1375 3467 1532 3520 versionem,
1548 3468 1616 3523 quod
1631 3467 1664 3512 ad
1680 3469 1782 3512 veniam
1799 3471 1967 3524 patratorum
1983 3469 2129 3514 criminum

1374 3533 1478 3578 facilius
1493 3545 1508 3578 a
1523 3537 1573 3578 Deo
1588 3535 1758 3579 obtinendam
1775 3535 1828 3580 erit
1842 3537 2111 3592 opportunissimum.

1414 3605 1537 3646 Ceterum
1561 3602 1750 3647 sanctissimus
1772 3602 1898 3648 Dominus
1917 3604 2012 3649 intime
2028 3605 2130 3659 dolens,

1374 3669 1442 3724 quod
1457 3669 1521 3714 baec
1536 3669 1695 3714 tolerantiae
1712 3670 1782 3716 ratio
1796 3682 1859 3727 erga
1874 3671 2002 3716 ditionem
2017 3673 2130 3718 catholi-

1374 3745 1419 3780 cae
1436 3735 1496 3780 ndei
1512 3735 1673 3792 professione
1695 3737 1826 3794 insignem
1843 3739 1924 3782 tuerit
1941 3738 2067 3794 ineunda,
2082 3744 2130 3784 An·

1374 3803 1474 3848 tistites
1490 3803 1559 3858 ipsos
1576 3815 1622 3859 per
1638 3804 1738 3849 viscera
1753 3807 1810 3849 iesu
1827 3806 1935 3860 Christi,
1949 3806 2025 3850 cuius
2043 3817 2129 3863 perso·

1373 3881 1434 3915 nam
1451 3871 1476 3915 in
1493 3871 1573 3915 terris
1594 3871 1673 3926 gerit,
1690 3875 1746 3916 tota
1767 3873 1850 3917 animi
1872 3873 2044 3920 contentione
2059 3875 2129 3920 obte-

1374 3943 1472 3992 statur,
1489 3943 1517 3982 ut
1532 3937 1557 3982 id
1579 3938 1685 3983 demum
1702 3939 1727 3982 iu
1744 3943 1799 3984 tam
1821 3941 1896 3994 gravi
1919 3943 2025 3997 negotio
2048 3953 2127 3998 agere

1374 4007 1508 4060 studeant,
1523 4006 1600 4062 quod,
1616 4005 1759 4062 implorato
1781 4007 1896 4062 Spiritus
1912 4008 2001 4052 sancti
2015 4008 2127 4062 lumine,

1373 4073 1524 4118 istiusmodi
1539 4073 1583 4118 lini
1597 4084 1688 4118 revera
1698 4075 1851 4118 censuerint
1863 4076 2035 4132 respondere:
2047 4079 2132 4141 atqrrel

1373 4139 1440 4184 illud
1462 4152 1515 4184 una
1537 4140 1619 4184 simul
1640 4143 1773 4194 satagant,
1795 4153 1826 4185 ue
1842 4143 1889 4186 tali
1912 4143 2073 4188 tolerantiae
2088 4155 2127 4189 ra-

1373 4207 1445 4252 tione
1460 4217 1524 4262 erga
1540 4207 1659 4250 homiues
1676 4207 1759 4252 mixta
1774 4208 1905 4252 connubia
1919 4209 2013 4253 illicite
2022 4213 2127 4256 coutra-

1372 4279 1462 4318 cturos
1477 4274 1623 4329 contingat,
1634 4277 1664 4318 nt
1679 4275 1705 4318 in
1717 4275 1849 4320 catholico
1859 4276 1954 4332 popano
1964 4281 2126 4322 extenuetur

1373 4341 1501 4386 memoria
1516 4353 1646 4386 correnum
1660 4354 1690 4386 ea
1702 4343 1875 4388 matrimonia
1886 4344 2089 4398 detestantium,
2100 4349 2126 4388 et

1371 4408 1603 4454 constantissimae
1623 4419 1703 4454 curae
1722 4421 1774 4464 qua
1789 4413 1886 4456 Sancta
1908 4413 1992 4455 Mater
2008 4412 2125 4457 Ecclesia

1372 4475 1440 4521 tilios
1455 4487 1516 4521 suos
1530 4481 1651 4522 avertere
1672 4477 1762 4521 studet
1777 4477 1810 4521 ab
1828 4477 1882 4522 illis
1902 4479 1928 4522 in
1944 4489 2056 4522 suarum
2072 4479 2124 4524 ani·

1372 4553 1477 4587 marum
1499 4541 1630 4588 iacturam
1652 4543 1847 4588 contrahendis.
1868 4547 1954 4595 Qtrare
1968 4547 2123 4591 eorumdem

1372 4609 1530 4654 hirtistitum
1546 4613 1571 4653 et
1587 4611 1763 4666 parochorum
1781 4611 1842 4665 erit,
1858 4613 1884 4656 in
1900 4613 2055 4659 erudiendis
2070 4614 2124 4658 sive

1370 4675 1495 4731 privatim
1513 4677 1567 4720 sive
1582 4677 1685 4732 publice
1709 4678 1839 4733 fidelibus,
1856 4679 2023 4734 nagranttort
2039 4681 2067 4725 in
2083 4691 2123 4738 po·

1370 4747 1472 4788 sterum
1489 4744 1544 4788 zelo
1558 4744 1706 4790 doctrinam
1717 4750 1744 4789 et
1757 4745 1829 4801 leges
1840 4747 1872 4792 ad
1883 4758 1913 4791 ea
1924 4747 2056 4793 cortnubia
2067 4759 2122 4805 per·

1371 4811 1486 4856 tinentes
1503 4822 1720 4866 cornrnemorare,
1735 4819 1940 4869 accuratamque
1957 4813 2066 4858 illarum
2081 4825 2123 4858 cu·

1370 4879 1483 4924 stodiam
1499 4879 1646 4934 iniungere.
1663 4883 1733 4930 Quae
1747 4880 1853 4936 quidem
1866 4882 1953 4926 ornnia
1964 4894 1994 4926 ex
2005 4884 2122 4938 spectata

1370 4946 1487 5002 ipsorum
1511 4946 1648 5002 religione,
1671 4947 1729 5000 ilde,
1745 4951 1771 4991 et
1787 4947 1811 4991 in
1828 4951 1854 4992 B.
1871 4949 1940 4992 Petri
1962 4950 2120 4994 cathedram

1369 5015 1520 5060 reverentia
1536 5015 1667 5059 Sanctitas
1683 5017 1736 5060 Sua
1751 5014 1800 5059 sibi
1814 5016 1962 5062 certissime
1973 5018 2120 5073 pollicetur.

1409 5085 1504 5128 batum
1520 5085 1619 5126 Romae
1634 5081 1676 5125 die
1688 5093 1753 5126 xxrr.
1769 5083 1832 5127 maii
1844 5094 1913 5128 auno
1923 5084 1969 5128 Diri
1980 5095 2118 5130 nrvcccxm.

1690 5181 1716 5220 a.
1735 5180 1813 5222 Caret.
1830 5181 2035 5224 betriaci-asebna

1410 5286 1598 5332 sanctissimus
1614 5287 1740 5331 hominus
1762 5289 1856 5332 Noster
1871 5289 2014 5346 Gregorius
2031 5289 2119 5332 divina

1368 5353 1534 5410 providentia
1556 5357 1600 5398 PP.
1616 5357 1677 5398 xvi.
1693 5359 1797 5399 attente
1822 5354 1964 5411 respiciens
1978 5356 2011 5400 ad
2025 5367 2118 5412 graves

1367 5433 1461 5466 causas
1482 5421 1616 5477 expositas
1637 5421 1662 5465 in
1678 5421 1766 5466 literis
1787 5421 1820 5466 ad
1843 5424 2016 5468 sanctitatem
2039 5427 2117 5467 Suam

1368 5489 1522 5544 nuperrime
1541 5487 1612 5534 datis
1629 5489 1661 5533 ab
1676 5489 1877 5546 archiepiscopo
1892 5493 1918 5534 et
1934 5491 2067 5546 Episcopis
2081 5499 2117 5534 re·

1367 5556 1413 5611 gni
1424 5555 1538 5600 (saliciae
1549 5557 1712 5612 austriacae,
1721 5567 1866 5613 eorumque
1877 5557 1998 5613 precibus
2008 5558 2117 5613 benigne

1367 5633 1496 5676 annuens,
1507 5631 1673 5679 praesentem
1689 5624 1894 5670 instructionem
1909 5626 1941 5670 ad
1958 5627 2116 5670 memoratas

1367 5690 1450 5735 etiam
1466 5690 1587 5744 regiones
1603 5691 1729 5736 extendit.

1407 5761 1501 5803 Datum
1517 5760 1616 5803 Romae
1631 5758 1673 5802 die
1689 5769 1743 5802 xvi.
1755 5757 1813 5803 iulii
1828 5769 1898 5804 anno
1909 5759 1954 5804 Diri
1967 5769 2114 5806 uocccxtu.

1687 5899 1713 5941 a.
1732 5899 1809 5942 Caret.
1826 5896 2032 5942 Larvabruscbtai
