4770 6982
330 513 428 578 110.
451 513 519 564 reas
572 510 632 575 306

551 650 725 723 universis,
748 650 930 714 sollicitudo
950 651 1089 728 requirit
1103 659 1139 714 ut
1153 651 1234 714 circa
1249 667 1302 713 cu-

551 744 683 806 iuslibet
697 743 849 806 ecclesiae
870 750 988 807 statum
1001 746 1045 808 sio
1059 746 1233 824 vigilanter
1248 761 1301 806 ex·

551 837 672 915 cogitet
692 837 801 914 sicque
823 839 995 916 prospiciat
1019 840 1193 917 diligenter
1215 840 1300 918 quod

550 946 608 1008 per
620 930 687 992 eius
696 930 929 1008 providentiam
940 933 1301 1010 circumspectam‚tunc

550 1041 608 1103 per
633 1025 787 1104 simplicis
809 1027 1004 1104 provisionis
1027 1027 1177 1098 officium,
1203 1042 1301 1103 quan-

550 1119 656 1196 doque
672 1135 751 1182 1110
767 1135 826 1198 per
841 1120 1058 1184 ministerium
1072 1117 1299 1189 translationis,

550 1215 755 1277 accommode
768 1221 864 1293 prout
879 1231 1090 1294 personarum
1107 1215 1253 1276 locorum
1270 1219 1302 1276 et

549 1316 735 1388 temporum
758 1309 893 1386 qualitas
915 1309 1018 1386 erigit
1039 1315 1071 1370 et
1092 1307 1301 1370 ecclesiarum

548 1401 669 1464 utilitas
685 1402 867 1480 persuadet,
882 1403 1024 1465 ecclesiis
1040 1401 1177 1480 singulis
1193 1407 1301 1480 pastor

549 1498 676 1560 accedat
696 1498 833 1560 idoneus
849 1503 882 1559 et
896 1503 1004 1560 rector
1026 1496 1180 1576 providus
1203 1495 1301 1573 depu-

549 1597 648 1664 tetur,
662 1592 718 1669 qui
739 1591 896 1670 populum
911 1591 971 1652 sibi
987 1590 1196 1653 commissum
1219 1589 1301 1650 salu·

549 1684 651 1746 briter
679 1683 796 1761 dirigat
818 1691 850 1746 et
877 1684 1043 1754 informet,
1068 1683 1301 1759 ecclesiamque

548 1778 609 1839 sihi
628 1775 775 1840 traditam
788 1794 853 1840 non
868 1777 975 1840 solnm
988 1777 1150 1854 gubernet
1163 1775 1299 1847 utiliter,

549 1871 605 1934 sed
621 1873 717 1934 etiam
733 1871 935 1934 multimodis
951 1872 1063 1934 1111111
1078 1870 1299 1932 incrementis.

590 1968 671 2032 Sane
687 1967 889 2047 patriarchali
904 1967 1037 2030 ecclesia
1048 1964 1176 2028 Ciliciae
1188 1963 1302 2026 Arme-

549 2077 679 2135 uorum,
697 2061 748 2124 cui
770 2060 822 2122 10.
840 2076 903 2122 me.
921 2060 1052 2122 lacobus
1068 2059 1182 2120 Petrus
1205 2058 1303 2120 deno-

549 2156 688 2218 minatus
701 2153 864 2233 Septimus
876 2153 1011 2215 ultimus
1024 2153 1109 2214 illius
1121 2151 1302 2213 Patriarcha

549 2251 626 2312 dum
638 2250 766 2311 1111111
786 2247 995 2326 praesidebat,
1014 2263 1071 2325 per
1087 2246 1210 2307 obitum
1227 2245 1302 2308 dicti

547 2343 649 2406 lacobi
672 2342 758 2405 Petri
781 2341 991 2413 Patriarchae,
1009 2340 1064 2417 qui
1080 2345 1170 2400 extra
1188 2339 1302 2402 Roma-

548 2454 621 2500 nam
648 2437 778 2500 (luriam
808 2435 953 2498 debitum
976 2440 1110 2496 naturae
1132 2433 1299 2512 persolvit,

547 2655 597 2689 nus
610 2643 690 2688 110111
711 2641 855 2698 Episcopus
871 2640 985 2692 Adanae,
999 2637 1121 2694 ignatius
1142 2634 1298 2692 lialepsclan

546 2710 689 2768 Episcopus
704 2707 876 2762 Amasiensis,
889 2710 916 2752 et
930 2709 1024 2752 Petrus
1035 2703 1144 2750 Abelian
1155 2703 1298 2761 Episcopus

546 2775 713 2824 Marasensis.
728 2773 902 2830 praescriptis
914 2771 1090 2818 caeremoniis
1100 2773 1162 2816 ante
1173 2769 1297 2826 peractis,

546 2843 638 2889 ordine
658 2842 859 2889 accuratissime
881 2845 995 2894 servato,
1012 2840 1113 2884 eiectus
1128 2840 1168 2882 est
1183 2837 1298 2882 Patriar-

546 2911 596 2956 cha.
606 2907 1000 2956 111011111111-11111111111111
1011 2905 1229 2962 hrclriepiscopus
1239 2907 1300 2949 Cae·

546 2977 687 3024 sarcensis.
708 2977 831 3021 Alienum
854 2986 880 3020 se
903 2975 989 3031 primo
1011 2972 1135 3030 praebuit
1150 2972 1182 3016 ah
1199 2971 1297 3016 honore

546 3045 706 3102 accipiendo,
721 3045 764 3089 sed
780 3047 870 3088 tamen
884 3040 1049 3086 instantibus
1060 3040 1105 3098 qui
1116 3039 1228 3084 aderant
1239 3039 1296 3094 Epi-

546 3111 644 3168 scopis,
666 3117 693 3156 et
714 3111 763 3167 ipsi
787 3122 834 3167 per
855 3109 963 3154 litteras
984 3106 1194 3163 suffragantibus
1215 3106 1296 3150 etiam

546 3181 681 3238 Episcopis
691 3179 829 3236 slsppensi
844 3182 871 3222 et
886 3174 1036 3228 1111111111,
1048 3175 1093 3231 qni
1108 3173 1250 3218 convenire
1264 3174 1297 3218 ad

546 3247 703 3292 electionem
715 3245 898 3302 nequiverant,
909 3242 990 3288 cessit
1001 3241 1133 3288 voluntati
1143 3251 1243 3286 eorum.
1256 3243 1298 3285 So-

546 3315 641 3361 lemnis
656 3315 687 3360 de
702 3325 774 3358 more
784 3311 917 3358 consectus
927 3313 967 3355 est
977 3312 1062 3360 actus,
1072 3311 1215 3354 consuetae
1226 3318 1298 3364 prae·

547 3382 627 3428 111111
641 3383 703 3427 sunt
718 3378 908 3430 caeremoniae,
923 3387 1072 3432 nomenque
1087 3373 1137 3420 sibi
1148 3375 1248 3420 electus
1259 3386 1299 3420 as·

547 3447 661 3506 sumpsit
675 3445 832 3502 Gregorium
847 3447 955 3490 Petrum
971 3446 1106 3488 octavum.

585 3515 678 3562 omnia
692 3519 783 3560 autem
798 3513 831 3558 ad
846 3523 967 3558 normam
982 3511 1072 3566 legum
1088 3510 1244 3568 rituumque
1259 3521 1298 3556 sa-

546 3594 652 3631 crorum
667 3581 694 3627 in
709 3593 739 3628 eo
759 3581 881 3638 eligendo
902 3578 983 3624 fuisse
1004 3579 1120 3635 paracta,
1143 3579 1298 3624 testimonio

546 3661 594 3696 suo
607 3649 748 3695 confirmat
762 3647 902 3702 Delegatus
917 3644 1083 3702 apostolicus
1098 3643 1194 3689 Montis
1206 3644 1297 3690 Libani

546 3717 701 3764 Franciscus
715 3715 853 3760 Villardell
871 3712 1090 3770 archiepiscopns
1112 3712 1298 3769 Philippensis,

546 3785 668 3842 idemque
689 3793 751 3828 eum
772 3782 889 3828 declarat
911 3791 1016 3826 morum
1039 3781 1162 3836 vitaeque
1179 3780 1298 3824 bonitate

546 3851 726 3910 spectabilem,
741 3849 873 3896 Ecclesiae
891 3847 1039 3894 catholicae
1058 3849 1222 3904 sanctaeque
1238 3847 1297 3891 sedi

546 3917 666 3976 apprime
680 3917 799 3962 deditum
814 3927 844 3961 ac
858 3915 993 3968 deuotum,
1007 3914 1070 3958 tidei
1080 3913 1298 3959 verocatholicac

545 3985 732 4044 propagandae
747 3983 835 4028 studio
850 3982 986 4027 incensum
1000 3981 1139 4036 singulari.
1150 3981 1240 4026 Talem
1251 3982 1298 4026 101-

546 4053 610 4098 11011
631 4051 738 4098 assidue
759 4062 787 4096 se
807 4050 930 4105 praebuit
951 4049 1015 4094 dum
1036 4048 1183 4094 catholicae
1203 4049 1297 4094 Tokati

546 4119 662 4176 praefuit
677 4119 811 4172 ecclesiae,
824 4117 889 4162 adeo
903 4119 934 4161 ut
949 4116 1108 4173 sperandum
1121 4116 1179 4160 iure
1194 4117 1229 4162 sit
1239 4116 1297 4161 eius

546 4186 743 4244 provectionem
765 4184 869 4230 nationi
884 4188 1059 4228 hrruenorum
1081 4183 1222 4228 universae
1241 4195 1297 4228 esse

547 4253 622 4299 valde
638 4253 816 4310 profuturam.

587 4324 643 4366 Iam
659 4331 722 4365 1110
736 4322 792 4365 turn
813 4319 913 4364 electus
927 4317 983 4374 ipse
999 4317 1163 4372 Patriarcha,
1179 4319 1236 4362 tum
1252 4319 1297 4375 qui

546 4399 607 4434 eum
628 4389 767 4444 elegerunt
788 4385 917 4442 Episcopi,
938 4384 1013 4430 nulla
1034 4383 1193 4442 interposita
1214 4396 1297 4440 mora,

546 4453 798 4512 obsequentissimus
813 4451 846 4499 ad
860 4464 907 4498 nos
922 4452 1052 4496 dederunt
1072 4452 1186 4507 litteras,
1202 4452 1297 4509 quibus

547 4525 578 4568 de
593 4525 700 4582 peracta
713 4521 841 4566 electione
855 4521 889 4566 ad
905 4531 951 4566 nos
963 4519 1092 4574 referunt,
1101 4522 1257 4577 petuntque,
1267 4523 1297 4565 111

546 4602 605 4638 eam
619 4588 780 4636 auctoritate
795 4593 888 4634 nostra
903 4587 1098 4632 confirmemus.

588 4659 619 4702 st
634 4667 694 4701 oum
709 4657 810 4700 electus
825 4656 935 4712 longum
952 4655 1005 4698 iter
1019 4665 1049 4699 ac
1063 4653 1168 4699 difficile
1183 4660 1298 4712 nequeat

547 4723 688 4780 suscipere,
704 4727 742 4778 ut,
755 4722 823 4779 quod
838 4722 1009 4766 vehementer
1023 4724 1136 4778 optaret,
1153 4722 1179 4767 iu
1194 4723 1296 4768 Almam

547 4791 643 4836 Urbem
658 4802 686 4836 se
699 4791 825 4844 conferat,
839 4788 905 4834 item
920 4799 967 4846 per
985 4788 1093 4834 litteras
1115 4799 1162 4833 nos
1183 4793 1252 4844 orat,
1267 4793 1296 4834 ut

547 4860 675 4904 honorem
691 4858 741 4903 sihi
757 4859 829 4903 Sacri
844 4857 1297 4914 1111111111111111111111011111-

548 4938 592 4972 sae
607 4937 623 4972 a
633 4937 669 4978 se,
679 4925 711 4970 ad
722 4935 842 4970 normam
855 4925 983 4970 formulae
993 4927 1026 4970 ah
1036 4925 1140 4970 Urbano
1150 4929 1213 4972 vill.
1225 4936 1299 4983 prae-

547 4993 671 5050 scriptae,
687 4991 748 5037 11111
761 4991 908 5038 catholicae
927 4992 1097 5048 professionis
1112 4994 1238 5040 solemnis
1254 5004 1297 5038 au·

548 5059 697 5104 tbentioum
712 5059 745 5105 ad
760 5071 808 5104 uos
824 5058 897 5104 misit
912 5059 1109 5106 documentum.

588 5131 658 5177 Quae
672 5138 733 5172 cum
748 5126 787 5172 ita
806 5125 869 5182 sint,
882 5129 905 5170 S.
922 5128 1096 5184 congregatio
1111 5128 1298 5186 Propagandae

547 5193 629 5249 Fidei,
648 5205 678 5239 re
699 5193 867 5240 considerata
888 5204 915 5238 et
936 5194 1027 5240 sedulo
1048 5207 1185 5252 perpensa,
1207 5207 1297 5253 preces

547 5260 622 5306 nobis
644 5259 805 5305 exhibendas
826 5261 951 5316 decrerit,
973 5265 1002 5305 ut
1023 5261 1185 5308 auctoritate
1206 5265 1298 5308 nostra

547 5327 702 5374 michaelem
714 5327 984 5373 Der-hsdvazadurian
996 5329 1228 5387 archiepiscopum
1239 5333 1298 5375 Cae·

547 5395 714 5451 1111110111,
731 5395 836 5442 nomine
851 5396 882 5440 de
903 5407 975 5441 more
990 5401 1136 5454 assumpto,
1155 5397 1298 5453 Gregorius

547 5465 641 5508 Petrus
656 5466 769 5508 octavus
783 5463 883 5520 placuit
902 5464 1057 5520 nuncupari,
1073 5463 1100 5508 in
1114 5463 1297 5510 patriarcham

546 5531 735 5576 confirmemus
756 5535 933 5576 armenorum
956 5531 1069 5586 Ciliciae,
1084 5535 1112 5576 et
1127 5533 1198 5576 Sacri
1221 5532 1298 5578 Pallii

547 5600 704 5644 ornamento
714 5598 876 5642 decoremus.
888 5600 938 5642 Nos
949 5598 1034 5654 igitur
1046 5597 1221 5644 iudicavimus
1231 5599 1298 5644 eius·

442 5703 447 5720 ,
547 5665 605 5710 dem
621 5663 839 5722 congregationis
854 5665 976 5722 precihus
991 5676 1115 5711 annuere.

654 5773 720 5824 Quid
735 5773 808 5819 vobis
825 5773 947 5819 ridetur!

588 5865 753 5912 auctoritate
775 5867 969 5924 omnipotentis
989 5866 1042 5924 Dei,
1065 5871 1218 5914 sanctorum
1236 5872 1299 5925 Apo-

561 5933 677 5980 tolorum
692 5933 763 5982 Petri
778 5937 804 5980 et
820 5935 894 5981 Pauli
908 5946 939 5982 ac
953 5939 1045 5982 nostra
1066 5935 1255 5981 confirmamus
1270 5937 1297 5981 et

1072 532 1138 578 lull.
1163 531 1255 578 10111.
1279 531 1320 576 DE
1341 532 1371 576 P.
1396 531 1426 577 F.
1449 533 1533 578 PARS
1554 535 1576 578 l.

1358 652 1493 730 pastoris
1516 653 1628 715 solatio
1643 653 1806 725 destituta,
1824 670 1882 716 nos
1899 654 1936 716 ad
1952 653 2109 732 provisio-

1357 762 1433 808 nem
1455 746 1556 824 ipsius
1585 747 1803 826 patriarchalis
1826 746 1978 810 ecclesiae
2005 754 2109 825 pater-

1357 839 1406 900 nis
1429 846 1462 901 et
1482 840 1627 902 sollicitis
1649 841 1762 902 studiis
1792 841 2009 912 intendentes,
2038 848 2111 920 post

1357 932 1624 996 deliberationem
1641 949 1736 1010 quam
1753 935 1792 996 de
1804 933 2019 1012 praeficiendo
2036 934 2111 996 huic

1357 1026 1510 1088 ecclesiae
1532 1027 1733 1106 patriarchali
1754 1043 1924 1105 personam
1944 1027 2061 1089 utilem
2077 1044 2111 1090 ac

1357 1119 1452 1181 etiam
1465 1119 1663 1182 fructuosam
1679 1137 1753 1184 cum
1762 1137 1875 1183 vener.
1887 1122 2042 1184 iratribus
2055 1139 2111 1184 no·

1356 1213 1431 1274 stris
1455 1213 1485 1276 S.
1510 1213 1546 1276 ll.
1571 1215 1606 1275 E.
1631 1214 1853 1277 Cardinalibns
1875 1215 2050 1278 habuimus
2066 1216 2111 1278 di-

1356 1308 1526 1384 ligentem.
1551 1310 1688 1372 llemum
1705 1311 1743 1372 ad
1759 1317 1789 1372 te
1812 1327 1917 1389 nuper
1942 1309 2111 1388 11111101-

1356 1417 1489 1480 scopum
1501 1401 1667 1476 cesareae,
1678 1419 1776 1481 quem
1792 1403 1996 1466 venerabiles
2012 1405 2110 1466 etiam

1356 1493 1471 1557 iratres
1494 1497 1596 1558 nostri
1623 1497 1771 1576 Episcopi
1796 1498 1943 1560 catholici
1969 1498 2110 1559 nationis

1356 1587 1484 1651 Ciliciae
1506 1590 1725 1652 armenorum
1748 1592 1785 1654 ad
1798 1592 2044 1670 patriarchalem
2061 1609 2111 1654 ec·

1356 1681 1486 1744 11111111
1515 1683 1701 1746 huiusmodi
1724 1700 1782 1762 pro
1810 1685 1896 1746 illius
1928 1685 2112 1749 Patriarcha

1357 1775 1530 1853 elegerunt
1551 1793 1608 1838 seu
1631 1779 1852 1855 postularunt,
1877 1780 1990 1857 qniqne
2015 1779 2111 1860 fidant

1355 1868 1548 1932 catholicam
1570 1869 1667 1934 1110110
1696 1872 1853 1934 articulos
1874 1873 2069 1954 iampridem
2091 1891 2112 1936 1

1357 1959 1433 2024 Sede
1445 1961 1627 2042 Apostolica
1642 1963 1861 2028 Orientalibus
1869 1969 2112 2048 praescriptam

1356 2057 1671 2137 capresseprofessns
1679 2057 1787 2138 [111111
1797 2061 2005 2124 consideratis
2016 2077 2113 2138 gran-

1357 2148 1447 2210 dium
1468 2149 1628 2213 rirtutum
1650 2153 1775 2214 meritis
1797 2153 1913 2230 quibus
1936 2171 2112 2232 personam

1357 2248 1444 2304 tuam
1467 2242 1597 2306 illarum
1626 2245 1761 2321 largitor
1788 2247 1972 2310 ditissimus
1998 2249 2112 2310 multi-

1356 2337 1483 2415 pliciter
1497 2337 1677 2416 insignivit,
1692 2346 1725 2401 et
1738 2341 1942 2404 attendentes
1957 2343 2047 2420 quod
2064 2350 2111 2414 tu,

1357 2432 1412 2510 qui
1437 2432 1475 2493 ad
1501 2432 1804 2512 archiepiscopalem
1827 2435 1994 2498 ecclesiam
2018 2435 2114 2499 Cesa-

1353 2634 1533 2691 approbamus
1548 2635 1714 2688 electionem,
1729 2647 1776 2682 seu
1790 2638 2009 2694 postulationem,
2024 2640 2054 2684 in
2069 2643 2114 2685 Pa·

1355 2699 1500 2747 triarcham
1516 2701 1622 2748 Ciliciae
1638 2709 1814 2748 armenorum
1830 2705 1883 2749 rite
1899 2705 1994 2751 factam
2011 2706 2044 2750 de
2055 2718 2114 2764 per-

1353 2779 1417 2814 sona
1439 2769 1568 2826 praedicti
1583 2769 1779 2828 archiepiscopi
1802 2771 1938 2817 Michaelis
1954 2765 2113 2819 ber-sadra·

1353 2833 1489 2896 zadurian,
1505 2845 1574 2879 nunc
1588 2834 1710 2890 Gregorii
1726 2837 1806 2888 Petri,
1820 2848 1898 2894 quem
1913 2839 2082 2885 absolvimus
2097 2850 2114 2884 1

1353 2901 1471 2956 vinculo,
1494 2913 1546 2958 quo
1568 2903 1725 2958 tenebatur,
1750 2905 1881 2950 Ecclesiae
1896 2905 2114 2964 s1·chieplscopa-

1353 2971 1385 3014 lis
1400 2969 1593 3024 caesareensis,
1608 2975 1634 3015 et
1650 2971 1837 3017 transierimus
1852 2973 1885 3018 ad
1899 2973 2111 3030 patriarchalem

1352 3037 1499 3094 praelatam
1516 3037 1669 3090 Ecclesiam,
1684 3038 1868 3094 praeficientes
1881 3051 1942 3084 eum
1954 3039 2112 3087 1111111111-

1353 3105 1430 3149 cham
1445 3107 1471 3150 et
1487 3106 1623 3149 Pastorem
1645 3105 1703 3150 eius
1725 3106 1851 3160 nationis,
1866 3113 1945 3164 prout
1960 3109 1987 3154 in
2002 3109 2113 3154 decreto

1351 3173 1378 3214 et
1393 3171 1520 3216 schedula
1534 3171 1714 3216 consistoriali
1729 3174 1905 3230 exprimetur.

1392 3241 1420 3282 ln
1435 3239 1542 3286 nonrine
1559 3241 1717 3290 1111111111
1732 3240 1867 3292 11111111
1883 3243 1999 3299 spiritus
2011 3247 2035 3294 111
2049 3247 2113 3290 San·

1352 3307 1501 3352 11111111.

1393 3442 1518 3487 absoluto
1535 3453 1595 3488 vero
1610 3441 1780 3500 Corrsistorio,
1796 3446 1922 3491 sacerdos
1938 3450 2051 3492 Ioannes
2067 3451 2113 3493 Το-

1354 3519 1402 3567 pos
1423 3510 1595 3556 Patriorchae
1619 3514 1777 3566 procurator
1798 3511 1835 3557 sic
1860 3513 1980 3558 Pontillci
2004 3515 2113 3570 gratias

1353 3577 1416 3634 egit.

1515 3715 1670 3757 Rectissime
1684 3715 1765 3758 Pater

1394 3845 1476 3892 Cilica
1496 3847 1685 3903 patrlarchalis
1707 3847 1832 3902 Ecclesia,
1847 3851 2003 3896 beatissime
2020 3855 2111 3908 Pater,

1354 3916 1530 3957 armenorum
1552 3915 1761 3968 catholicorum,
1784 3926 1852 3970 quae
1874 3917 2046 3963 patriarchae
2069 3919 2112 3964 sni

1353 3979 1427 4024 obitu
1443 3979 1551 4026 viduata
1566 3981 1691 4037 squalens
1705 3993 1735 4027 ac
1750 3982 1908 4038 perturbata
1929 3991 2111 4042 remanserat,

1354 4046 1431 4091 bodie
1447 4047 1621 4093 iucunditatis
1635 4050 1732 4095 stolum
1748 4050 1848 4097 iterum
1871 4051 1966 4105 induit,
1983 4053 2113 4098 maxima·

1354 4127 1404 4171 que
1419 4115 1524 4160 laetitia
1535 4117 1711 4172 pertunditur,
1724 4119 1792 4174 qnod
1803 4119 1961 4165 electionem
1972 4125 2114 4176 praestan-

1355 4182 1453 4228 tissimi
1462 4181 1511 4227 viri
1522 4183 1621 4228 domini
1631 4186 1750 4242 Gregorii
1759 4187 2113 4233 ner-ssdvazaduriancom-

1356 4251 1429 4296 muni
1448 4251 1636 4308 Episcoporurn
1656 4254 1827 4299 consensione
1847 4266 1932 4311 nuper
1951 4255 2060 4312 iactam,
2085 4257 2113 4302 in

1355 4319 1536 4364 patriarcham
1551 4319 1696 4376 apostolica
1711 4323 1757 4366 tua
1771 4323 1934 4368 auctoritate
1948 4324 2112 4371 coutlrmare

1354 4385 1480 4442 dignatus
1495 4385 1539 4438 sis,
1555 4397 1668 4444 eumque
1684 4388 1757 4432 Sacri
1773 4388 1848 4434 ratiti
1862 4389 1893 4434 de
1906 4389 1960 4434 divi
1971 4391 2044 4435 Petri
2053 4403 2113 4436 cor·

1355 4463 1417 4509 pore
1432 4454 1540 4508 sumpti,
1555 4453 1582 4497 in
1597 4465 1649 4510 quo
1664 4453 1800 4510 plenitudo
1812 4456 1954 4512 potestatis
1963 4459 2111 4514 pastoralis

1355 4523 1404 4574 est,
1418 4522 1576 4566 ornamento
1591 4521 1719 4566 hodierna
1732 4521 1775 4568 die
1789 4523 1922 4570 decorare.

1396 4588 1571 4638 Quamobrem
1586 4599 1634 4644 pro
1648 4591 1724 4634 tanto
1739 4589 1787 4634 hoc
1796 4591 1893 4636 colluto
1903 4591 2038 4649 beneflcio,
2049 4597 2110 4639 tum

1355 4654 1437 4712 ipsius
1459 4653 1639 4710 patriarchae,
1656 4658 1712 4700 tum
1729 4657 1809 4702 etiam
1834 4659 1918 4703 totius
1933 4660 2050 4705 nationis
2065 4671 2111 4705 no-

1355 4722 1435 4774 mine,
1450 4723 1618 4767 immortales
1632 4723 1796 4768 restituerat
1813 4727 1874 4770 tuae
1888 4737 1939 4782 ago
1953 4725 2063 4784 gratias,
2080 4727 2110 4772 il-

1354 4790 1400 4834 101
1421 4801 1525 4847 quoque
1547 4791 1627 4835 simul
1649 4795 1723 4836 certo
1745 4795 1874 4838 testatum
1896 4794 1963 4848 volo,
1979 4795 2110 4851 preclaris

1354 4857 1432 4902 illum
1456 4857 1621 4906 ornamentis
1643 4857 1704 4903 istis
1723 4862 1749 4904 et
1765 4858 1893 4906 benevola
1913 4861 2048 4918 pontificia
2067 4875 2110 4907 vo·

1354 4925 1459 4970 luntate
1474 4926 1635 4980 devinctum,
1645 4926 1671 4970 in
1685 4927 1833 4983 gratissimi
1844 4927 1884 4972 sui
1895 4929 1980 4974 animi
1990 4931 2108 4976 luculen-

1354 4991 1408 5036 tius
1423 4995 1612 5048 argumentum
1634 4991 1789 5048 promittere
1809 5005 1869 5038 cum
1885 4995 1934 5041 hac
1948 4997 2044 5042 Sancta
2060 4999 2109 5042 Ro-

1355 5069 1486 5115 manaque
1502 5058 1618 5104 Ecclesia
1638 5063 1724 5104 matre
1738 5071 1769 5105 ac
1784 5061 1913 5116 magistra
1927 5063 2046 5108 omnium
2064 5067 2109 5110 Ec·

1354 5125 1506 5182 clesiarum,
1528 5137 1588 5171 cum
1610 5138 1664 5184 qna
1685 5130 1794 5184 propter
1815 5128 1994 5186 principatum
2015 5141 2108 5176 omnes

1353 5193 1503 5238 consentire
1526 5193 1655 5238 Ecclesiae
1677 5205 1783 5239 necesse
1797 5201 1847 5248 est,
1862 5195 2017 5242 firmissime
2031 5209 2059 5243 se
2074 5200 2108 5244 ad

1355 5264 1468 5305 mortem
1484 5271 1568 5316 usque
1582 5261 1768 5305 communione
1782 5262 1971 5308 adhaesurum.

1393 5329 1478 5384 Atque
1493 5326 1727 5382 1111,Β1111111111
1742 5331 1840 5381 Parsa,
1856 5329 1883 5372 in
1899 5341 1950 5385 quo
1965 5333 2059 5376 Petrus
2071 5331 2108 5376 in-

1356 5395 1496 5450 telligatur
1510 5400 1537 5439 11
1553 5395 1707 5450 1011111111,
1729 5395 1805 5441 cuius
1826 5396 1945 5453 dignitas
1959 5397 1987 5443 11
2002 5399 2107 5455 Optimo

1354 5462 1454 5507 Herede
1469 5473 1520 5507 non
1535 5462 1632 5517 delicit,
1649 5474 1695 5519 per
1711 5473 1753 5507 me
1770 5463 1905 5519 promittit
1919 5465 2106 5520 obedientiam,

1355 5530 1481 5574 honorem
1497 5533 1523 5575 et
1538 5530 1725 5586 reverentiam,
1736 5530 1856 5586 nihilque
1871 5531 1922 5588 ipsi
1937 5531 2055 5578 sanctius
2070 5535 2107 5578 lu·

1356 5602 1457 5654 turum,
1468 5609 1548 5656 quam
1559 5599 1648 5644 omnia
1664 5599 1718 5643 sive
1733 5598 1814 5652 iussa,
1824 5599 1880 5643 sive
1895 5599 1997 5646 monita
2008 5602 2107 5647 Sancti-

1355 5665 1419 5712 tatis
1436 5669 1514 5720 Tuae,
1532 5669 1669 5722 tamquam
1685 5665 1717 5710 ab
1732 5665 1789 5722 ipso
1803 5667 1876 5710 Petri
1899 5677 1945 5712 ore
1960 5667 2105 5725 manantia,

1355 5733 1475 5790 excipere
1490 5743 1520 5778 ac
1534 5732 1664 5778 venerari.

1396 5799 1570 5845 Clementiam
1586 5802 1668 5844 Tuam
1679 5798 1791 5855 denique
1802 5810 1849 5846 oro
1859 5802 1940 5857 atque
1950 5801 2066 5856 obsecro,
2076 5803 2105 5846 ut

1341 5867 1473 5924 vdigneris
1494 5867 1677 5913 Patriarcham
1701 5866 1786 5922 ipsum
1802 5878 1832 5912 ac
1850 5870 1956 5923 gentem
1976 5868 2002 5913 ei
2021 5867 2106 5914 subdi·

1356 5936 1412 5980 tam
1426 5933 1587 5992 apostolicae
1603 5933 1794 5980 benedictionis
1809 5933 1935 5981 beneflcio
1949 5946 2078 5982 recreare.

2139 521 2187 570 111.
2200 525 2225 574 G.
2251 530 2259 576 i
2280 534 2315 582 111
