1290 1823
92 170 120 183 An.
128 171 146 184 C.
159 171 194 184 1841

513 173 601 186 GREGOMUS
611 173 637 185 ΡΡ.
649 173 682 185 ΧΠ,

210 204 308 219 sacerdotem
322 205 343 222 et,
355 204 399 219 clero
413 204 498 219 deficiente
512 203 584 221 omnino.

210 231 239 247 per
250 227 320 247 aliquem
331 227 380 243 alium
392 227 505 247 presbyterum
517 227 585 243 saecula-

210 255 245 266 rem
256 251 283 266 vel
291 251 383 270 regularem
391 253 469 271 spectatae
478 251 560 270 probitatis
570 252 586 266 et

210 274 294 294 religionis
308 274 328 290 de
339 274 433 294 supradictis
448 274 523 290 omnibus
538 274 585 293 plene

210 298 313 313 instructum.
325 298 347 313 De
357 298 449 314 huiusmodi
457 300 510 313 autern
519 297 585 317 impedi-

210 323 265 336 mento
277 321 337 337 docebo
349 325 377 340 per
388 321 475 341 legittimas
483 321 585 340 probationes

209 345 228 360 ad
240 344 256 360 S.
268 344 285 360 tt.
298 344 316 360 E.
328 344 428 360 Cardinalem
440 346 557 364 proponentem
568 344 584 360 in

210 367 339 387 Congregatione
356 368 396 383 sacri
412 368 478 383 Concilii
495 368 584 383 Tridentini

210 395 239 410 per
245 391 354 411 supradictum
361 391 441 407 Nunnium
447 391 583 407 transmittendas.

210 414 321 430 Possessiones
332 418 372 430 vero
380 415 397 430 ad
406 419 477 430 mensam
489 418 541 430 meam
550 419 585 434 per-

210 438 280 453 tinentes
286 442 318 453 non
326 438 395 453 vendam
402 442 455 457 neque
461 438 524 453 donatio
532 442 584 457 neque

210 461 323 481 impignorabo
339 465 392 481 neque
407 462 426 477 de
443 465 485 477 novo
499 461 585 477 infeudabo

210 485 236 500 vel
244 485 298 504 aliquo
305 485 353 501 modo
361 485 439 503 alienabo.
448 485 494 500 etiam
503 489 539 500 cuni
548 489 584 500 oon-

210 512 259 524 sensu
270 509 309 524 cleri
323 509 431 524 datriarchalis
443 509 519 524 ecclesiae
533 513 583 526 meae.

211 532 301 547 inconsulto
314 532 385 547 Romano
400 532 481 548 Pontiflce
497 532 517 547 Et
527 532 585 548 consti-

211 555 289 571 tutionem
301 559 350 575 super
364 555 471 575 prohibitione
483 556 585 571 investitura>

210 582 252 596 rum.
261 578 341 594 bonorum
351 579 500 594 iurisdictionalium
513 579 532 594 de
543 583 585 595 anno

211 601 274 617 Domini
285 602 372 617 millesimo
380 602 498 617 sexcentesimo
505 602 585 622 vigesimo

210 625 267 644 quinto
279 625 337 641 editam
349 625 422 643 servabo.
435 627 451 640 et
461 625 474 640 si
485 626 504 641 ad
515 626 584 645 aliquam

210 648 322 664 alienationem
330 649 418 666 devenero.
426 653 485 668 poenas
492 649 509 664 in
517 649 584 668 quadam

210 676 260 692 super
273 672 303 688 hoo
317 673 359 688 edita
372 672 487 688 constitutione
502 674 585 688 contentas

210 700 229 711 eo
241 696 275 715 ipso
286 696 371 712 incurrere
381 696 424 711 volo.
437 696 462 711 Sic
474 700 499 711 me
506 696 548 711 Deus
559 696 584 712 ad-

210 719 255 735 iuvet
265 721 281 735 et
292 719 330 735 haec
341 719 397 735 Sancta
408 720 436 735 Dei
447 719 540 739 Evangelia.

230 742 286 758 Datum
301 743 360 758 Romae
375 743 415 762 apud
431 742 446 758 S.
462 742 527 758 Petrum
543 747 584 758 anno

210 766 323 782 incarnationis
334 766 423 782 dominicae
438 766 525 782 millesimo
536 767 584 782 ottin-

210 790 301 809 gentesimo
315 790 438 809 quadragesimo
452 790 512 809 primo.
528 790 584 809 quinto

210 813 285 829 kalendas
301 813 398 830 februarias.
417 813 517 833 pontificatus
534 814 583 829 nostri

209 841 251 852 anno
262 837 353 853 undecimo.

346 930 447 946 CLxxxvu.

210 977 317 993 Patr-*arctae
323 977 396 993 nationis
402 977 522 993 Maronitarum
528 977 584 993 scribit

229 1001 248 1016 de
263 1000 343 1018 mondus,
355 1005 395 1020 quae
409 1000 497 1016 catholicae
511 1001 584 1016 nationes

230 1024 304 1040 tribuunt
314 1025 332 1039 ut
344 1023 430 1040 Maronitis
438 1025 452 1039 et
460 1024 534 1040 eccleciae
541 1024 584 1044 apud

229 1048 264 1064 illan
272 1047 307 1064 boun·
317 1047 466 1063 viotsn'tuau'ninbus
474 1047 543 1067 afflictae
549 1052 584 1063 mc-

229 1073 304 1087 currant.

247 1118 333 1134 Venerabili
344 1118 388 1134 tratri
400 1117 464 1138 losepbo
476 1117 547 1134 Nabataei

231 1141 330 1158 Patriarcbne
342 1141 436 1158 Antiocheno
448 1140 564 1160 Maronitarum,

297 1187 407 1204 attenuatus
419 1188 448 1205 ΡΡ.
460 1187 496 1204 ΧῊ.

316 1234 412 1251 Venerabilis
423 1235 476 1254 trater,

227 1259 291 1276 satutem
303 1259 319 1275 et
330 1258 428 1279 apostolicam
440 1258 566 1275 benedictionem.

229 1306 281 1325 Ouum
292 1306 360 1321 dilectus
368 1305 410 1321 fliius
417 1305 491 1321 Nicolaus
499 1305 553 1321 Murad
560 1310 584 1321 ec-

210 1330 267 1346 clesiae
274 1332 310 1345 tuae
317 1329 420 1349 negotiorum
428 1331 482 1349 gestor
490 1329 507 1345 in
513 1329 582 1345 Montem

210 1354 287 1370 Libanum
295 1355 412 1371 reverteretur.
419 1353 549 1373 praetermittere
556 1357 584 1369 no-

210 1377 275 1395 luimus
287 1378 305 1393 ut
315 1377 374 1392 litteris
388 1376 431 1392 hisco
442 1378 513 1392 nostram
526 1376 584 1392 sollici-

211 1401 282 1416 tudinem
289 1402 394 1419 nostramque
405 1400 508 1415 dilectionem
517 1401 551 1415 tum
559 1404 584 1416 er>

210 1428 229 1443 ga
239 1424 355 1440 fraternitatem
367 1425 416 1441 tuam.
425 1427 461 1439 oum
470 1427 508 1442 erga
519 1423 584 1439 univer*

209 1451 242 1463 sam
254 1447 367 1463 Maronitarum
379 1448 443 1466 gentem
455 1447 582 1462 testiflcaremus.

209 1471 232 1487 Ob
243 1471 339 1487 calamitates
349 1475 387 1486 sane
399 1470 504 1490 gravissimas,
515 1474 553 1490 quas
564 1470 583 1486 ab

210 1494 294 1510 hostilibus
305 1494 354 1510 armis
365 1494 466 1510 Sanctissima
471 1493 531 1509 Christi
542 1494 583 1509 Reli-

210 1518 236 1538 gio
247 1518 283 1534 istic
290 1522 365 1538 perpessa
376 1519 406 1536 est.
414 1518 470 1533 intima
478 1517 546 1533 contecti
554 1517 583 1533 lui-

947 170 976 185 26³

612 207 649 218 mus
663 203 777 222 amaritudinen
789 207 847 219 verum
860 207 879 219 eo
890 204 925 219 loco
939 203 974 223 posi

612 230 643 246 qua
654 227 759 243 contritiones
767 227 815 243 lsrael
823 227 907 247 deplorare
915 231 948 242 non
955 231 973 242 su

613 250 650 268 ficit.
659 254 679 266 eo
689 254 734 266 curas
745 250 882 270 cogitationesque
894 253 957 266 nostras
964 250 976 266 ii

612 273 700 292 tendimus,
709 275 727 289 ut
732 276 810 293 quantum
818 278 846 294 per
854 278 883 290 nos
891 274 926 290 lieri
934 278 976 294 poss‹

612 297 673 312 afflictis
684 297 798 313 Maronitarum
806 298 855 313 rebus
863 298 976 317 opitularemut

612 320 653 336 Cum
664 324 704 336 vero
715 321 786 336 fidelium
799 321 880 336 caritatem
893 321 975 337 excitaver

613 348 654 362 mus.
662 346 680 359 ut
687 344 762 360 {ratribus
770 344 823 364 inopia
830 344 944 364 aerumnisque
952 348 976 364 gr}

613 368 652 383 vatis
663 368 744 387 suppetias
755 368 822 385 ferrent.
831 368 924 388 praecipuae
934 368 976 383 catii(

612 391 680 407 livorum
687 391 758 407 nationes
766 393 827 411 paratas
835 396 870 407 sese
877 391 976 407 exhibuerur

612 415 631 430 ad
642 419 660 430 ea
671 415 786 434 suppeditanda
797 415 872 432 subsidia.
881 415 939 434 quibus
951 419 976 434 pr(

611 440 670 454 stratae
686 438 721 454 istic
737 438 851 454 Maronitarum
868 438 944 454 ecclesiae
961 442 976 453 re

613 462 670 482 passim
676 462 811 479 instaurarentur.
818 463 916 481 quapropter
922 461 974 477 confld

613 489 648 501 mus
659 487 748 505 opportuna
761 485 790 501 tibi
801 485 819 500 acl
831 489 871 505 opus
885 485 943 500 auxilia
954 489 975 500 no

612 508 692 524 deiutura.
704 508 746 527 Quae
758 512 794 524 cum
806 508 827 524 ita
837 512 855 524 se
866 508 939 525 babeant.
949 512 976 523 ver

612 532 667 549 trater.
676 532 738 551 pietatis
749 532 851 551 caritatisque
862 534 899 547 tuae
909 532 941 547 erit
952 536 976 551 pr(

612 555 674 573 videre,
686 557 704 571 ut
715 559 733 570 ea
744 555 796 575 primo
807 555 824 570 in
832 555 917 575 pristinum
928 556 976 570 statui

612 579 723 596 restituantur,
731 582 771 598 quae
777 578 805 594 Dei
813 578 874 594 cultum
881 582 898 593 ac
904 578 976 597 religioni

612 602 708 618 exercitium
716 602 806 621 attingunt:
816 604 849 617 turn
859 606 899 617 vero
907 603 923 617 et
930 601 957 617 illn
964 601 973 617 (1

611 626 682 645 ligenter
693 630 755 643 curare.
767 625 825 645 quibus
836 625 926 641 miserrima
937 625 976 640 Mar<

612 649 682 665 nitarum
689 649 759 664 conditio
765 649 846 664 sublevari
853 650 906 668 queat.
913 648 976 664 Adime(

612 677 709 692 quamquam
724 677 753 688 nos
764 672 832 688 minime
843 672 890 688 lateat
904 672 976 692 pastorali

611 696 702 712 sollicitudo
716 696 820 715 studiumque
835 695 881 715 plano
897 695 976 714 SingUlnrk

612 723 644 739 quo
660 719 743 735 ecclesiam
758 719 786 734 tibi
800 719 876 734 creditam
891 718 976 734 moderaris

611 744 681 758 attamen
689 747 718 762 pro
725 746 802 762 supremo
809 742 905 762 apostolatus
913 746 945 761 quo
951 742 976 757 tur

611 766 666 785 gimur
677 770 750 784 munere,
762 770 800 781 sane
811 770 843 781 non
855 769 939 785 possumus
947 765 975 784 qui

611 789 728 805 fraternitatem
745 792 787 805 tuam
803 789 860 805 sedulo
874 789 954 808 enixeque
970 789 975 804 i

611 813 680 829 Domino
690 813 803 830 adhortemur.
815 815 833 828 ut
843 813 943 832 vigilantiam
956 816 976 832 qu

612 837 688 852 hactenus
694 837 713 852 ad
720 836 833 852 Maronitarum
840 836 957 856 procurandam
964 840 976 851 sa

611 860 662 876 lutem
670 860 762 878 incubuisti.
769 864 827 879 augeas
833 860 849 875 in
856 859 950 879 praesentia.
957 859 976 875 im

611 887 638 899 mo
646 885 662 899 et
669 883 765 903 ingemines.
774 883 852 899 Novimus
860 883 903 899 enim
911 883 976 902 regione

611 907 648 923 istas
653 907 672 923 ab
677 907 781 923 heterodoxis
787 911 820 922 non
826 907 879 926 paucis
885 906 976 926 perlustrari

611 935 631 946 ex
642 935 675 950 quo
681 931 746 950 quidem
757 931 774 946 in
781 932 860 950 quantum
868 930 955 946 discrimen
962 934 976 946 ot

611 954 709 970 tholicorum
725 954 765 970 tides
781 954 878 972 adducatur,
896 954 976 969 tristissim

611 978 684 994 omniurn
699 978 733 993 fere
748 977 849 993 saeculorum
861 981 878 993 ac
892 979 976 993 nostrorur

611 1001 706 1021 praesertim
715 1003 807 1021 temporum
813 1000 913 1020 experientia
918 1001 955 1016 satis
960 1004 976 1016 su

611 1029 673 1044 perque
679 1024 774 1040 manitestat.
780 1024 849 1040 Attende
855 1024 910 1043 igitur.
915 1027 953 1039 ven.
958 1024 976 1039 i'r,

611 1049 689 1064 universo
703 1048 758 1067 gregi.
771 1048 795 1063 cui
807 1049 823 1063 te
834 1047 907 1067 regendo
918 1047 976 1067 Spiritu

612 1072 678 1088 Sanctus
686 1071 783 1091 praeposuit.
790 1073 838 1091 atque
845 1071 862 1086 in
869 1071 885 1086 id
893 1070 941 1086 modo
949 1074 976 1090 opt

611 1099 645 1111 ram
656 1095 784 1114 industriamque
792 1098 857 1110 omnem
869 1094 933 1112 colloca,
942 1096 975 1109 uta

612 1119 669 1134 eodem
679 1119 714 1134 sive
725 1118 810 1134 haereseos
821 1118 855 1133 sive
862 1118 952 1133 schismatis
959 1121 976 1133 ν(

612 1146 672 1158 uenum
684 1143 762 1157 arceatur.
773 1141 850 1157 Ceterum
858 1141 874 1156 in
882 1141 936 1159 rebus,
945 1145 976 1160 qua

611 1166 645 1181 sive
656 1165 674 1181 ad
682 1165 706 1181 tui
716 1165 826 1183 commodum,
833 1165 868 1180 sive
875 1165 893 1180 ad
899 1164 976 1180 utilitater

611 1189 688 1205 ecclesiae
699 1190 735 1204 tuae
746 1188 856 1208 pertinebunt.
865 1190 936 1204 nostram
948 1188 976 1203 San

611 1214 678 1232 ctaeque
694 1211 739 1227 Sedis
754 1212 853 1231 Apostolicae
869 1212 976 1231 benignitatet

611 1235 727 1255 paratissimam
735 1235 769 1250 tore
778 1235 879 1255 pollicemur.
887 1235 950 1250 Interea
957 1235 976 1250 tit

612 1259 691 1278 gregique
698 1260 731 1276 tuo,
740 1262 789 1278 quem
800 1260 865 1278 paterna
877 1258 975 1278 peculiariqu

611 1282 734 1302 complectimur
744 1282 815 1300 caritate.
826 1282 928 1301 apostolicam
938 1282 976 1297 bene

612 1306 698 1321 dictionem
710 1307 812 1325 peramanter
823 1305 931 1325 impertimur.

631 1329 688 1345 Datum
699 1329 759 1345 Rornae
770 1329 811 1349 apud
823 1328 838 1344 S.
849 1328 915 1344 Petrum
922 1329 952 1344 sub
960 1333 976 1344 ar

611 1353 650 1368 nulo
663 1353 745 1368 Piscatoris
760 1353 785 1368 die
799 1357 831 1368 xvr⁴
845 1352 877 1368 teb.
891 1356 976 1368 nncccxm,

611 1376 712 1396 pontificatus
722 1376 773 1392 nostri
784 1380 826 1391 anno
838 1380 859 1391 xi.

744 1446 853 1463 CLxxxvm.

612 1494 712 1509 nemincum
723 1493 797 1513 chebvre
810 1493 840 1509 Via.
851 1493 880 1513 Ap.
893 1492 976 1509 Corbio-chi

630 1521 661 1533 nou
670 1517 750 1532 muttonis
759 1517 809 1537 eliait,
817 1517 831 1532 ιι·
839 1516 926 1537 Episcopo·
933 1516 976 1532 Metel
