<?xml version="1.0" encoding="UTF-8"?>
<!DOCTYPE html PUBLIC "-//W3C//DTD XHTML 1.0 Transitional//EN"
    "http://www.w3.org/TR/xhtml1/DTD/xhtml1-transitional.dtd">
<html xmlns="http://www.w3.org/1999/xhtml" xml:lang="en" lang="en">
 <head>
  <title>
</title>
<meta http-equiv="Content-Type" content="text/html;charset=utf-8" />
  <meta name='ocr-system' content='tesseract 3.04.00' />
  <meta name='ocr-capabilities' content='ocr_page ocr_carea ocr_par ocr_line ocrx_word'/>
</head>
<body>
  <div class='ocr_page' id='page_1' title='image "./iurispontificii01martgoog_0207.png"; bbox 0 0 4788 6980; ppageno 0'>
   <div class='ocr_carea' id='block_1_1' title="bbox 923 573 1258 620">
    <p class='ocr_par' dir='ltr' id='par_1_1' title="bbox 923 573 1258 620">
     <span class='ocr_line' id='line_1_1' title="bbox 923 573 1258 620; baseline 0 -2"><span class='ocrx_word' id='word_1_1' title='bbox 923 573 1097 619; x_wconf 75' lang='lat' dir='ltr'>caesonius</span> <span class='ocrx_word' id='word_1_2' title='bbox 1119 575 1169 618; x_wconf 78' lang='lat' dir='ltr'>PP.</span> <span class='ocrx_word' id='word_1_3' title='bbox 1193 573 1258 620; x_wconf 76' lang='lat' dir='ltr'>XVI.</span> 
     </span>
    </p>
   </div>
   <div class='ocr_carea' id='block_1_2' title="bbox 318 689 1066 5012">
    <p class='ocr_par' dir='ltr' id='par_1_2' title="bbox 318 689 1066 5012">
     <span class='ocr_line' id='line_1_2' title="bbox 320 689 1061 769; baseline 0.003 -21"><span class='ocrx_word' id='word_1_4' title='bbox 320 689 452 766; x_wconf 83' lang='lat' dir='ltr'>cepisse,</span> <span class='ocrx_word' id='word_1_5' title='bbox 484 695 663 766; x_wconf 90' lang='lat' dir='ltr'>notumque</span> <span class='ocrx_word' id='word_1_6' title='bbox 692 691 782 753; x_wconf 92' lang='lat' dir='ltr'>nobis</span> <span class='ocrx_word' id='word_1_7' title='bbox 805 698 870 762; x_wconf 86' lang='lat' dir='ltr'>est,</span> <span class='ocrx_word' id='word_1_8' title='bbox 895 697 1061 769; x_wconf 86' lang='lat' dir='ltr'>praetextu</span> 
     </span>
     <span class='ocr_line' id='line_1_3' title="bbox 320 780 1063 846; baseline 0.004 -5"><span class='ocrx_word' id='word_1_9' title='bbox 320 780 513 844; x_wconf 79' lang='lat' dir='ltr'>defendendi</span> <span class='ocrx_word' id='word_1_10' title='bbox 540 799 573 844; x_wconf 88' lang='lat' dir='ltr'>ac</span> <span class='ocrx_word' id='word_1_11' title='bbox 602 783 813 846; x_wconf 90' lang='lat' dir='ltr'>conservandi</span> <span class='ocrx_word' id='word_1_12' title='bbox 845 784 914 844; x_wconf 88' lang='lat' dir='ltr'>iura</span> <span class='ocrx_word' id='word_1_13' title='bbox 940 783 1063 844; x_wconf 89' lang='lat' dir='ltr'>dioece-</span> 
     </span>
     <span class='ocr_line' id='line_1_4' title="bbox 320 873 1063 952; baseline 0.004 -21"><span class='ocrx_word' id='word_1_14' title='bbox 320 873 403 933; x_wconf 89' lang='lat' dir='ltr'><strong>sium</strong></span> <span class='ocrx_word' id='word_1_15' title='bbox 437 874 566 935; x_wconf 88' lang='lat' dir='ltr'>illarum</span> <span class='ocrx_word' id='word_1_16' title='bbox 594 875 704 952; x_wconf 89' lang='lat' dir='ltr'>plures</span> <span class='ocrx_word' id='word_1_17' title='bbox 731 875 835 946; x_wconf 89' lang='lat' dir='ltr'>abuti,</span> <span class='ocrx_word' id='word_1_18' title='bbox 868 883 904 937; x_wconf 92' lang='lat' dir='ltr'>ut</span> <span class='ocrx_word' id='word_1_19' title='bbox 931 875 1063 938; x_wconf 75' lang='lat' dir='ltr'>vicariis</span> 
     </span>
     <span class='ocr_line' id='line_1_5' title="bbox 320 963 1063 1046; baseline 0.004 -21"><span class='ocrx_word' id='word_1_20' title='bbox 320 963 520 1042; x_wconf 68' lang='lat' dir='ltr'>apostolicis,</span> <span class='ocrx_word' id='word_1_21' title='bbox 545 983 625 1044; x_wconf 91' lang='lat' dir='ltr'>quos</span> <span class='ocrx_word' id='word_1_22' title='bbox 641 967 739 1030; x_wconf 83' lang='lat' dir='ltr'>Sedes</span> <span class='ocrx_word' id='word_1_23' title='bbox 755 968 934 1046; x_wconf 75' lang='lat' dir='ltr'>Apostolica</span> <span class='ocrx_word' id='word_1_24' title='bbox 949 969 1063 1030; x_wconf 90' lang='lat' dir='ltr'>consti—</span> 
     </span>
     <span class='ocr_line' id='line_1_6' title="bbox 320 1058 1064 1138; baseline 0.005 -20"><span class='ocrx_word' id='word_1_25' title='bbox 320 1058 391 1130; x_wconf 86' lang='lat' dir='ltr'>tuit,</span> <span class='ocrx_word' id='word_1_26' title='bbox 416 1060 575 1132; x_wconf 82' lang='lat' dir='ltr'><strong>resistant,</strong></span> <span class='ocrx_word' id='word_1_27' title='bbox 594 1077 707 1122; x_wconf 91' lang='lat' dir='ltr'>eorum</span> <span class='ocrx_word' id='word_1_28' title='bbox 724 1061 944 1123; x_wconf 88' lang='lat' dir='ltr'>auctoritatem</span> <span class='ocrx_word' id='word_1_29' title='bbox 966 1077 1064 1138; x_wconf 91' lang='lat' dir='ltr'>oppu-</span> 
     </span>
     <span class='ocr_line' id='line_1_7' title="bbox 320 1153 1064 1231; baseline 0.005 -21"><span class='ocrx_word' id='word_1_30' title='bbox 320 1157 421 1226; x_wconf 91' lang='lat' dir='ltr'>gnent</span> <span class='ocrx_word' id='word_1_31' title='bbox 450 1159 482 1214; x_wconf 91' lang='lat' dir='ltr'>et</span> <span class='ocrx_word' id='word_1_32' title='bbox 510 1153 646 1214; x_wconf 82' lang='lat' dir='ltr'>schisma</span> <span class='ocrx_word' id='word_1_33' title='bbox 676 1154 892 1231; x_wconf 91' lang='lat' dir='ltr'>perniciosum</span> <span class='ocrx_word' id='word_1_34' title='bbox 925 1154 1064 1214; x_wconf 84' lang='lat' dir='ltr'>excitare</span> 
     </span>
     <span class='ocr_line' id='line_1_8' title="bbox 319 1245 1061 1318; baseline 0.004 -15"><span class='ocrx_word' id='word_1_35' title='bbox 319 1251 489 1307; x_wconf 91' lang='lat' dir='ltr'>conentur.</span> <span class='ocrx_word' id='word_1_36' title='bbox 506 1245 600 1307; x_wconf 83' lang='lat' dir='ltr'>Plane</span> <span class='ocrx_word' id='word_1_37' title='bbox 616 1247 784 1318; x_wconf 91' lang='lat' dir='ltr'>sentimus,</span> <span class='ocrx_word' id='word_1_38' title='bbox 809 1262 878 1316; x_wconf 90' lang='lat' dir='ltr'>nos,</span> <span class='ocrx_word' id='word_1_39' title='bbox 897 1261 936 1308; x_wconf 83' lang='lat' dir='ltr'>ex</span> <span class='ocrx_word' id='word_1_40' title='bbox 949 1245 1061 1316; x_wconf 82' lang='lat' dir='ltr'>officio,</span> 
     </span>
     <span class='ocr_line' id='line_1_9' title="bbox 320 1336 1064 1412; baseline 0.003 -15"><span class='ocrx_word' id='word_1_41' title='bbox 320 1337 406 1412; x_wconf 93' lang='lat' dir='ltr'>quod</span> <span class='ocrx_word' id='word_1_42' title='bbox 428 1336 513 1398; x_wconf 83' lang='lat' dir='ltr'>Deus</span> <span class='ocrx_word' id='word_1_43' title='bbox 535 1338 626 1400; x_wconf 92' lang='lat' dir='ltr'>nobis</span> <span class='ocrx_word' id='word_1_44' title='bbox 648 1339 681 1400; x_wconf 94' lang='lat' dir='ltr'>in</span> <span class='ocrx_word' id='word_1_45' title='bbox 702 1339 738 1399; x_wconf 87' lang='lat' dir='ltr'>D.</span> <span class='ocrx_word' id='word_1_46' title='bbox 756 1339 841 1400; x_wconf 90' lang='lat' dir='ltr'>Petri</span> <span class='ocrx_word' id='word_1_47' title='bbox 863 1338 1064 1401; x_wconf 80' lang='lat' dir='ltr'>successione</span> 
     </span>
     <span class='ocr_line' id='line_1_10' title="bbox 320 1429 1064 1504; baseline 0.001 -15"><span class='ocrx_word' id='word_1_48' title='bbox 320 1429 490 1502; x_wconf 91' lang='lat' dir='ltr'>commisit,</span> <span class='ocrx_word' id='word_1_49' title='bbox 508 1431 639 1493; x_wconf 89' lang='lat' dir='ltr'>omnino</span> <span class='ocrx_word' id='word_1_50' title='bbox 655 1432 770 1504; x_wconf 92' lang='lat' dir='ltr'>teneri,</span> <span class='ocrx_word' id='word_1_51' title='bbox 788 1439 823 1492; x_wconf 85' lang='grc' dir='ltr'>ιιι</span> <span class='ocrx_word' id='word_1_52' title='bbox 838 1431 997 1492; x_wconf 81' lang='lat' dir='ltr'>Ecclesiae</span> <span class='ocrx_word' id='word_1_53' title='bbox 1012 1446 1064 1492; x_wconf 89' lang='lat' dir='ltr'>cu-</span> 
     </span>
     <span class='ocr_line' id='line_1_11' title="bbox 320 1522 1065 1600; baseline 0.005 -20"><span class='ocrx_word' id='word_1_54' title='bbox 320 1536 387 1582; x_wconf 90' lang='lat' dir='ltr'>ram</span> <span class='ocrx_word' id='word_1_55' title='bbox 410 1522 443 1582; x_wconf 95' lang='lat' dir='ltr'>in</span> <span class='ocrx_word' id='word_1_56' title='bbox 465 1522 573 1584; x_wconf 90' lang='lat' dir='ltr'>dissita</span> <span class='ocrx_word' id='word_1_57' title='bbox 595 1524 690 1585; x_wconf 91' lang='lat' dir='ltr'>etiam</span> <span class='ocrx_word' id='word_1_58' title='bbox 710 1524 852 1600; x_wconf 87' lang='lat' dir='ltr'>qualibet</span> <span class='ocrx_word' id='word_1_59' title='bbox 869 1523 955 1584; x_wconf 92' lang='lat' dir='ltr'>orbis</span> <span class='ocrx_word' id='word_1_60' title='bbox 976 1529 1065 1600; x_wconf 90' lang='lat' dir='ltr'>parte</span> 
     </span>
     <span class='ocr_line' id='line_1_12' title="bbox 320 1616 1064 1693; baseline 0.004 -18"><span class='ocrx_word' id='word_1_61' title='bbox 320 1629 482 1691; x_wconf 71' lang='lat' dir='ltr'>geramus</span> <span class='ocrx_word' id='word_1_62' title='bbox 500 1631 601 1693; x_wconf 90' lang='lat' dir='ltr'>eaque</span> <span class='ocrx_word' id='word_1_63' title='bbox 615 1617 835 1688; x_wconf 90' lang='lat' dir='ltr'>decernamus,</span> <span class='ocrx_word' id='word_1_64' title='bbox 849 1632 930 1693; x_wconf 86' lang='lat' dir='ltr'>quae</span> <span class='ocrx_word' id='word_1_65' title='bbox 942 1616 979 1677; x_wconf 92' lang='lat' dir='ltr'>ad</span> <span class='ocrx_word' id='word_1_66' title='bbox 992 1616 1064 1678; x_wconf 89' lang='lat' dir='ltr'>reli-</span> 
     </span>
     <span class='ocr_line' id='line_1_13' title="bbox 320 1707 1065 1786; baseline 0.004 -19"><span class='ocrx_word' id='word_1_67' title='bbox 320 1707 450 1783; x_wconf 88' lang='lat' dir='ltr'>gionem</span> <span class='ocrx_word' id='word_1_68' title='bbox 465 1709 586 1785; x_wconf 90' lang='lat' dir='ltr'>ubique</span> <span class='ocrx_word' id='word_1_69' title='bbox 599 1710 767 1771; x_wconf 88' lang='lat' dir='ltr'>iuvandam</span> <span class='ocrx_word' id='word_1_70' title='bbox 781 1710 960 1770; x_wconf 83' lang='lat' dir='ltr'>conducere</span> <span class='ocrx_word' id='word_1_71' title='bbox 972 1725 1065 1786; x_wconf 91' lang='lat' dir='ltr'>posse</span> 
     </span>
     <span class='ocr_line' id='line_1_14' title="bbox 319 1799 1064 1878; baseline 0.004 -19"><span class='ocrx_word' id='word_1_72' title='bbox 319 1800 479 1862; x_wconf 80' lang='lat' dir='ltr'>videmus.</span> <span class='ocrx_word' id='word_1_73' title='bbox 503 1799 746 1863; x_wconf 77' lang='lat' dir='ltr'>communicato</span> <span class='ocrx_word' id='word_1_74' title='bbox 762 1801 862 1878; x_wconf 86' lang='lat' dir='ltr'>igitur</span> <span class='ocrx_word' id='word_1_75' title='bbox 877 1800 1010 1863; x_wconf 92' lang='lat' dir='ltr'>consilio</span> <span class='ocrx_word' id='word_1_76' title='bbox 1025 1801 1064 1862; x_wconf 90' lang='lat' dir='ltr'>de</span> 
     </span>
     <span class='ocr_line' id='line_1_15' title="bbox 320 1893 1064 1970; baseline 0.001 -17"><span class='ocrx_word' id='word_1_77' title='bbox 320 1899 383 1954; x_wconf 81' lang='grc' dir='ltr'>ιιιι</span> <span class='ocrx_word' id='word_1_78' title='bbox 407 1895 497 1970; x_wconf 87' lang='lat' dir='ltr'>gravi</span> <span class='ocrx_word' id='word_1_79' title='bbox 519 1909 554 1955; x_wconf 90' lang='lat' dir='ltr'>re</span> <span class='ocrx_word' id='word_1_80' title='bbox 576 1911 649 1956; x_wconf 89' lang='lat' dir='ltr'>cum</span> <span class='ocrx_word' id='word_1_81' title='bbox 664 1910 761 1956; x_wconf 84' lang='lat' dir='ltr'>venn.</span> <span class='ocrx_word' id='word_1_82' title='bbox 779 1893 930 1956; x_wconf 87' lang='lat' dir='ltr'>iratribus</span> <span class='ocrx_word' id='word_1_83' title='bbox 947 1895 1064 1956; x_wconf 91' lang='lat' dir='ltr'>nostris</span> 
     </span>
     <span class='ocr_line' id='line_1_16' title="bbox 320 1984 1064 2064; baseline 0.001 -17"><span class='ocrx_word' id='word_1_84' title='bbox 320 1984 351 2047; x_wconf 87' lang='lat' dir='ltr'>S.</span> <span class='ocrx_word' id='word_1_85' title='bbox 373 1986 408 2047; x_wconf 89' lang='lat' dir='ltr'>R.</span> <span class='ocrx_word' id='word_1_86' title='bbox 430 1986 463 2046; x_wconf 90' lang='lat' dir='ltr'>E.</span> <span class='ocrx_word' id='word_1_87' title='bbox 486 1986 706 2048; x_wconf 82' lang='lat' dir='ltr'>Cardinalibus</span> <span class='ocrx_word' id='word_1_88' title='bbox 728 1987 866 2063; x_wconf 89' lang='lat' dir='ltr'>negotiis</span> <span class='ocrx_word' id='word_1_89' title='bbox 888 1987 1064 2064; x_wconf 89' lang='lat' dir='ltr'>Propagan-</span> 
     </span>
     <span class='ocr_line' id='line_1_17' title="bbox 319 2078 1064 2157; baseline 0 -17"><span class='ocrx_word' id='word_1_90' title='bbox 319 2079 376 2140; x_wconf 92' lang='lat' dir='ltr'>dae</span> <span class='ocrx_word' id='word_1_91' title='bbox 395 2078 483 2140; x_wconf 81' lang='lat' dir='ltr'>Fidei</span> <span class='ocrx_word' id='word_1_92' title='bbox 500 2080 698 2157; x_wconf 89' lang='lat' dir='ltr'>praepositis,</span> <span class='ocrx_word' id='word_1_93' title='bbox 723 2079 913 2141; x_wconf 90' lang='lat' dir='ltr'>eorumdem</span> <span class='ocrx_word' id='word_1_94' title='bbox 936 2086 1064 2140; x_wconf 91' lang='lat' dir='ltr'>senten-</span> 
     </span>
     <span class='ocr_line' id='line_1_18' title="bbox 321 2171 1064 2248; baseline 0.003 -18"><span class='ocrx_word' id='word_1_95' title='bbox 321 2171 362 2230; x_wconf 93' lang='lat' dir='ltr'>tia</span> <span class='ocrx_word' id='word_1_96' title='bbox 383 2171 523 2248; x_wconf 89' lang='lat' dir='ltr'>probata,</span> <span class='ocrx_word' id='word_1_97' title='bbox 541 2189 575 2233; x_wconf 91' lang='lat' dir='ltr'>ac</span> <span class='ocrx_word' id='word_1_98' title='bbox 596 2177 719 2234; x_wconf 87' lang='lat' dir='ltr'>matura</span> <span class='ocrx_word' id='word_1_99' title='bbox 740 2173 837 2234; x_wconf 93' lang='lat' dir='ltr'>totius</span> <span class='ocrx_word' id='word_1_100' title='bbox 852 2171 975 2248; x_wconf 89' lang='lat' dir='ltr'>negotii</span> <span class='ocrx_word' id='word_1_101' title='bbox 991 2187 1064 2232; x_wconf 91' lang='lat' dir='ltr'>con-</span> 
     </span>
     <span class='ocr_line' id='line_1_19' title="bbox 318 2263 1063 2342; baseline 0.003 -20"><span class='ocrx_word' id='word_1_102' title='bbox 318 2263 513 2326; x_wconf 89' lang='lat' dir='ltr'>sideratione</span> <span class='ocrx_word' id='word_1_103' title='bbox 539 2281 554 2324; x_wconf 90' lang='lat' dir='ltr'>a</span> <span class='ocrx_word' id='word_1_104' title='bbox 579 2265 670 2325; x_wconf 91' lang='lat' dir='ltr'>nobis</span> <span class='ocrx_word' id='word_1_105' title='bbox 692 2265 846 2334; x_wconf 83' lang='lat' dir='ltr'>instituta,</span> <span class='ocrx_word' id='word_1_106' title='bbox 874 2264 1063 2342; x_wconf 88' lang='lat' dir='ltr'>apostolicae</span> 
     </span>
     <span class='ocr_line' id='line_1_20' title="bbox 319 2356 1062 2434; baseline 0 -18"><span class='ocrx_word' id='word_1_107' title='bbox 319 2356 485 2433; x_wconf 90' lang='lat' dir='ltr'>potestatis</span> <span class='ocrx_word' id='word_1_108' title='bbox 513 2356 731 2434; x_wconf 79' lang='lat' dir='ltr'>plenitudine,</span> <span class='ocrx_word' id='word_1_109' title='bbox 759 2356 836 2418; x_wconf 89' lang='lat' dir='ltr'>baec</span> <span class='ocrx_word' id='word_1_110' title='bbox 863 2356 1062 2418; x_wconf 85' lang='lat' dir='ltr'>decernenda</span> 
     </span>
     <span class='ocr_line' id='line_1_21' title="bbox 319 2447 1063 2526; baseline 0.003 -20"><span class='ocrx_word' id='word_1_111' title='bbox 319 2462 390 2508; x_wconf 92' lang='lat' dir='ltr'>esse</span> <span class='ocrx_word' id='word_1_112' title='bbox 401 2447 623 2510; x_wconf 81' lang='lat' dir='ltr'>iudicavimus.</span> <span class='ocrx_word' id='word_1_113' title='bbox 641 2447 806 2520; x_wconf 83' lang='lat' dir='ltr'>Videlicet,</span> <span class='ocrx_word' id='word_1_114' title='bbox 825 2449 1001 2526; x_wconf 85' lang='lat' dir='ltr'>provisoria</span> <span class='ocrx_word' id='word_1_115' title='bbox 1016 2463 1063 2508; x_wconf 89' lang='lat' dir='ltr'>ra-</span> 
     </span>
     <span class='ocr_line' id='line_1_22' title="bbox 320 2539 1062 2618; baseline 0.005 -18"><span class='ocrx_word' id='word_1_116' title='bbox 320 2539 407 2602; x_wconf 89' lang='lat' dir='ltr'>tione</span> <span class='ocrx_word' id='word_1_117' title='bbox 420 2547 452 2602; x_wconf 92' lang='lat' dir='ltr'>et</span> <span class='ocrx_word' id='word_1_118' title='bbox 463 2541 567 2618; x_wconf 90' lang='lat' dir='ltr'>quoad</span> <span class='ocrx_word' id='word_1_119' title='bbox 580 2540 678 2602; x_wconf 86' lang='lat' dir='ltr'>Sedes</span> <span class='ocrx_word' id='word_1_120' title='bbox 690 2539 868 2618; x_wconf 79' lang='lat' dir='ltr'>Apostolioa</span> <span class='ocrx_word' id='word_1_121' title='bbox 884 2541 963 2602; x_wconf 90' lang='lat' dir='ltr'>nihil</span> <span class='ocrx_word' id='word_1_122' title='bbox 979 2541 1062 2604; x_wconf 90' lang='lat' dir='ltr'>aliud</span> 
     </span>
     <span class='ocr_line' id='line_1_23' title="bbox 320 2634 1063 2710; baseline 0 -15"><span class='ocrx_word' id='word_1_123' title='bbox 320 2635 395 2695; x_wconf 85' lang='lat' dir='ltr'>nori</span> <span class='ocrx_word' id='word_1_124' title='bbox 417 2635 575 2705; x_wconf 86' lang='lat' dir='ltr'>statuerit,</span> <span class='ocrx_word' id='word_1_125' title='bbox 599 2634 815 2703; x_wconf 89' lang='lat' dir='ltr'>decernimus,</span> <span class='ocrx_word' id='word_1_126' title='bbox 840 2635 989 2710; x_wconf 77' lang='lat' dir='ltr'>regiones</span> <span class='ocrx_word' id='word_1_127' title='bbox 1011 2650 1063 2695; x_wconf 90' lang='lat' dir='ltr'>eas</span> 
     </span>
     <span class='ocr_line' id='line_1_24' title="bbox 319 2725 1062 2802; baseline 0 -16"><span class='ocrx_word' id='word_1_128' title='bbox 319 2741 443 2798; x_wconf 92' lang='lat' dir='ltr'>omnes,</span> <span class='ocrx_word' id='word_1_129' title='bbox 468 2741 549 2802; x_wconf 90' lang='lat' dir='ltr'>quae</span> <span class='ocrx_word' id='word_1_130' title='bbox 571 2725 725 2787; x_wconf 89' lang='lat' dir='ltr'>dioecesis</span> <span class='ocrx_word' id='word_1_131' title='bbox 747 2725 983 2801; x_wconf 89' lang='lat' dir='ltr'>lleliaporensis</span> <span class='ocrx_word' id='word_1_132' title='bbox 1005 2741 1062 2786; x_wconf 90' lang='lat' dir='ltr'>seu</span> 
     </span>
     <span class='ocr_line' id='line_1_25' title="bbox 320 2817 1063 2894; baseline 0 -15"><span class='ocrx_word' id='word_1_133' title='bbox 320 2817 351 2879; x_wconf 89' lang='lat' dir='ltr'>S.</span> <span class='ocrx_word' id='word_1_134' title='bbox 377 2818 517 2880; x_wconf 83' lang='lat' dir='ltr'>&#39;l&#39;bomae</span> <span class='ocrx_word' id='word_1_135' title='bbox 543 2817 699 2879; x_wconf 91' lang='lat' dir='ltr'>limitibus</span> <span class='ocrx_word' id='word_1_136' title='bbox 728 2818 945 2888; x_wconf 89' lang='lat' dir='ltr'>continentur,</span> <span class='ocrx_word' id='word_1_137' title='bbox 969 2833 1063 2894; x_wconf 90' lang='lat' dir='ltr'>quae-</span> 
     </span>
     <span class='ocr_line' id='line_1_26' title="bbox 319 2909 1063 2988; baseline 0 -16"><span class='ocrx_word' id='word_1_138' title='bbox 319 2925 382 2987; x_wconf 92' lang='lat' dir='ltr'>que</span> <span class='ocrx_word' id='word_1_139' title='bbox 395 2911 549 2972; x_wconf 88' lang='lat' dir='ltr'>hactenus</span> <span class='ocrx_word' id='word_1_140' title='bbox 561 2910 641 2972; x_wconf 90' lang='lat' dir='ltr'>nulli</span> <span class='ocrx_word' id='word_1_141' title='bbox 651 2909 776 2972; x_wconf 76' lang='lat' dir='ltr'>vicario</span> <span class='ocrx_word' id='word_1_142' title='bbox 785 2909 966 2988; x_wconf 75' lang='lat' dir='ltr'>Apostolico</span> <span class='ocrx_word' id='word_1_143' title='bbox 979 2926 1063 2972; x_wconf 89' lang='lat' dir='ltr'>com-</span> 
     </span>
     <span class='ocr_line' id='line_1_27' title="bbox 318 3000 1062 3080; baseline 0 -16"><span class='ocrx_word' id='word_1_144' title='bbox 318 3004 435 3064; x_wconf 83' lang='lat' dir='ltr'>missae</span> <span class='ocrx_word' id='word_1_145' title='bbox 456 3010 542 3074; x_wconf 92' lang='lat' dir='ltr'>sunt,</span> <span class='ocrx_word' id='word_1_146' title='bbox 556 3003 727 3064; x_wconf 76' lang='lat' dir='ltr'>vicariatui</span> <span class='ocrx_word' id='word_1_147' title='bbox 748 3000 930 3080; x_wconf 81' lang='lat' dir='ltr'>Apostolico</span> <span class='ocrx_word' id='word_1_148' title='bbox 946 3003 1062 3064; x_wconf 90' lang='lat' dir='ltr'>lladra-</span> 
     </span>
     <span class='ocr_line' id='line_1_28' title="bbox 319 3096 1062 3174; baseline 0.003 -18"><span class='ocrx_word' id='word_1_149' title='bbox 319 3103 449 3174; x_wconf 88' lang='lat' dir='ltr'>spatano</span> <span class='ocrx_word' id='word_1_150' title='bbox 478 3097 633 3158; x_wconf 87' lang='lat' dir='ltr'>uniendas</span> <span class='ocrx_word' id='word_1_151' title='bbox 656 3111 737 3168; x_wconf 91' lang='lat' dir='ltr'>esse,</span> <span class='ocrx_word' id='word_1_152' title='bbox 756 3101 788 3156; x_wconf 92' lang='lat' dir='ltr'>et</span> <span class='ocrx_word' id='word_1_153' title='bbox 809 3096 1062 3158; x_wconf 90' lang='lat' dir='ltr'>iurisdictionem</span> 
     </span>
     <span class='ocr_line' id='line_1_29' title="bbox 319 3189 1061 3266; baseline 0 -16"><span class='ocrx_word' id='word_1_154' title='bbox 319 3196 414 3266; x_wconf 88' lang='lat' dir='ltr'>atque</span> <span class='ocrx_word' id='word_1_155' title='bbox 440 3189 662 3250; x_wconf 87' lang='lat' dir='ltr'>auctoritatem</span> <span class='ocrx_word' id='word_1_156' title='bbox 691 3195 789 3250; x_wconf 91' lang='lat' dir='ltr'>totam</span> <span class='ocrx_word' id='word_1_157' title='bbox 819 3189 1061 3250; x_wconf 89' lang='lat' dir='ltr'>ecclesiasticam</span> 
     </span>
     <span class='ocr_line' id='line_1_30' title="bbox 320 3281 1060 3360; baseline -0.001 -16"><span class='ocrx_word' id='word_1_158' title='bbox 320 3289 352 3344; x_wconf 88' lang='lat' dir='ltr'>et</span> <span class='ocrx_word' id='word_1_159' title='bbox 373 3281 571 3360; x_wconf 90' lang='lat' dir='ltr'>spiritualem</span> <span class='ocrx_word' id='word_1_160' title='bbox 601 3281 634 3342; x_wconf 93' lang='lat' dir='ltr'>in</span> <span class='ocrx_word' id='word_1_161' title='bbox 662 3297 714 3342; x_wconf 88' lang='lat' dir='ltr'>eas</span> <span class='ocrx_word' id='word_1_162' title='bbox 744 3281 893 3358; x_wconf 81' lang='lat' dir='ltr'>regiones</span> <span class='ocrx_word' id='word_1_163' title='bbox 921 3282 958 3343; x_wconf 92' lang='lat' dir='ltr'>ad</span> <span class='ocrx_word' id='word_1_164' title='bbox 986 3297 1060 3343; x_wconf 86' lang='lat' dir='ltr'>ven.</span> 
     </span>
     <span class='ocr_line' id='line_1_31' title="bbox 321 3371 1060 3451; baseline 0 -16"><span class='ocrx_word' id='word_1_165' title='bbox 321 3374 452 3436; x_wconf 84' lang='lat' dir='ltr'>tratrem</span> <span class='ocrx_word' id='word_1_166' title='bbox 465 3373 629 3434; x_wconf 85' lang='lat' dir='ltr'>Danielem</span> <span class='ocrx_word' id='word_1_167' title='bbox 642 3372 833 3451; x_wconf 83' lang='lat' dir='ltr'>Episcopum</span> <span class='ocrx_word' id='word_1_168' title='bbox 853 3371 1060 3446; x_wconf 86' lang='lat' dir='ltr'>Salditanum,</span> 
     </span>
     <span class='ocr_line' id='line_1_32' title="bbox 320 3465 1063 3544; baseline -0.003 -16"><span class='ocrx_word' id='word_1_169' title='bbox 320 3465 481 3528; x_wconf 76' lang='lat' dir='ltr'>licerium</span> <span class='ocrx_word' id='word_1_170' title='bbox 494 3465 712 3544; x_wconf 80' lang='lat' dir='ltr'>Apostolicum</span> <span class='ocrx_word' id='word_1_171' title='bbox 729 3466 966 3544; x_wconf 87' lang='lat' dir='ltr'>Madraspatani,</span> <span class='ocrx_word' id='word_1_172' title='bbox 981 3467 1063 3527; x_wconf 91' lang='lat' dir='ltr'>eius-</span> 
     </span>
     <span class='ocr_line' id='line_1_33' title="bbox 321 3558 1063 3636; baseline -0.003 -16"><span class='ocrx_word' id='word_1_173' title='bbox 321 3575 383 3636; x_wconf 89' lang='lat' dir='ltr'>que</span> <span class='ocrx_word' id='word_1_174' title='bbox 404 3574 605 3622; x_wconf 88' lang='lat' dir='ltr'>successores</span> <span class='ocrx_word' id='word_1_175' title='bbox 621 3558 795 3636; x_wconf 89' lang='lat' dir='ltr'>pertinere.</span> <span class='ocrx_word' id='word_1_176' title='bbox 820 3558 1063 3635; x_wconf 86' lang='lat' dir='ltr'>beregionibus</span> 
     </span>
     <span class='ocr_line' id='line_1_34' title="bbox 321 3651 1064 3728; baseline 0.001 -16"><span class='ocrx_word' id='word_1_177' title='bbox 321 3668 410 3724; x_wconf 83' lang='lat' dir='ltr'>vero,</span> <span class='ocrx_word' id='word_1_178' title='bbox 433 3667 515 3728; x_wconf 88' lang='lat' dir='ltr'>quae</span> <span class='ocrx_word' id='word_1_179' title='bbox 537 3651 693 3712; x_wconf 90' lang='lat' dir='ltr'>limitibus</span> <span class='ocrx_word' id='word_1_180' title='bbox 708 3651 862 3713; x_wconf 89' lang='lat' dir='ltr'>dioecesis</span> <span class='ocrx_word' id='word_1_181' title='bbox 883 3651 1064 3728; x_wconf 88' lang='lat' dir='ltr'>Crangano·</span> 
     </span>
     <span class='ocr_line' id='line_1_35' title="bbox 322 3744 1063 3820; baseline -0.003 -15"><span class='ocrx_word' id='word_1_182' title='bbox 322 3745 423 3806; x_wconf 88' lang='lat' dir='ltr'>rensis</span> <span class='ocrx_word' id='word_1_183' title='bbox 439 3750 472 3806; x_wconf 86' lang='lat' dir='ltr'>et</span> <span class='ocrx_word' id='word_1_184' title='bbox 485 3744 687 3806; x_wconf 84' lang='lat' dir='ltr'>Coccinensis</span> <span class='ocrx_word' id='word_1_185' title='bbox 702 3744 919 3815; x_wconf 91' lang='lat' dir='ltr'>continentur,</span> <span class='ocrx_word' id='word_1_186' title='bbox 937 3750 969 3805; x_wconf 92' lang='lat' dir='ltr'>et</span> <span class='ocrx_word' id='word_1_187' title='bbox 983 3759 1063 3820; x_wconf 91' lang='lat' dir='ltr'>quae</span> 
     </span>
     <span class='ocr_line' id='line_1_36' title="bbox 322 3835 1064 3914; baseline -0.003 -15"><span class='ocrx_word' id='word_1_188' title='bbox 322 3837 402 3899; x_wconf 91' lang='lat' dir='ltr'>nulli</span> <span class='ocrx_word' id='word_1_189' title='bbox 418 3836 543 3899; x_wconf 87' lang='lat' dir='ltr'>Vicario</span> <span class='ocrx_word' id='word_1_190' title='bbox 558 3836 741 3914; x_wconf 85' lang='lat' dir='ltr'>Apostolico</span> <span class='ocrx_word' id='word_1_191' title='bbox 763 3836 916 3898; x_wconf 89' lang='lat' dir='ltr'>hactenus</span> <span class='ocrx_word' id='word_1_192' title='bbox 932 3835 1064 3897; x_wconf 72' lang='lat' dir='ltr'>traditae</span> 
     </span>
     <span class='ocr_line' id='line_1_37' title="bbox 320 3924 1064 4001; baseline -0.004 -10"><span class='ocrx_word' id='word_1_193' title='bbox 320 3937 405 4001; x_wconf 89' lang='lat' dir='ltr'>sunt,</span> <span class='ocrx_word' id='word_1_194' title='bbox 429 3931 540 3991; x_wconf 89' lang='lat' dir='ltr'>eadem</span> <span class='ocrx_word' id='word_1_195' title='bbox 562 3930 686 3991; x_wconf 88' lang='lat' dir='ltr'>ratione</span> <span class='ocrx_word' id='word_1_196' title='bbox 708 3929 868 4000; x_wconf 91' lang='lat' dir='ltr'>iubemus,</span> <span class='ocrx_word' id='word_1_197' title='bbox 886 3929 955 3990; x_wconf 91' lang='lat' dir='ltr'>illas</span> <span class='ocrx_word' id='word_1_198' title='bbox 978 3924 1064 3990; x_wconf 88' lang='lat' dir='ltr'>Vica-</span> 
     </span>
     <span class='ocr_line' id='line_1_38' title="bbox 321 4021 1064 4100; baseline -0.003 -16"><span class='ocrx_word' id='word_1_199' title='bbox 321 4023 416 4085; x_wconf 90' lang='lat' dir='ltr'>riatui</span> <span class='ocrx_word' id='word_1_200' title='bbox 448 4022 629 4100; x_wconf 76' lang='lat' dir='ltr'>Apostolico</span> <span class='ocrx_word' id='word_1_201' title='bbox 657 4022 690 4083; x_wconf 93' lang='lat' dir='ltr'>in</span> <span class='ocrx_word' id='word_1_202' title='bbox 720 4021 901 4082; x_wconf 83' lang='lat' dir='ltr'>Melabarica</span> <span class='ocrx_word' id='word_1_203' title='bbox 930 4021 1064 4098; x_wconf 82' lang='lat' dir='ltr'>regione</span> 
     </span>
     <span class='ocr_line' id='line_1_39' title="bbox 321 4113 1064 4192; baseline -0.001 -16"><span class='ocrx_word' id='word_1_204' title='bbox 321 4115 479 4186; x_wconf 84' lang='lat' dir='ltr'>instituto,</span> <span class='ocrx_word' id='word_1_205' title='bbox 503 4115 593 4176; x_wconf 88' lang='lat' dir='ltr'>cuius</span> <span class='ocrx_word' id='word_1_206' title='bbox 614 4115 707 4176; x_wconf 89' lang='lat' dir='ltr'>sedes</span> <span class='ocrx_word' id='word_1_207' title='bbox 728 4114 761 4174; x_wconf 91' lang='lat' dir='ltr'>in</span> <span class='ocrx_word' id='word_1_208' title='bbox 784 4115 900 4192; x_wconf 92' lang='lat' dir='ltr'>oppido</span> <span class='ocrx_word' id='word_1_209' title='bbox 915 4113 1064 4192; x_wconf 86' lang='lat' dir='ltr'>Verapoli</span> 
     </span>
     <span class='ocr_line' id='line_1_40' title="bbox 321 4207 1064 4284; baseline -0.004 -14"><span class='ocrx_word' id='word_1_210' title='bbox 321 4214 380 4280; x_wconf 90' lang='lat' dir='ltr'>est,</span> <span class='ocrx_word' id='word_1_211' title='bbox 403 4207 490 4270; x_wconf 91' lang='lat' dir='ltr'>uniri</span> <span class='ocrx_word' id='word_1_212' title='bbox 505 4208 635 4279; x_wconf 88' lang='lat' dir='ltr'>debere,</span> <span class='ocrx_word' id='word_1_213' title='bbox 654 4213 686 4268; x_wconf 90' lang='lat' dir='ltr'>et</span> <span class='ocrx_word' id='word_1_214' title='bbox 700 4207 953 4268; x_wconf 90' lang='lat' dir='ltr'>iurisdictionem</span> <span class='ocrx_word' id='word_1_215' title='bbox 969 4214 1064 4284; x_wconf 91' lang='lat' dir='ltr'>atque</span> 
     </span>
     <span class='ocr_line' id='line_1_41' title="bbox 321 4299 1064 4376; baseline -0.001 -15"><span class='ocrx_word' id='word_1_216' title='bbox 321 4301 542 4362; x_wconf 86' lang='lat' dir='ltr'>auctoritatem</span> <span class='ocrx_word' id='word_1_217' title='bbox 564 4305 662 4360; x_wconf 89' lang='lat' dir='ltr'>totam</span> <span class='ocrx_word' id='word_1_218' title='bbox 685 4299 929 4362; x_wconf 89' lang='lat' dir='ltr'>ecclesiasticam</span> <span class='ocrx_word' id='word_1_219' title='bbox 948 4317 982 4360; x_wconf 90' lang='lat' dir='ltr'>ac</span> <span class='ocrx_word' id='word_1_220' title='bbox 1003 4299 1064 4376; x_wconf 92' lang='lat' dir='ltr'>spi-</span> 
     </span>
     <span class='ocr_line' id='line_1_42' title="bbox 322 4391 1064 4468; baseline -0.001 -16"><span class='ocrx_word' id='word_1_221' title='bbox 322 4393 471 4454; x_wconf 89' lang='lat' dir='ltr'>ritualem</span> <span class='ocrx_word' id='word_1_222' title='bbox 504 4393 537 4453; x_wconf 94' lang='lat' dir='ltr'>in</span> <span class='ocrx_word' id='word_1_223' title='bbox 570 4409 621 4454; x_wconf 90' lang='lat' dir='ltr'>eas</span> <span class='ocrx_word' id='word_1_224' title='bbox 650 4392 801 4468; x_wconf 87' lang='lat' dir='ltr'>regiones</span> <span class='ocrx_word' id='word_1_225' title='bbox 832 4392 870 4452; x_wconf 89' lang='lat' dir='ltr'>ad</span> <span class='ocrx_word' id='word_1_226' title='bbox 898 4391 1064 4453; x_wconf 90' lang='lat' dir='ltr'>venerabi·</span> 
     </span>
     <span class='ocr_line' id='line_1_43' title="bbox 321 4483 1065 4562; baseline -0.003 -16"><span class='ocrx_word' id='word_1_227' title='bbox 321 4484 386 4546; x_wconf 91' lang='lat' dir='ltr'>lem</span> <span class='ocrx_word' id='word_1_228' title='bbox 409 4485 542 4547; x_wconf 88' lang='lat' dir='ltr'>tratrem</span> <span class='ocrx_word' id='word_1_229' title='bbox 563 4483 766 4546; x_wconf 87' lang='lat' dir='ltr'>Eranciscum</span> <span class='ocrx_word' id='word_1_230' title='bbox 792 4483 966 4546; x_wconf 87' lang='lat' dir='ltr'>llarerium</span> <span class='ocrx_word' id='word_1_231' title='bbox 993 4484 1065 4562; x_wconf 92' lang='lat' dir='ltr'>Epi-</span> 
     </span>
     <span class='ocr_line' id='line_1_44' title="bbox 321 4575 1065 4656; baseline -0.001 -19"><span class='ocrx_word' id='word_1_232' title='bbox 321 4593 453 4656; x_wconf 88' lang='lat' dir='ltr'>scopum</span> <span class='ocrx_word' id='word_1_233' title='bbox 480 4576 721 4648; x_wconf 79' lang='lat' dir='ltr'>Amatbensem</span> <span class='ocrx_word' id='word_1_234' title='bbox 748 4575 909 4638; x_wconf 80' lang='lat' dir='ltr'>Vicarium</span> <span class='ocrx_word' id='word_1_235' title='bbox 932 4575 1065 4654; x_wconf 74' lang='lat' dir='ltr'>Aposto-</span> 
     </span>
     <span class='ocr_line' id='line_1_45' title="bbox 321 4669 1065 4748; baseline 0 -18"><span class='ocrx_word' id='word_1_236' title='bbox 321 4670 418 4732; x_wconf 90' lang='lat' dir='ltr'>licum</span> <span class='ocrx_word' id='word_1_237' title='bbox 450 4669 600 4748; x_wconf 88' lang='lat' dir='ltr'>Verapoli</span> <span class='ocrx_word' id='word_1_238' title='bbox 632 4675 896 4740; x_wconf 88' lang='lat' dir='ltr'>commorantem,</span> <span class='ocrx_word' id='word_1_239' title='bbox 931 4669 1065 4745; x_wconf 92' lang='lat' dir='ltr'>eiusque</span> 
     </span>
     <span class='ocr_line' id='line_1_46' title="bbox 322 4761 1064 4840; baseline 0 -18"><span class='ocrx_word' id='word_1_240' title='bbox 322 4779 523 4825; x_wconf 89' lang='lat' dir='ltr'>successores</span> <span class='ocrx_word' id='word_1_241' title='bbox 551 4767 705 4840; x_wconf 86' lang='lat' dir='ltr'>spectare.</span> <span class='ocrx_word' id='word_1_242' title='bbox 730 4761 834 4838; x_wconf 83' lang='lat' dir='ltr'>Atque</span> <span class='ocrx_word' id='word_1_243' title='bbox 855 4767 893 4822; x_wconf 92' lang='lat' dir='ltr'>ut</span> <span class='ocrx_word' id='word_1_244' title='bbox 914 4761 1064 4822; x_wconf 89' lang='lat' dir='ltr'>llalacen·</span> 
     </span>
     <span class='ocr_line' id='line_1_47' title="bbox 321 4853 1064 4933; baseline -0.003 -17"><span class='ocrx_word' id='word_1_245' title='bbox 321 4856 363 4916; x_wconf 90' lang='lat' dir='ltr'>sis</span> <span class='ocrx_word' id='word_1_246' title='bbox 389 4871 518 4933; x_wconf 90' lang='lat' dir='ltr'>quoque</span> <span class='ocrx_word' id='word_1_247' title='bbox 539 4855 631 4932; x_wconf 90' lang='lat' dir='ltr'>regio</span> <span class='ocrx_word' id='word_1_248' title='bbox 660 4861 747 4915; x_wconf 90' lang='lat' dir='ltr'>trans</span> <span class='ocrx_word' id='word_1_249' title='bbox 775 4853 917 4931; x_wconf 87' lang='lat' dir='ltr'>Gangem</span> <span class='ocrx_word' id='word_1_250' title='bbox 942 4861 1064 4931; x_wconf 92' lang='lat' dir='ltr'>aposto-</span> 
     </span>
     <span class='ocr_line' id='line_1_48' title="bbox 322 4947 1066 5012; baseline -0.005 0"><span class='ocrx_word' id='word_1_251' title='bbox 322 4950 399 5012; x_wconf 87' lang='lat' dir='ltr'>licae</span> <span class='ocrx_word' id='word_1_252' title='bbox 431 4955 559 5012; x_wconf 89' lang='lat' dir='ltr'>nostrae</span> <span class='ocrx_word' id='word_1_253' title='bbox 590 4947 799 5009; x_wconf 88' lang='lat' dir='ltr'>solicitudinis</span> <span class='ocrx_word' id='word_1_254' title='bbox 831 4947 954 5008; x_wconf 83' lang='lat' dir='ltr'>tructus</span> <span class='ocrx_word' id='word_1_255' title='bbox 989 4948 1066 5010; x_wconf 88' lang='lat' dir='ltr'>acci-</span> 
     </span>
    </p>
   </div>
   <div class='ocr_carea' id='block_1_3' title="bbox 298 5039 1066 5663">
    <p class='ocr_par' dir='ltr' id='par_1_3' title="bbox 298 5039 1066 5663">
     <span class='ocr_line' id='line_1_49' title="bbox 321 5039 1066 5120; baseline -0.007 -16"><span class='ocrx_word' id='word_1_256' title='bbox 321 5043 395 5120; x_wconf 89' lang='lat' dir='ltr'>piat,</span> <span class='ocrx_word' id='word_1_257' title='bbox 419 5047 451 5104; x_wconf 93' lang='lat' dir='ltr'>et</span> <span class='ocrx_word' id='word_1_258' title='bbox 472 5041 638 5118; x_wconf 88' lang='lat' dir='ltr'>religionis</span> <span class='ocrx_word' id='word_1_259' title='bbox 670 5039 881 5100; x_wconf 85' lang='lat' dir='ltr'>incolumitati</span> <span class='ocrx_word' id='word_1_260' title='bbox 903 5045 997 5116; x_wconf 88' lang='lat' dir='ltr'>atque</span> <span class='ocrx_word' id='word_1_261' title='bbox 1019 5039 1066 5100; x_wconf 91' lang='lat' dir='ltr'>iu·</span> 
     </span>
     <span class='ocr_line' id='line_1_50' title="bbox 322 5132 1065 5210; baseline -0.007 -13"><span class='ocrx_word' id='word_1_262' title='bbox 322 5141 488 5197; x_wconf 88' lang='lat' dir='ltr'>cremento</span> <span class='ocrx_word' id='word_1_263' title='bbox 510 5134 543 5194; x_wconf 92' lang='lat' dir='ltr'>in</span> <span class='ocrx_word' id='word_1_264' title='bbox 563 5150 597 5194; x_wconf 89' lang='lat' dir='ltr'>ea</span> <span class='ocrx_word' id='word_1_265' title='bbox 613 5133 747 5210; x_wconf 90' lang='lat' dir='ltr'>regione</span> <span class='ocrx_word' id='word_1_266' title='bbox 763 5132 978 5204; x_wconf 90' lang='lat' dir='ltr'>consulamus,</span> <span class='ocrx_word' id='word_1_267' title='bbox 996 5133 1065 5194; x_wconf 93' lang='lat' dir='ltr'>uni-</span> 
     </span>
     <span class='ocr_line' id='line_1_51' title="bbox 321 5224 1066 5303; baseline -0.003 -17"><span class='ocrx_word' id='word_1_268' title='bbox 321 5241 447 5288; x_wconf 86' lang='lat' dir='ltr'>versam</span> <span class='ocrx_word' id='word_1_269' title='bbox 466 5227 635 5303; x_wconf 89' lang='lat' dir='ltr'>regionem</span> <span class='ocrx_word' id='word_1_270' title='bbox 650 5225 737 5287; x_wconf 88' lang='lat' dir='ltr'>illam</span> <span class='ocrx_word' id='word_1_271' title='bbox 752 5224 945 5286; x_wconf 86' lang='lat' dir='ltr'>venerabilis</span> <span class='ocrx_word' id='word_1_272' title='bbox 961 5224 1066 5285; x_wconf 82' lang='lat' dir='ltr'>fratris</span> 
     </span>
     <span class='ocr_line' id='line_1_52' title="bbox 323 5318 1065 5397; baseline -0.003 -16"><span class='ocrx_word' id='word_1_273' title='bbox 323 5320 474 5382; x_wconf 86' lang='lat' dir='ltr'>Eriderici</span> <span class='ocrx_word' id='word_1_274' title='bbox 502 5319 565 5381; x_wconf 86' lang='lat' dir='ltr'>Gao</span> <span class='ocrx_word' id='word_1_275' title='bbox 596 5319 742 5397; x_wconf 86' lang='lat' dir='ltr'>Episcopi</span> <span class='ocrx_word' id='word_1_276' title='bbox 771 5318 946 5389; x_wconf 85' lang='lat' dir='ltr'>Zamensis‚</span> <span class='ocrx_word' id='word_1_277' title='bbox 979 5318 1065 5380; x_wconf 87' lang='lat' dir='ltr'>Vica-</span> 
     </span>
     <span class='ocr_line' id='line_1_53' title="bbox 298 5410 1066 5491; baseline -0.001 -18"><span class='ocrx_word' id='word_1_278' title='bbox 298 5415 302 5420; x_wconf 87' lang='grc'><em>“</em></span> <span class='ocrx_word' id='word_1_279' title='bbox 322 5413 361 5473; x_wconf 89' lang='lat' dir='ltr'>rii</span> <span class='ocrx_word' id='word_1_280' title='bbox 383 5412 556 5491; x_wconf 83' lang='lat' dir='ltr'>Apostolici</span> <span class='ocrx_word' id='word_1_281' title='bbox 585 5410 686 5473; x_wconf 80' lang='lat' dir='ltr'>Avani</span> <span class='ocrx_word' id='word_1_282' title='bbox 711 5417 743 5472; x_wconf 92' lang='lat' dir='ltr'>et</span> <span class='ocrx_word' id='word_1_283' title='bbox 764 5411 950 5486; x_wconf 76' lang='lat' dir='ltr'>regiensis,</span> <span class='ocrx_word' id='word_1_284' title='bbox 973 5411 1066 5472; x_wconf 91' lang='lat' dir='ltr'>iuris-</span> 
     </span>
     <span class='ocr_line' id='line_1_54' title="bbox 323 5503 1066 5582; baseline -0.004 -14"><span class='ocrx_word' id='word_1_285' title='bbox 323 5505 463 5580; x_wconf 78' lang='lat' dir='ltr'>dictioni</span> <span class='ocrx_word' id='word_1_286' title='bbox 482 5505 593 5567; x_wconf 90' lang='lat' dir='ltr'>eadem</span> <span class='ocrx_word' id='word_1_287' title='bbox 616 5503 792 5582; x_wconf 87' lang='lat' dir='ltr'>provisoria</span> <span class='ocrx_word' id='word_1_288' title='bbox 813 5503 948 5576; x_wconf 90' lang='lat' dir='ltr'>ratione,</span> <span class='ocrx_word' id='word_1_289' title='bbox 970 5505 1066 5565; x_wconf 92' lang='lat' dir='ltr'>subii·</span> 
     </span>
     <span class='ocr_line' id='line_1_55' title="bbox 322 5617 433 5663; baseline -0.009 -1"><span class='ocrx_word' id='word_1_290' title='bbox 322 5617 433 5663; x_wconf 82' lang='lat' dir='ltr'>cimus.</span> 
     </span>
    </p>
   </div>
   <div class='ocr_carea' id='block_1_4' title="bbox 1788 555 2083 620">
    <p class='ocr_par' dir='ltr' id='par_1_4' title="bbox 1788 555 2083 620">
     <span class='ocr_line' id='line_1_56' title="bbox 1788 555 2083 620; baseline 0.014 -12"><span class='ocrx_word' id='word_1_291' title='bbox 1788 555 1843 620; x_wconf 75' lang='lat'>{97</span> <span class='ocrx_word' id='word_1_292' title='bbox 1894 559 1947 610; x_wconf 91' lang='lat' dir='ltr'>An.</span> <span class='ocrx_word' id='word_1_293' title='bbox 1962 561 1992 611; x_wconf 82' lang='grc' dir='ltr'>Ο.</span> <span class='ocrx_word' id='word_1_294' title='bbox 2015 563 2083 614; x_wconf 85' lang='grc'><strong>1838</strong></span> 
     </span>
    </p>
   </div>
   <div class='ocr_carea' id='block_1_5' title="bbox 1120 689 2097 972">
    <p class='ocr_par' dir='ltr' id='par_1_5' title="bbox 1120 689 2097 972">
     <span class='ocr_line' id='line_1_57' title="bbox 1160 689 2094 768; baseline 0.004 -18"><span class='ocrx_word' id='word_1_295' title='bbox 1160 689 1228 765; x_wconf 73' lang='lat' dir='ltr'>§b</span> <span class='ocrx_word' id='word_1_296' title='bbox 1253 691 1467 764; x_wconf 88' lang='lat' dir='ltr'>Declaramus,</span> <span class='ocrx_word' id='word_1_297' title='bbox 1494 693 1527 754; x_wconf 92' lang='lat' dir='ltr'>in</span> <span class='ocrx_word' id='word_1_298' title='bbox 1554 709 1664 754; x_wconf 90' lang='lat' dir='ltr'>earum</span> <span class='ocrx_word' id='word_1_299' title='bbox 1692 693 1863 768; x_wconf 88' lang='lat' dir='ltr'>regionum</span> <span class='ocrx_word' id='word_1_300' title='bbox 1919 705 1969 749; x_wconf 79' lang='lat' dir='ltr'>vu.</span> <span class='ocrx_word' id='word_1_301' title='bbox 1986 707 2028 761; x_wconf 79' lang='lat' dir='ltr'>ap.</span> <span class='ocrx_word' id='word_1_302' title='bbox 2045 717 2094 754; x_wconf 79' lang='lat' dir='ltr'>me-</span> 
     </span>
     <span class='ocr_line' id='line_1_58' title="bbox 1120 761 2095 862; baseline -0.001 -18"><span class='ocrx_word' id='word_1_303' title='bbox 1120 783 1330 844; x_wconf 87' lang='lat' dir='ltr'>ecclesiastico</span> <span class='ocrx_word' id='word_1_304' title='bbox 1359 801 1393 845; x_wconf 86' lang='lat' dir='ltr'>ac</span> <span class='ocrx_word' id='word_1_305' title='bbox 1422 785 1577 862; x_wconf 90' lang='lat' dir='ltr'>spirituali</span> <span class='ocrx_word' id='word_1_306' title='bbox 1607 785 1784 862; x_wconf 89' lang='lat' dir='ltr'>regimine,</span> <span class='ocrx_word' id='word_1_307' title='bbox 1813 761 2095 859; x_wconf 55' lang='lat' dir='ltr'>lli-{1¹2⁰maffissn‘2ffif,</span> 
     </span>
     <span class='ocr_line' id='line_1_59' title="bbox 1120 864 2097 972; baseline 0 -36"><span class='ocrx_word' id='word_1_308' title='bbox 1120 876 1220 936; x_wconf 82' lang='lat' dir='ltr'>corios</span> <span class='ocrx_word' id='word_1_309' title='bbox 1242 873 1441 952; x_wconf 76' lang='lat' dir='ltr'>Apostolicos</span> <span class='ocrx_word' id='word_1_310' title='bbox 1457 884 1663 948; x_wconf 87' lang='lat' dir='ltr'>memoratos,</span> <span class='ocrx_word' id='word_1_311' title='bbox 1687 895 1703 938; x_wconf 91' lang='lat' dir='ltr'>a</span> <span class='ocrx_word' id='word_1_312' title='bbox 1725 877 1816 938; x_wconf 93' lang='lat' dir='ltr'>nobis</span> <span class='ocrx_word' id='word_1_313' title='bbox 1832 881 1864 936; x_wconf 92' lang='lat' dir='ltr'>et</span> <span class='ocrx_word' id='word_1_314' title='bbox 1883 864 2097 972; x_wconf 55' lang='grc' dir='ltr'>ξξξῗῗξῗζξῃξξξ·</span> 
     </span>
    </p>
   </div>
   <div class='ocr_carea' id='block_1_6' title="bbox 1118 967 2096 3632">
    <p class='ocr_par' dir='ltr' id='par_1_6' title="bbox 1118 967 2096 3085">
     <span class='ocr_line' id='line_1_60' title="bbox 1120 967 2094 1070; baseline 0.006 -42"><span class='ocrx_word' id='word_1_315' title='bbox 1120 967 1157 1028; x_wconf 89' lang='lat' dir='ltr'>ab</span> <span class='ocrx_word' id='word_1_316' title='bbox 1173 967 1351 1045; x_wconf 68' lang='lat' dir='ltr'>apostolica</span> <span class='ocrx_word' id='word_1_317' title='bbox 1374 974 1497 1030; x_wconf 92' lang='lat' dir='ltr'>tantum</span> <span class='ocrx_word' id='word_1_318' title='bbox 1514 969 1595 1031; x_wconf 89' lang='lat' dir='ltr'>Sede</span> <span class='ocrx_word' id='word_1_319' title='bbox 1611 969 1795 1031; x_wconf 87' lang='lat' dir='ltr'>immediate</span> <span class='ocrx_word' id='word_1_320' title='bbox 1811 969 1863 1029; x_wconf 89' lang='lat' dir='ltr'>de·</span> <span class='ocrx_word' id='word_1_321' title='bbox 1883 971 2094 1070; x_wconf 25' lang='lat' dir='ltr'>Erlrslanttecessgr.</span> 
     </span>
     <span class='ocr_line' id='line_1_61' title="bbox 1121 1033 2096 1138; baseline 0 -18"><span class='ocrx_word' id='word_1_322' title='bbox 1121 1060 1273 1136; x_wconf 86' lang='lat' dir='ltr'>pendere,</span> <span class='ocrx_word' id='word_1_323' title='bbox 1291 1075 1345 1121; x_wconf 91' lang='lat' dir='ltr'>eos</span> <span class='ocrx_word' id='word_1_324' title='bbox 1363 1060 1448 1122; x_wconf 91' lang='lat' dir='ltr'>solos</span> <span class='ocrx_word' id='word_1_325' title='bbox 1470 1068 1631 1138; x_wconf 89' lang='lat' dir='ltr'>tamquam</span> <span class='ocrx_word' id='word_1_326' title='bbox 1647 1077 1742 1122; x_wconf 86' lang='lat' dir='ltr'>veros</span> <span class='ocrx_word' id='word_1_327' title='bbox 1759 1060 1863 1138; x_wconf 90' lang='lat' dir='ltr'>regio·</span> <span class='ocrx_word' id='word_1_328' title='bbox 1883 1033 1977 1132; x_wconf 52' lang='lat' dir='ltr'>rdffa‘iffl</span> <span class='ocrx_word' id='word_1_329' title='bbox 1993 1035 2044 1072; x_wconf 80' lang='lat'>&#39;⁰¹¹&#39;</span> <span class='ocrx_word' id='word_1_330' title='bbox 2073 1037 2096 1070; x_wconf 50' lang='grc' dir='ltr'>θ’</span> 
     </span>
     <span class='ocr_line' id='line_1_62' title="bbox 1121 1151 1864 1214; baseline 0 -2"><span class='ocrx_word' id='word_1_331' title='bbox 1121 1167 1198 1212; x_wconf 94' lang='lat' dir='ltr'>num</span> <span class='ocrx_word' id='word_1_332' title='bbox 1220 1151 1348 1212; x_wconf 92' lang='lat' dir='ltr'>illarum</span> <span class='ocrx_word' id='word_1_333' title='bbox 1374 1151 1556 1214; x_wconf 77' lang='lat' dir='ltr'>ordinarios</span> <span class='ocrx_word' id='word_1_334' title='bbox 1580 1154 1618 1214; x_wconf 91' lang='lat' dir='ltr'>ab</span> <span class='ocrx_word' id='word_1_335' title='bbox 1640 1154 1789 1214; x_wconf 88' lang='lat' dir='ltr'>omnibus</span> <span class='ocrx_word' id='word_1_336' title='bbox 1811 1153 1864 1212; x_wconf 89' lang='lat' dir='ltr'>ba-</span> 
     </span>
     <span class='ocr_line' id='line_1_63' title="bbox 1120 1244 1863 1324; baseline 0.001 -20"><span class='ocrx_word' id='word_1_337' title='bbox 1120 1244 1241 1305; x_wconf 90' lang='lat' dir='ltr'>bendos</span> <span class='ocrx_word' id='word_1_338' title='bbox 1263 1260 1344 1316; x_wconf 90' lang='lat' dir='ltr'>esse,</span> <span class='ocrx_word' id='word_1_339' title='bbox 1369 1245 1480 1322; x_wconf 90' lang='lat' dir='ltr'>eisque</span> <span class='ocrx_word' id='word_1_340' title='bbox 1502 1262 1615 1308; x_wconf 89' lang='lat' dir='ltr'>omnes</span> <span class='ocrx_word' id='word_1_341' title='bbox 1641 1247 1863 1324; x_wconf 90' lang='lat' dir='ltr'>obtemperare</span> 
     </span>
     <span class='ocr_line' id='line_1_64' title="bbox 1121 1336 1863 1407; baseline 0.005 -11"><span class='ocrx_word' id='word_1_342' title='bbox 1121 1336 1250 1407; x_wconf 89' lang='lat' dir='ltr'>debere,</span> <span class='ocrx_word' id='word_1_343' title='bbox 1275 1343 1307 1398; x_wconf 92' lang='lat' dir='ltr'>et</span> <span class='ocrx_word' id='word_1_344' title='bbox 1327 1337 1365 1398; x_wconf 91' lang='lat' dir='ltr'>ab</span> <span class='ocrx_word' id='word_1_345' title='bbox 1387 1338 1449 1399; x_wconf 92' lang='lat' dir='ltr'>illis</span> <span class='ocrx_word' id='word_1_346' title='bbox 1473 1339 1716 1401; x_wconf 86' lang='lat' dir='ltr'>ecclesiasticam</span> <span class='ocrx_word' id='word_1_347' title='bbox 1738 1339 1863 1400; x_wconf 91' lang='lat' dir='ltr'>iurisdi-</span> 
     </span>
     <span class='ocr_line' id='line_1_65' title="bbox 1121 1429 1864 1510; baseline 0.004 -21"><span class='ocrx_word' id='word_1_348' title='bbox 1121 1429 1260 1490; x_wconf 88' lang='lat' dir='ltr'>ctionem</span> <span class='ocrx_word' id='word_1_349' title='bbox 1272 1447 1306 1491; x_wconf 89' lang='lat' dir='ltr'>ac</span> <span class='ocrx_word' id='word_1_350' title='bbox 1318 1430 1483 1492; x_wconf 79' lang='lat' dir='ltr'>facultates</span> <span class='ocrx_word' id='word_1_351' title='bbox 1496 1433 1649 1510; x_wconf 88' lang='lat' dir='ltr'>accipere.</span> <span class='ocrx_word' id='word_1_352' title='bbox 1667 1433 1864 1509; x_wconf 87' lang='lat' dir='ltr'>Derogamus</span> 
     </span>
     <span class='ocr_line' id='line_1_66' title="bbox 1120 1523 1864 1602; baseline 0.007 -22"><span class='ocrx_word' id='word_1_353' title='bbox 1120 1529 1289 1599; x_wconf 90' lang='lat' dir='ltr'>propterea</span> <span class='ocrx_word' id='word_1_354' title='bbox 1311 1523 1413 1584; x_wconf 91' lang='lat' dir='ltr'>literis</span> <span class='ocrx_word' id='word_1_355' title='bbox 1442 1525 1622 1600; x_wconf 88' lang='lat' dir='ltr'>apostolicis</span> <span class='ocrx_word' id='word_1_356' title='bbox 1642 1525 1789 1602; x_wconf 89' lang='lat' dir='ltr'>superius</span> <span class='ocrx_word' id='word_1_357' title='bbox 1816 1541 1864 1585; x_wconf 90' lang='lat' dir='ltr'>re-</span> 
     </span>
     <span class='ocr_line' id='line_1_67' title="bbox 1122 1615 1864 1694; baseline 0.005 -20"><span class='ocrx_word' id='word_1_358' title='bbox 1122 1615 1250 1675; x_wconf 89' lang='lat' dir='ltr'>censitis</span> <span class='ocrx_word' id='word_1_359' title='bbox 1283 1616 1566 1694; x_wconf 88' lang='lat' dir='ltr'>praedecessorum</span> <span class='ocrx_word' id='word_1_360' title='bbox 1600 1623 1785 1678; x_wconf 91' lang='lat' dir='ltr'>nostrorum</span> <span class='ocrx_word' id='word_1_361' title='bbox 1825 1618 1864 1678; x_wconf 92' lang='lat' dir='ltr'>de</span> 
     </span>
     <span class='ocr_line' id='line_1_68' title="bbox 1120 1706 1864 1785; baseline 0.004 -19"><span class='ocrx_word' id='word_1_362' title='bbox 1120 1706 1315 1770; x_wconf 88' lang='lat' dir='ltr'>dioecesium</span> <span class='ocrx_word' id='word_1_363' title='bbox 1347 1707 1631 1785; x_wconf 86' lang='lat' dir='ltr'>Grangauorensis,</span> <span class='ocrx_word' id='word_1_364' title='bbox 1662 1709 1864 1771; x_wconf 87' lang='lat' dir='ltr'>Coccinensis</span> 
     </span>
     <span class='ocr_line' id='line_1_69' title="bbox 1120 1800 1864 1878; baseline 0.003 -18"><span class='ocrx_word' id='word_1_365' title='bbox 1120 1807 1152 1860; x_wconf 91' lang='lat' dir='ltr'>ot</span> <span class='ocrx_word' id='word_1_366' title='bbox 1168 1800 1405 1878; x_wconf 90' lang='lat' dir='ltr'>lleliaporensis</span> <span class='ocrx_word' id='word_1_367' title='bbox 1422 1817 1479 1862; x_wconf 90' lang='lat' dir='ltr'>seu</span> <span class='ocrx_word' id='word_1_368' title='bbox 1497 1801 1527 1862; x_wconf 94' lang='lat' dir='ltr'>S.</span> <span class='ocrx_word' id='word_1_369' title='bbox 1543 1802 1683 1863; x_wconf 86' lang='lat' dir='ltr'>Tbomae</span> <span class='ocrx_word' id='word_1_370' title='bbox 1702 1803 1864 1864; x_wconf 89' lang='lat' dir='ltr'>erectione</span> 
     </span>
     <span class='ocr_line' id='line_1_70' title="bbox 1120 1893 1861 1970; baseline -0.001 -17"><span class='ocrx_word' id='word_1_371' title='bbox 1120 1899 1215 1970; x_wconf 87' lang='lat' dir='ltr'>atque</span> <span class='ocrx_word' id='word_1_372' title='bbox 1237 1893 1403 1964; x_wconf 91' lang='lat' dir='ltr'>limitibus,</span> <span class='ocrx_word' id='word_1_373' title='bbox 1427 1893 1571 1970; x_wconf 92' lang='lat' dir='ltr'>itemque</span> <span class='ocrx_word' id='word_1_374' title='bbox 1593 1894 1656 1955; x_wconf 92' lang='lat' dir='ltr'>illis</span> <span class='ocrx_word' id='word_1_375' title='bbox 1669 1911 1684 1954; x_wconf 93' lang='lat' dir='ltr'>a</span> <span class='ocrx_word' id='word_1_376' title='bbox 1699 1893 1795 1954; x_wconf 90' lang='lat' dir='ltr'>Paulo</span> <span class='ocrx_word' id='word_1_377' title='bbox 1810 1893 1861 1955; x_wconf 86' lang='lat' dir='ltr'>lV.</span> 
     </span>
     <span class='ocr_line' id='line_1_71' title="bbox 1120 1986 1864 2063; baseline -0.003 -15"><span class='ocrx_word' id='word_1_378' title='bbox 1120 1987 1213 2048; x_wconf 89' lang='lat' dir='ltr'>editis</span> <span class='ocrx_word' id='word_1_379' title='bbox 1237 1986 1287 2048; x_wconf 93' lang='lat' dir='ltr'>die</span> <span class='ocrx_word' id='word_1_380' title='bbox 1310 1986 1520 2048; x_wconf 86' lang='lat' dir='ltr'>1v.lebruarii</span> <span class='ocrx_word' id='word_1_381' title='bbox 1542 2003 1662 2047; x_wconf 86' lang='lat' dir='ltr'>unuvn.</span> <span class='ocrx_word' id='word_1_382' title='bbox 1687 1987 1864 2063; x_wconf 91' lang='lat' dir='ltr'>incipienti-</span> 
     </span>
     <span class='ocr_line' id='line_1_72' title="bbox 1121 2077 1864 2156; baseline 0 -17"><span class='ocrx_word' id='word_1_383' title='bbox 1121 2077 1179 2139; x_wconf 90' lang='lat' dir='ltr'>bus</span> <span class='ocrx_word' id='word_1_384' title='bbox 1202 2077 1265 2140; x_wconf 86' lang='lat' dir='ltr'>Pro</span> <span class='ocrx_word' id='word_1_385' title='bbox 1288 2079 1465 2148; x_wconf 78' lang='lat' dir='ltr'>eucellcutt,</span> <span class='ocrx_word' id='word_1_386' title='bbox 1489 2080 1527 2140; x_wconf 93' lang='lat' dir='ltr'>de</span> <span class='ocrx_word' id='word_1_387' title='bbox 1553 2080 1751 2156; x_wconf 88' lang='lat' dir='ltr'>episcopatus</span> <span class='ocrx_word' id='word_1_388' title='bbox 1774 2079 1864 2139; x_wconf 85' lang='lat' dir='ltr'>Mala-</span> 
     </span>
     <span class='ocr_line' id='line_1_73' title="bbox 1120 2171 1864 2248; baseline -0.001 -16"><span class='ocrx_word' id='word_1_389' title='bbox 1120 2171 1223 2232; x_wconf 91' lang='lat' dir='ltr'>censis</span> <span class='ocrx_word' id='word_1_390' title='bbox 1246 2171 1419 2240; x_wconf 85' lang='lat' dir='ltr'>erectione,</span> <span class='ocrx_word' id='word_1_391' title='bbox 1438 2177 1470 2232; x_wconf 92' lang='lat' dir='ltr'>et</span> <span class='ocrx_word' id='word_1_392' title='bbox 1484 2179 1648 2248; x_wconf 89' lang='lat' dir='ltr'>praeterea</span> <span class='ocrx_word' id='word_1_393' title='bbox 1672 2173 1864 2248; x_wconf 89' lang='lat' dir='ltr'>derogamus</span> 
     </span>
     <span class='ocr_line' id='line_1_74' title="bbox 1120 2263 1864 2342; baseline 0 -18"><span class='ocrx_word' id='word_1_394' title='bbox 1120 2265 1214 2324; x_wconf 89' lang='lat' dir='ltr'>etiam</span> <span class='ocrx_word' id='word_1_395' title='bbox 1238 2263 1340 2325; x_wconf 89' lang='lat' dir='ltr'>literis</span> <span class='ocrx_word' id='word_1_396' title='bbox 1363 2263 1542 2342; x_wconf 90' lang='lat' dir='ltr'>apostolicis</span> <span class='ocrx_word' id='word_1_397' title='bbox 1567 2263 1621 2325; x_wconf 84' lang='lat' dir='ltr'>fel.</span> <span class='ocrx_word' id='word_1_398' title='bbox 1646 2280 1709 2326; x_wconf 92' lang='lat' dir='ltr'>rec.</span> <span class='ocrx_word' id='word_1_399' title='bbox 1735 2264 1864 2340; x_wconf 91' lang='lat' dir='ltr'>praede-</span> 
     </span>
     <span class='ocr_line' id='line_1_75' title="bbox 1119 2355 1863 2418; baseline 0 -2"><span class='ocrx_word' id='word_1_400' title='bbox 1119 2356 1254 2418; x_wconf 89' lang='lat' dir='ltr'>cessoris</span> <span class='ocrx_word' id='word_1_401' title='bbox 1277 2357 1378 2416; x_wconf 88' lang='lat' dir='ltr'>nostri</span> <span class='ocrx_word' id='word_1_402' title='bbox 1401 2356 1487 2416; x_wconf 85' lang='lat' dir='ltr'>Pauli</span> <span class='ocrx_word' id='word_1_403' title='bbox 1512 2355 1563 2417; x_wconf 89' lang='lat' dir='ltr'>tv.</span> <span class='ocrx_word' id='word_1_404' title='bbox 1588 2356 1650 2416; x_wconf 92' lang='lat' dir='ltr'>diei</span> <span class='ocrx_word' id='word_1_405' title='bbox 1672 2372 1714 2416; x_wconf 82' lang='grc' dir='ltr'>ιι.</span> <span class='ocrx_word' id='word_1_406' title='bbox 1739 2355 1863 2417; x_wconf 83' lang='lat' dir='ltr'>februa-</span> 
     </span>
     <span class='ocr_line' id='line_1_76' title="bbox 1121 2447 1863 2526; baseline 0.001 -19"><span class='ocrx_word' id='word_1_407' title='bbox 1121 2449 1159 2509; x_wconf 92' lang='lat' dir='ltr'>rii</span> <span class='ocrx_word' id='word_1_408' title='bbox 1181 2465 1302 2508; x_wconf 73' lang='lat' dir='ltr'>nomn.</span> <span class='ocrx_word' id='word_1_409' title='bbox 1327 2448 1553 2526; x_wconf 87' lang='lat' dir='ltr'>incipientibus</span> <span class='ocrx_word' id='word_1_410' title='bbox 1578 2447 1646 2508; x_wconf 86' lang='lat' dir='ltr'>Etsi</span> <span class='ocrx_word' id='word_1_411' title='bbox 1669 2447 1800 2516; x_wconf 80' lang='lat' dir='ltr'>Sancta,</span> <span class='ocrx_word' id='word_1_412' title='bbox 1825 2448 1863 2508; x_wconf 91' lang='lat' dir='ltr'>de</span> 
     </span>
     <span class='ocr_line' id='line_1_77' title="bbox 1121 2539 1864 2618; baseline -0.001 -17"><span class='ocrx_word' id='word_1_413' title='bbox 1121 2539 1418 2618; x_wconf 82' lang='lat' dir='ltr'>brebiepiscopatus</span> <span class='ocrx_word' id='word_1_414' title='bbox 1440 2540 1539 2602; x_wconf 80' lang='lat' dir='ltr'>Gonni</span> <span class='ocrx_word' id='word_1_415' title='bbox 1561 2541 1734 2612; x_wconf 86' lang='lat' dir='ltr'>erectione,</span> <span class='ocrx_word' id='word_1_416' title='bbox 1758 2541 1810 2611; x_wconf 88' lang='lat' dir='ltr'>ita,</span> <span class='ocrx_word' id='word_1_417' title='bbox 1828 2547 1864 2600; x_wconf 93' lang='lat' dir='ltr'>ut</span> 
     </span>
     <span class='ocr_line' id='line_1_78' title="bbox 1120 2633 1864 2709; baseline -0.001 -14"><span class='ocrx_word' id='word_1_418' title='bbox 1120 2633 1240 2696; x_wconf 91' lang='lat' dir='ltr'>nullam</span> <span class='ocrx_word' id='word_1_419' title='bbox 1277 2633 1548 2705; x_wconf 88' lang='lat' dir='ltr'>iurisdictionem,</span> <span class='ocrx_word' id='word_1_420' title='bbox 1586 2648 1791 2709; x_wconf 88' lang='lat' dir='ltr'>quocumque</span> <span class='ocrx_word' id='word_1_421' title='bbox 1827 2634 1864 2694; x_wconf 93' lang='lat' dir='ltr'>ti-</span> 
     </span>
     <span class='ocr_line' id='line_1_79' title="bbox 1119 2725 1864 2803; baseline -0.003 -15"><span class='ocrx_word' id='word_1_422' title='bbox 1119 2727 1198 2798; x_wconf 88' lang='lat' dir='ltr'>tulo,</span> <span class='ocrx_word' id='word_1_423' title='bbox 1230 2726 1325 2788; x_wconf 89' lang='lat' dir='ltr'>etiam</span> <span class='ocrx_word' id='word_1_424' title='bbox 1354 2726 1482 2803; x_wconf 89' lang='lat' dir='ltr'>speciali</span> <span class='ocrx_word' id='word_1_425' title='bbox 1511 2727 1676 2788; x_wconf 90' lang='lat' dir='ltr'>mentione</span> <span class='ocrx_word' id='word_1_426' title='bbox 1698 2726 1806 2802; x_wconf 91' lang='lat' dir='ltr'>digno,</span> <span class='ocrx_word' id='word_1_427' title='bbox 1831 2725 1864 2786; x_wconf 91' lang='lat' dir='ltr'>in</span> 
     </span>
     <span class='ocr_line' id='line_1_80' title="bbox 1119 2818 1863 2896; baseline -0.001 -16"><span class='ocrx_word' id='word_1_428' title='bbox 1119 2820 1317 2896; x_wconf 89' lang='lat' dir='ltr'>regionibus,</span> <span class='ocrx_word' id='word_1_429' title='bbox 1342 2819 1380 2880; x_wconf 90' lang='lat' dir='ltr'>de</span> <span class='ocrx_word' id='word_1_430' title='bbox 1410 2819 1526 2894; x_wconf 91' lang='lat' dir='ltr'>quibus</span> <span class='ocrx_word' id='word_1_431' title='bbox 1555 2820 1676 2896; x_wconf 88' lang='lat' dir='ltr'>agitur,</span> <span class='ocrx_word' id='word_1_432' title='bbox 1700 2818 1863 2896; x_wconf 79' lang='lat' dir='ltr'>Arcbiepi-</span> 
     </span>
     <span class='ocr_line' id='line_1_81' title="bbox 1119 2911 1864 2990; baseline -0.003 -18"><span class='ocrx_word' id='word_1_433' title='bbox 1119 2927 1233 2990; x_wconf 89' lang='lat' dir='ltr'>scopus</span> <span class='ocrx_word' id='word_1_434' title='bbox 1258 2912 1383 2974; x_wconf 85' lang='lat' dir='ltr'>Gonnus</span> <span class='ocrx_word' id='word_1_435' title='bbox 1406 2913 1438 2972; x_wconf 94' lang='lat' dir='ltr'>in</span> <span class='ocrx_word' id='word_1_436' title='bbox 1461 2917 1625 2988; x_wconf 90' lang='lat' dir='ltr'>posterum</span> <span class='ocrx_word' id='word_1_437' title='bbox 1652 2911 1752 2989; x_wconf 91' lang='lat' dir='ltr'>possit</span> <span class='ocrx_word' id='word_1_438' title='bbox 1773 2927 1864 2973; x_wconf 84' lang='lat' dir='ltr'>exer-</span> 
     </span>
     <span class='ocr_line' id='line_1_82' title="bbox 1118 3004 1268 3085; baseline 0 -19"><span class='ocrx_word' id='word_1_439' title='bbox 1118 3021 1191 3067; x_wconf 90' lang='lat' dir='ltr'>cere</span> <span class='ocrx_word' id='word_1_440' title='bbox 1212 3004 1268 3085; x_wconf 90' lang='lat' dir='ltr'>(l).</span> 
     </span>
    </p>

    <p class='ocr_par' dir='ltr' id='par_1_7' title="bbox 1118 3097 2095 3632">
     <span class='ocr_line' id='line_1_83' title="bbox 1159 3097 2095 3180; baseline 0.004 -22"><span class='ocrx_word' id='word_1_441' title='bbox 1159 3100 1178 3173; x_wconf 64' lang='grc' dir='ltr'>ξ</span> <span class='ocrx_word' id='word_1_442' title='bbox 1200 3097 1228 3158; x_wconf 87' lang='lat'>7.</span> <span class='ocrx_word' id='word_1_443' title='bbox 1253 3097 1306 3158; x_wconf 92' lang='lat' dir='ltr'>llis</span> <span class='ocrx_word' id='word_1_444' title='bbox 1329 3099 1387 3158; x_wconf 92' lang='lat' dir='ltr'>ista</span> <span class='ocrx_word' id='word_1_445' title='bbox 1409 3097 1531 3158; x_wconf 89' lang='lat' dir='ltr'>ratione</span> <span class='ocrx_word' id='word_1_446' title='bbox 1554 3098 1690 3168; x_wconf 89' lang='lat' dir='ltr'>statutis,</span> <span class='ocrx_word' id='word_1_447' title='bbox 1715 3097 1864 3159; x_wconf 90' lang='lat' dir='ltr'>videmur</span> <span class='ocrx_word' id='word_1_448' title='bbox 1909 3119 2022 3180; x_wconf 47' lang='lat' dir='ltr'>vicmo.</span> <span class='ocrx_word' id='word_1_449' title='bbox 2039 3129 2095 3163; x_wconf 79' lang='lat' dir='ltr'>con-</span> 
     </span>
     <span class='ocr_line' id='line_1_84' title="bbox 1120 3173 2095 3270; baseline 0.005 -20"><span class='ocrx_word' id='word_1_450' title='bbox 1120 3191 1253 3252; x_wconf 91' lang='lat' dir='ltr'>omnino</span> <span class='ocrx_word' id='word_1_451' title='bbox 1265 3205 1323 3251; x_wconf 89' lang='lat' dir='ltr'>nos</span> <span class='ocrx_word' id='word_1_452' title='bbox 1336 3189 1503 3265; x_wconf 91' lang='lat' dir='ltr'>religionis</span> <span class='ocrx_word' id='word_1_453' title='bbox 1516 3195 1697 3266; x_wconf 91' lang='lat' dir='ltr'>opportuno</span> <span class='ocrx_word' id='word_1_454' title='bbox 1712 3189 1865 3266; x_wconf 90' lang='lat' dir='ltr'>regimini</span> <span class='ocrx_word' id='word_1_455' title='bbox 1883 3173 2046 3270; x_wconf 56' lang='lat' dir='ltr'>{ffifflffl‘ffl</span> <span class='ocrx_word' id='word_1_456' title='bbox 2060 3173 2095 3270; x_wconf 63' lang='lat'>{21</span> 
     </span>
     <span class='ocr_line' id='line_1_85' title="bbox 1119 3277 2094 3360; baseline -0.001 -17"><span class='ocrx_word' id='word_1_457' title='bbox 1119 3297 1176 3359; x_wconf 89' lang='lat' dir='ltr'>per</span> <span class='ocrx_word' id='word_1_458' title='bbox 1205 3298 1256 3343; x_wconf 90' lang='lat' dir='ltr'>eas</span> <span class='ocrx_word' id='word_1_459' title='bbox 1286 3283 1436 3358; x_wconf 90' lang='lat' dir='ltr'>regiones</span> <span class='ocrx_word' id='word_1_460' title='bbox 1468 3281 1683 3360; x_wconf 79' lang='lat' dir='ltr'>prospexisse,</span> <span class='ocrx_word' id='word_1_461' title='bbox 1713 3299 1747 3343; x_wconf 88' lang='lat' dir='ltr'>ao</span> <span class='ocrx_word' id='word_1_462' title='bbox 1776 3289 1864 3344; x_wconf 88' lang='lat' dir='ltr'>certo</span> <span class='ocrx_word' id='word_1_463' title='bbox 1884 3278 1972 3334; x_wconf 72' lang='lat' dir='ltr'>¹¹8¹0¹¹l</span> <span class='ocrx_word' id='word_1_464' title='bbox 1995 3277 2094 3322; x_wconf 72' lang='lat' dir='ltr'>acerra,</span> 
     </span>
     <span class='ocr_line' id='line_1_86' title="bbox 1118 3373 1864 3451; baseline 0.001 -18"><span class='ocrx_word' id='word_1_465' title='bbox 1118 3389 1285 3451; x_wconf 91' lang='lat' dir='ltr'>speramus</span> <span class='ocrx_word' id='word_1_466' title='bbox 1307 3373 1465 3444; x_wconf 82' lang='lat' dir='ltr'>futurum,</span> <span class='ocrx_word' id='word_1_467' title='bbox 1493 3380 1539 3444; x_wconf 90' lang='lat' dir='ltr'>ut,</span> <span class='ocrx_word' id='word_1_468' title='bbox 1563 3373 1628 3435; x_wconf 88' lang='lat' dir='ltr'>Deo</span> <span class='ocrx_word' id='word_1_469' title='bbox 1658 3373 1778 3451; x_wconf 91' lang='lat' dir='ltr'>optimo</span> <span class='ocrx_word' id='word_1_470' title='bbox 1801 3389 1864 3434; x_wconf 88' lang='lat' dir='ltr'>ma-</span> 
     </span>
     <span class='ocr_line' id='line_1_87' title="bbox 1119 3465 1865 3528; baseline 0.001 -2"><span class='ocrx_word' id='word_1_471' title='bbox 1119 3466 1206 3527; x_wconf 79' lang='lat' dir='ltr'>ximo</span> <span class='ocrx_word' id='word_1_472' title='bbox 1235 3465 1405 3528; x_wconf 89' lang='lat' dir='ltr'>consilium</span> <span class='ocrx_word' id='word_1_473' title='bbox 1428 3483 1443 3526; x_wconf 91' lang='lat' dir='ltr'>a</span> <span class='ocrx_word' id='word_1_474' title='bbox 1471 3465 1561 3527; x_wconf 92' lang='lat' dir='ltr'>nobis</span> <span class='ocrx_word' id='word_1_475' title='bbox 1590 3465 1705 3528; x_wconf 87' lang='lat' dir='ltr'>initum</span> <span class='ocrx_word' id='word_1_476' title='bbox 1735 3465 1865 3528; x_wconf 92' lang='lat' dir='ltr'>benedi·</span> 
     </span>
     <span class='ocr_line' id='line_1_88' title="bbox 1119 3558 1863 3632; baseline 0 -12"><span class='ocrx_word' id='word_1_477' title='bbox 1119 3567 1227 3632; x_wconf 91' lang='lat' dir='ltr'>cente,</span> <span class='ocrx_word' id='word_1_478' title='bbox 1262 3560 1339 3622; x_wconf 88' lang='lat' dir='ltr'>baec</span> <span class='ocrx_word' id='word_1_479' title='bbox 1371 3559 1408 3620; x_wconf 89' lang='lat' dir='ltr'>ad</span> <span class='ocrx_word' id='word_1_480' title='bbox 1433 3558 1593 3620; x_wconf 86' lang='lat' dir='ltr'>Ecclesiae</span> <span class='ocrx_word' id='word_1_481' title='bbox 1625 3559 1863 3620; x_wconf 90' lang='lat' dir='ltr'>incrementum</span> 
     </span>
    </p>
   </div>
   <div class='ocr_carea' id='block_1_7' title="bbox 1119 3651 1863 3730">
    <p class='ocr_par' dir='ltr' id='par_1_8' title="bbox 1119 3651 1863 3730">
     <span class='ocr_line' id='line_1_89' title="bbox 1119 3651 1863 3730; baseline -0.001 -18"><span class='ocrx_word' id='word_1_482' title='bbox 1119 3667 1316 3730; x_wconf 90' lang='lat' dir='ltr'>magnopere</span> <span class='ocrx_word' id='word_1_483' title='bbox 1342 3651 1523 3712; x_wconf 83' lang='lat' dir='ltr'>conterant:</span> <span class='ocrx_word' id='word_1_484' title='bbox 1552 3651 1743 3712; x_wconf 88' lang='lat' dir='ltr'>confidimus</span> <span class='ocrx_word' id='word_1_485' title='bbox 1768 3651 1863 3712; x_wconf 90' lang='lat' dir='ltr'>etiam</span> 
     </span>
    </p>
   </div>
   <div class='ocr_carea' id='block_1_8' title="bbox 1113 3743 1864 3817">
    <p class='ocr_par' dir='ltr' id='par_1_9' title="bbox 1113 3743 1864 3817">
     <span class='ocr_line' id='line_1_90' title="bbox 1113 3743 1864 3817; baseline 0 -12"><span class='ocrx_word' id='word_1_486' title='bbox 1113 3745 1199 3817; x_wconf 82' lang='lat' dir='ltr'>lore,</span> <span class='ocrx_word' id='word_1_487' title='bbox 1214 3751 1251 3806; x_wconf 91' lang='lat' dir='ltr'>nt</span> <span class='ocrx_word' id='word_1_488' title='bbox 1272 3744 1408 3807; x_wconf 92' lang='lat' dir='ltr'>decretis</span> <span class='ocrx_word' id='word_1_489' title='bbox 1430 3743 1548 3804; x_wconf 90' lang='lat' dir='ltr'>nostris</span> <span class='ocrx_word' id='word_1_490' title='bbox 1565 3759 1676 3804; x_wconf 91' lang='lat' dir='ltr'>omnes</span> <span class='ocrx_word' id='word_1_491' title='bbox 1691 3761 1727 3804; x_wconf 91' lang='lat' dir='ltr'>ea</span> <span class='ocrx_word' id='word_1_492' title='bbox 1743 3744 1864 3805; x_wconf 91' lang='lat' dir='ltr'>obtem-</span> 
     </span>
    </p>
   </div>
   <div class='ocr_carea' id='block_1_9' title="bbox 1120 3836 2097 5578">
    <p class='ocr_par' dir='ltr' id='par_1_10' title="bbox 1120 3836 1865 4639">
     <span class='ocr_line' id='line_1_91' title="bbox 1120 3836 1865 3916; baseline -0.003 -16"><span class='ocrx_word' id='word_1_493' title='bbox 1120 3845 1235 3916; x_wconf 90' lang='lat' dir='ltr'>perent</span> <span class='ocrx_word' id='word_1_494' title='bbox 1250 3837 1462 3908; x_wconf 85' lang='lat' dir='ltr'>observantia,</span> <span class='ocrx_word' id='word_1_495' title='bbox 1480 3852 1560 3913; x_wconf 91' lang='lat' dir='ltr'>quae</span> <span class='ocrx_word' id='word_1_496' title='bbox 1576 3836 1722 3914; x_wconf 89' lang='lat' dir='ltr'>dignitati</span> <span class='ocrx_word' id='word_1_497' title='bbox 1737 3843 1865 3898; x_wconf 90' lang='lat' dir='ltr'>nostrae</span> 
     </span>
     <span class='ocr_line' id='line_1_92' title="bbox 1120 3928 1864 4006; baseline -0.004 -15"><span class='ocrx_word' id='word_1_498' title='bbox 1120 3929 1267 4000; x_wconf 85' lang='lat' dir='ltr'>debetur,</span> <span class='ocrx_word' id='word_1_499' title='bbox 1298 3929 1348 3990; x_wconf 92' lang='lat' dir='ltr'>cui</span> <span class='ocrx_word' id='word_1_500' title='bbox 1377 3929 1410 3989; x_wconf 93' lang='lat' dir='ltr'>in</span> <span class='ocrx_word' id='word_1_501' title='bbox 1432 3929 1467 3990; x_wconf 87' lang='lat' dir='ltr'>D.</span> <span class='ocrx_word' id='word_1_502' title='bbox 1493 3928 1587 3989; x_wconf 89' lang='lat' dir='ltr'>Petro</span> <span class='ocrx_word' id='word_1_503' title='bbox 1618 3929 1784 4006; x_wconf 86' lang='lat' dir='ltr'>pascendi,</span> <span class='ocrx_word' id='word_1_504' title='bbox 1815 3945 1864 3989; x_wconf 91' lang='lat' dir='ltr'>re-</span> 
     </span>
     <span class='ocr_line' id='line_1_93' title="bbox 1121 4021 1865 4098; baseline -0.005 -14"><span class='ocrx_word' id='word_1_505' title='bbox 1121 4023 1217 4098; x_wconf 90' lang='lat' dir='ltr'>gendi</span> <span class='ocrx_word' id='word_1_506' title='bbox 1239 4039 1272 4083; x_wconf 89' lang='lat' dir='ltr'>ac</span> <span class='ocrx_word' id='word_1_507' title='bbox 1295 4021 1495 4098; x_wconf 90' lang='lat' dir='ltr'>gubernandi</span> <span class='ocrx_word' id='word_1_508' title='bbox 1517 4021 1739 4084; x_wconf 85' lang='lat' dir='ltr'>universalem</span> <span class='ocrx_word' id='word_1_509' title='bbox 1759 4021 1865 4082; x_wconf 91' lang='lat' dir='ltr'>Eccle-</span> 
     </span>
     <span class='ocr_line' id='line_1_94' title="bbox 1120 4113 1865 4192; baseline -0.003 -16"><span class='ocrx_word' id='word_1_510' title='bbox 1120 4117 1198 4176; x_wconf 90' lang='lat' dir='ltr'>siam</span> <span class='ocrx_word' id='word_1_511' title='bbox 1220 4133 1236 4176; x_wconf 91' lang='lat' dir='ltr'>a</span> <span class='ocrx_word' id='word_1_512' title='bbox 1257 4115 1322 4175; x_wconf 88' lang='lat' dir='ltr'>Deo</span> <span class='ocrx_word' id='word_1_513' title='bbox 1345 4121 1484 4192; x_wconf 90' lang='lat' dir='ltr'>potestas</span> <span class='ocrx_word' id='word_1_514' title='bbox 1504 4113 1617 4176; x_wconf 86' lang='lat' dir='ltr'>tradita</span> <span class='ocrx_word' id='word_1_515' title='bbox 1640 4121 1698 4175; x_wconf 91' lang='lat' dir='ltr'>est.</span> <span class='ocrx_word' id='word_1_516' title='bbox 1723 4113 1794 4175; x_wconf 93' lang='lat' dir='ltr'>Non</span> <span class='ocrx_word' id='word_1_517' title='bbox 1810 4113 1865 4174; x_wconf 89' lang='lat' dir='ltr'>du-</span> 
     </span>
     <span class='ocr_line' id='line_1_95' title="bbox 1121 4207 1865 4283; baseline -0.004 -13"><span class='ocrx_word' id='word_1_518' title='bbox 1121 4209 1257 4270; x_wconf 91' lang='lat' dir='ltr'>bitamus</span> <span class='ocrx_word' id='word_1_519' title='bbox 1287 4207 1437 4283; x_wconf 89' lang='lat' dir='ltr'>denique,</span> <span class='ocrx_word' id='word_1_520' title='bbox 1462 4223 1526 4278; x_wconf 91' lang='lat' dir='ltr'>eos,</span> <span class='ocrx_word' id='word_1_521' title='bbox 1551 4207 1606 4283; x_wconf 93' lang='lat' dir='ltr'>qui</span> <span class='ocrx_word' id='word_1_522' title='bbox 1634 4207 1788 4268; x_wconf 87' lang='lat' dir='ltr'>hactenus</span> <span class='ocrx_word' id='word_1_523' title='bbox 1811 4221 1865 4267; x_wconf 87' lang='lat' dir='ltr'>vo-</span> 
     </span>
     <span class='ocr_line' id='line_1_96' title="bbox 1121 4301 1865 4376; baseline -0.005 -14"><span class='ocrx_word' id='word_1_524' title='bbox 1121 4301 1235 4362; x_wconf 93' lang='lat' dir='ltr'>luntati</span> <span class='ocrx_word' id='word_1_525' title='bbox 1264 4307 1391 4362; x_wconf 89' lang='lat' dir='ltr'>nostrae</span> <span class='ocrx_word' id='word_1_526' title='bbox 1419 4301 1626 4370; x_wconf 87' lang='lat' dir='ltr'>restiterunt,</span> <span class='ocrx_word' id='word_1_527' title='bbox 1659 4306 1865 4376; x_wconf 90' lang='lat' dir='ltr'>suscepturos</span> 
     </span>
     <span class='ocr_line' id='line_1_97' title="bbox 1121 4391 1865 4469; baseline -0.007 -14"><span class='ocrx_word' id='word_1_528' title='bbox 1121 4411 1191 4456; x_wconf 91' lang='lat' dir='ltr'>esse</span> <span class='ocrx_word' id='word_1_529' title='bbox 1211 4394 1334 4455; x_wconf 88' lang='lat' dir='ltr'>saniora</span> <span class='ocrx_word' id='word_1_530' title='bbox 1354 4392 1482 4454; x_wconf 90' lang='lat' dir='ltr'>consilia</span> <span class='ocrx_word' id='word_1_531' title='bbox 1502 4397 1563 4452; x_wconf 89' lang='lat' dir='ltr'>eta</span> <span class='ocrx_word' id='word_1_532' title='bbox 1580 4391 1769 4469; x_wconf 86' lang='lat' dir='ltr'>gravissimo</span> <span class='ocrx_word' id='word_1_533' title='bbox 1784 4391 1865 4452; x_wconf 92' lang='lat' dir='ltr'>scbi-</span> 
     </span>
     <span class='ocr_line' id='line_1_98' title="bbox 1121 4483 1865 4548; baseline -0.004 -2"><span class='ocrx_word' id='word_1_534' title='bbox 1121 4485 1230 4548; x_wconf 92' lang='lat' dir='ltr'>smatis</span> <span class='ocrx_word' id='word_1_535' title='bbox 1261 4485 1344 4546; x_wconf 89' lang='lat' dir='ltr'>malo</span> <span class='ocrx_word' id='word_1_536' title='bbox 1373 4485 1493 4545; x_wconf 91' lang='lat' dir='ltr'>alienos</span> <span class='ocrx_word' id='word_1_537' title='bbox 1519 4499 1559 4544; x_wconf 83' lang='lat' dir='ltr'>ex</span> <span class='ocrx_word' id='word_1_538' title='bbox 1589 4485 1695 4546; x_wconf 89' lang='lat' dir='ltr'>animo</span> <span class='ocrx_word' id='word_1_539' title='bbox 1722 4499 1792 4545; x_wconf 92' lang='lat' dir='ltr'>esse</span> <span class='ocrx_word' id='word_1_540' title='bbox 1818 4483 1865 4544; x_wconf 86' lang='lat' dir='ltr'>lu-</span> 
     </span>
     <span class='ocr_line' id='line_1_99' title="bbox 1120 4585 1221 4639; baseline -0.01 0"><span class='ocrx_word' id='word_1_541' title='bbox 1120 4585 1221 4639; x_wconf 91' lang='lat' dir='ltr'>turos.</span> 
     </span>
    </p>

    <p class='ocr_par' dir='ltr' id='par_1_11' title="bbox 1121 4668 2097 5578">
     <span class='ocr_line' id='line_1_100' title="bbox 1159 4668 2097 4746; baseline -0.003 -16"><span class='ocrx_word' id='word_1_542' title='bbox 1159 4673 1178 4746; x_wconf 65' lang='grc' dir='ltr'><strong>ς</strong></span> <span class='ocrx_word' id='word_1_543' title='bbox 1199 4669 1228 4731; x_wconf 88' lang='grc'>8.</span> <span class='ocrx_word' id='word_1_544' title='bbox 1253 4671 1382 4732; x_wconf 89' lang='lat' dir='ltr'>Praeter</span> <span class='ocrx_word' id='word_1_545' title='bbox 1404 4668 1483 4730; x_wconf 92' lang='lat' dir='ltr'>illud</span> <span class='ocrx_word' id='word_1_546' title='bbox 1499 4669 1586 4730; x_wconf 89' lang='lat' dir='ltr'>enim</span> <span class='ocrx_word' id='word_1_547' title='bbox 1602 4669 1866 4731; x_wconf 86' lang='lat' dir='ltr'>catholicicuius-</span> <span class='ocrx_word' id='word_1_548' title='bbox 1898 4687 1989 4730; x_wconf 77' lang='lat' dir='ltr'>omnes</span> <span class='ocrx_word' id='word_1_549' title='bbox 2002 4683 2097 4746; x_wconf 66' lang='lat' dir='ltr'>optem-</span> 
     </span>
     <span class='ocr_line' id='line_1_101' title="bbox 1121 4737 2097 4840; baseline -0.005 -16"><span class='ocrx_word' id='word_1_550' title='bbox 1121 4761 1200 4824; x_wconf 90' lang='lat' dir='ltr'>libet</span> <span class='ocrx_word' id='word_1_551' title='bbox 1221 4762 1387 4840; x_wconf 90' lang='lat' dir='ltr'>proprium</span> <span class='ocrx_word' id='word_1_552' title='bbox 1411 4761 1561 4834; x_wconf 88' lang='lat' dir='ltr'>officium,</span> <span class='ocrx_word' id='word_1_553' title='bbox 1585 4769 1621 4822; x_wconf 91' lang='lat' dir='ltr'>ut</span> <span class='ocrx_word' id='word_1_554' title='bbox 1638 4762 1674 4822; x_wconf 85' lang='lat' dir='ltr'>b.</span> <span class='ocrx_word' id='word_1_555' title='bbox 1692 4762 1786 4823; x_wconf 90' lang='lat' dir='ltr'>Petro</span> <span class='ocrx_word' id='word_1_556' title='bbox 1809 4777 1866 4838; x_wconf 89' lang='lat' dir='ltr'>per</span> <span class='ocrx_word' id='word_1_557' title='bbox 1885 4737 2097 4836; x_wconf 58' lang='lat' dir='ltr'>ffiffipggssssffij</span> 
     </span>
     <span class='ocr_line' id='line_1_102' title="bbox 1123 4853 1866 4931; baseline -0.003 -15"><span class='ocrx_word' id='word_1_558' title='bbox 1123 4871 1157 4916; x_wconf 94' lang='lat' dir='ltr'>os</span> <span class='ocrx_word' id='word_1_559' title='bbox 1180 4861 1327 4915; x_wconf 91' lang='lat' dir='ltr'>nostrum</span> <span class='ocrx_word' id='word_1_560' title='bbox 1350 4853 1495 4929; x_wconf 83' lang='lat' dir='ltr'>loquenti</span> <span class='ocrx_word' id='word_1_561' title='bbox 1514 4854 1738 4931; x_wconf 91' lang='lat' dir='ltr'>obtemperare</span> <span class='ocrx_word' id='word_1_562' title='bbox 1760 4859 1866 4914; x_wconf 89' lang='lat' dir='ltr'>tenea-</span> 
     </span>
     <span class='ocr_line' id='line_1_103' title="bbox 1122 4946 1864 5025; baseline -0.003 -17"><span class='ocrx_word' id='word_1_563' title='bbox 1122 4953 1186 5020; x_wconf 92' lang='lat' dir='ltr'>tur,</span> <span class='ocrx_word' id='word_1_564' title='bbox 1204 4962 1392 5025; x_wconf 91' lang='lat' dir='ltr'>persuasum</span> <span class='ocrx_word' id='word_1_565' title='bbox 1409 4947 1574 5018; x_wconf 84' lang='lat' dir='ltr'>babemus,</span> <span class='ocrx_word' id='word_1_566' title='bbox 1588 4963 1643 5008; x_wconf 91' lang='lat' dir='ltr'>eos</span> <span class='ocrx_word' id='word_1_567' title='bbox 1655 4946 1864 5018; x_wconf 81' lang='lat' dir='ltr'>intellexisse,</span> 
     </span>
     <span class='ocr_line' id='line_1_104' title="bbox 1122 5039 1867 5117; baseline 0.001 -17"><span class='ocrx_word' id='word_1_568' title='bbox 1122 5057 1203 5117; x_wconf 92' lang='lat' dir='ltr'>quae</span> <span class='ocrx_word' id='word_1_569' title='bbox 1224 5041 1261 5102; x_wconf 89' lang='lat' dir='ltr'>ad</span> <span class='ocrx_word' id='word_1_570' title='bbox 1288 5039 1409 5101; x_wconf 91' lang='lat' dir='ltr'>dissidii</span> <span class='ocrx_word' id='word_1_571' title='bbox 1431 5040 1480 5100; x_wconf 93' lang='lat' dir='ltr'>sui</span> <span class='ocrx_word' id='word_1_572' title='bbox 1503 5040 1724 5102; x_wconf 80' lang='lat' dir='ltr'>defensionem</span> <span class='ocrx_word' id='word_1_573' title='bbox 1754 5040 1867 5101; x_wconf 91' lang='lat' dir='ltr'>attule-</span> 
     </span>
     <span class='ocr_line' id='line_1_105' title="bbox 1122 5133 1867 5210; baseline 0.001 -18"><span class='ocrx_word' id='word_1_574' title='bbox 1122 5140 1219 5204; x_wconf 90' lang='lat' dir='ltr'>runt,</span> <span class='ocrx_word' id='word_1_575' title='bbox 1255 5133 1399 5210; x_wconf 85' lang='lat' dir='ltr'>ipsorum</span> <span class='ocrx_word' id='word_1_576' title='bbox 1432 5133 1679 5210; x_wconf 86' lang='lat' dir='ltr'>repugnantiam</span> <span class='ocrx_word' id='word_1_577' title='bbox 1715 5147 1867 5194; x_wconf 80' lang='lat' dir='ltr'>excusare</span> 
     </span>
     <span class='ocr_line' id='line_1_106' title="bbox 1123 5222 1867 5302; baseline -0.001 -16"><span class='ocrx_word' id='word_1_578' title='bbox 1123 5225 1209 5286; x_wconf 90' lang='lat' dir='ltr'>nulla</span> <span class='ocrx_word' id='word_1_579' title='bbox 1239 5226 1362 5286; x_wconf 91' lang='lat' dir='ltr'>ratione</span> <span class='ocrx_word' id='word_1_580' title='bbox 1390 5239 1493 5302; x_wconf 90' lang='lat' dir='ltr'>posse.</span> <span class='ocrx_word' id='word_1_581' title='bbox 1521 5222 1676 5286; x_wconf 85' lang='lat' dir='ltr'>Omnibus</span> <span class='ocrx_word' id='word_1_582' title='bbox 1703 5225 1790 5286; x_wconf 91' lang='lat' dir='ltr'>enim</span> <span class='ocrx_word' id='word_1_583' title='bbox 1817 5241 1867 5285; x_wconf 92' lang='lat' dir='ltr'>co-</span> 
     </span>
     <span class='ocr_line' id='line_1_107' title="bbox 1123 5315 1867 5396; baseline -0.003 -17"><span class='ocrx_word' id='word_1_584' title='bbox 1123 5319 1248 5396; x_wconf 89' lang='lat' dir='ltr'>gnitum</span> <span class='ocrx_word' id='word_1_585' title='bbox 1271 5323 1330 5388; x_wconf 90' lang='lat' dir='ltr'>est,</span> <span class='ocrx_word' id='word_1_586' title='bbox 1350 5316 1562 5394; x_wconf 78' lang='lat' dir='ltr'>Apostolicam</span> <span class='ocrx_word' id='word_1_587' title='bbox 1580 5315 1695 5379; x_wconf 90' lang='lat' dir='ltr'>Sedem</span> <span class='ocrx_word' id='word_1_588' title='bbox 1714 5318 1747 5378; x_wconf 94' lang='lat' dir='ltr'>in</span> <span class='ocrx_word' id='word_1_589' title='bbox 1763 5322 1867 5394; x_wconf 90' lang='lat' dir='ltr'>patro-</span> 
     </span>
     <span class='ocr_line' id='line_1_108' title="bbox 1122 5407 1867 5484; baseline -0.004 -14"><span class='ocrx_word' id='word_1_590' title='bbox 1122 5415 1197 5471; x_wconf 90' lang='lat' dir='ltr'>natu</span> <span class='ocrx_word' id='word_1_591' title='bbox 1219 5409 1275 5469; x_wconf 94' lang='lat' dir='ltr'>illo</span> <span class='ocrx_word' id='word_1_592' title='bbox 1299 5408 1493 5470; x_wconf 85' lang='lat' dir='ltr'>fidelissimis</span> <span class='ocrx_word' id='word_1_593' title='bbox 1521 5407 1700 5469; x_wconf 89' lang='lat' dir='ltr'>Lusitaniae</span> <span class='ocrx_word' id='word_1_594' title='bbox 1726 5407 1867 5484; x_wconf 88' lang='lat' dir='ltr'>Regibus</span> 
     </span>
     <span class='ocr_line' id='line_1_109' title="bbox 1122 5499 1867 5578; baseline -0.007 -13"><span class='ocrx_word' id='word_1_595' title='bbox 1122 5502 1344 5574; x_wconf 91' lang='lat' dir='ltr'>concedendo,</span> <span class='ocrx_word' id='word_1_596' title='bbox 1376 5516 1540 5578; x_wconf 88' lang='lat' dir='ltr'>nunquam</span> <span class='ocrx_word' id='word_1_597' title='bbox 1561 5501 1703 5562; x_wconf 89' lang='lat' dir='ltr'>voluisse</span> <span class='ocrx_word' id='word_1_598' title='bbox 1733 5499 1867 5578; x_wconf 89' lang='lat' dir='ltr'>impedi·-</span> 
     </span>
    </p>
   </div>
   <div class='ocr_carea' id='block_1_10' title="bbox 1123 5592 1867 5672">
    <p class='ocr_par' dir='ltr' id='par_1_12' title="bbox 1123 5592 1867 5672">
     <span class='ocr_line' id='line_1_110' title="bbox 1123 5592 1867 5672; baseline -0.005 -14"><span class='ocrx_word' id='word_1_599' title='bbox 1123 5601 1270 5658; x_wconf 91' lang='lat' dir='ltr'>mentum</span> <span class='ocrx_word' id='word_1_600' title='bbox 1286 5594 1345 5657; x_wconf 92' lang='lat' dir='ltr'>sibi</span> <span class='ocrx_word' id='word_1_601' title='bbox 1367 5594 1428 5672; x_wconf 89' lang='lat' dir='ltr'>ipsi</span> <span class='ocrx_word' id='word_1_602' title='bbox 1443 5593 1606 5665; x_wconf 87' lang='lat' dir='ltr'>inducere,</span> <span class='ocrx_word' id='word_1_603' title='bbox 1629 5592 1802 5668; x_wconf 91' lang='lat' dir='ltr'>quominus</span> <span class='ocrx_word' id='word_1_604' title='bbox 1817 5607 1867 5654; x_wconf 88' lang='lat' dir='ltr'>re-</span> 
     </span>
    </p>
   </div>
   <div class='ocr_carea' id='block_1_11' title="bbox 362 5835 1867 5897">
    <p class='ocr_par' dir='ltr' id='par_1_13' title="bbox 362 5835 1867 5897">
     <span class='ocr_line' id='line_1_111' title="bbox 362 5835 1867 5897; baseline -0.004 -14"><span class='ocrx_word' id='word_1_605' title='bbox 362 5841 390 5894; x_wconf 83' lang='lat' dir='ltr'>(t)</span> <span class='ocrx_word' id='word_1_606' title='bbox 406 5845 469 5886; x_wconf 74' lang='lat' dir='ltr'>acta</span> <span class='ocrx_word' id='word_1_607' title='bbox 489 5851 557 5897; x_wconf 87' lang='lat' dir='ltr'>quae</span> <span class='ocrx_word' id='word_1_608' title='bbox 577 5841 741 5896; x_wconf 78' lang='lat' dir='ltr'>abrogentur</span> <span class='ocrx_word' id='word_1_609' title='bbox 762 5839 844 5884; x_wconf 84' lang='lat' dir='ltr'>lector·</span> <span class='ocrx_word' id='word_1_610' title='bbox 866 5841 953 5885; x_wconf 84' lang='lat' dir='ltr'>videre</span> <span class='ocrx_word' id='word_1_611' title='bbox 975 5844 1061 5896; x_wconf 83' lang='lat' dir='ltr'>potest</span> <span class='ocrx_word' id='word_1_612' title='bbox 1081 5841 1108 5886; x_wconf 90' lang='lat' dir='ltr'>tu</span> <span class='ocrx_word' id='word_1_613' title='bbox 1124 5839 1310 5896; x_wconf 74' lang='lat' dir='ltr'>supplemento</span> <span class='ocrx_word' id='word_1_614' title='bbox 1326 5837 1351 5880; x_wconf 91' lang='lat' dir='ltr'>iu</span> <span class='ocrx_word' id='word_1_615' title='bbox 1367 5845 1418 5891; x_wconf 91' lang='lat' dir='ltr'>qno</span> <span class='ocrx_word' id='word_1_616' title='bbox 1436 5835 1608 5880; x_wconf 84' lang='lat' dir='ltr'>continentur</span> <span class='ocrx_word' id='word_1_617' title='bbox 1622 5844 1653 5878; x_wconf 86' lang='lat' dir='ltr'>ea</span> <span class='ocrx_word' id='word_1_618' title='bbox 1667 5835 1790 5878; x_wconf 82' lang='lat' dir='ltr'>emanata</span> <span class='ocrx_word' id='word_1_619' title='bbox 1805 5837 1867 5878; x_wconf 87' lang='lat' dir='ltr'>aute</span> 
     </span>
    </p>
   </div>
   <div class='ocr_carea' id='block_1_12' title="bbox 321 5905 729 5961">
    <p class='ocr_par' dir='ltr' id='par_1_14' title="bbox 321 5905 729 5961">
     <span class='ocr_line' id='line_1_112' title="bbox 321 5905 729 5961; baseline -0.005 -12"><span class='ocrx_word' id='word_1_620' title='bbox 321 5909 398 5961; x_wconf 84' lang='lat' dir='ltr'>cong.</span> <span class='ocrx_word' id='word_1_621' title='bbox 412 5905 443 5951; x_wconf 86' lang='lat' dir='ltr'>de</span> <span class='ocrx_word' id='word_1_622' title='bbox 458 5909 483 5950; x_wconf 86' lang='lat' dir='ltr'>P.</span> <span class='ocrx_word' id='word_1_623' title='bbox 499 5909 526 5950; x_wconf 83' lang='lat' dir='ltr'>p,</span> <span class='ocrx_word' id='word_1_624' title='bbox 540 5907 729 5954; x_wconf 79' lang='lat' dir='ltr'>fundationem.</span> 
     </span>
    </p>
   </div>
   <div class='ocr_carea' id='block_1_13' title="bbox 0 0 2401 6980">
    <p class='ocr_par' dir='ltr' id='par_1_15' title="bbox 0 0 2401 6980">
     <span class='ocr_line' id='line_1_113' title="bbox 0 0 2401 6980; baseline 0 0"><span class='ocrx_word' id='word_1_625' title='bbox 0 0 2401 6980; x_wconf 95' lang='lat' dir='ltr'> </span> 
     </span>
    </p>
   </div>
  </div>
 </body>
</html>
