4864 6994
361 571 414 628 An.
429 575 459 628 C.
481 575 549 629 1832
598 568 637 634 52

579 703 696 765 tionem
718 703 887 781 quamdam
910 699 1050 776 obtrudi,
1072 702 1161 780 quasi
1183 717 1325 763 necessa·

578 795 669 868 riam,
694 803 729 857 ut
745 797 814 858 eius
835 795 1048 858 incolumitati
1070 801 1102 856 et
1123 795 1324 856 incremento

578 889 773 961 consulatur,
788 889 921 967 perinde
937 889 1010 951 acsi
1027 887 1152 950 1111111
1173 888 1239 965 ipsa
1254 902 1324 964 pos-

576 982 617 1042 sit
637 982 690 1044 vel
707 981 856 1054 defectui,
874 983 927 1044 111
943 981 1169 1052 obscurationi,
1187 979 1240 1041 vel
1256 979 1323 1040 aliis

577 1074 801 1136 huiuscemodi
831 1074 1043 1137 incommodis
1073 1072 1226 1147 obnoxia;
1259 1087 1322 1149 quo

577 1167 707 1244 quidem
729 1167 896 1230 molimine
918 1184 956 1228 eo
974 1173 1118 1246 spectant
1139 1171 1319 1236 novatores,

576 1268 612 1320 ut
632 1261 767 1342 recentis
783 1261 945 1323 humanae
959 1259 1174 1321 iustitutionis
1196 1257 1320 1321 iactare-

576 1357 630 1414 tur
651 1353 876 1432 paludamenta,
893 1355 1038 1430 illudque
1060 1354 1165 1432 ipsum
1181 1351 1317 1422 eveniat,

575 1447 660 1524 quod
687 1449 863 1510 detestatur
885 1447 1072 1526 Cyprianus
1102 1453 1148 1518 ut,
1172 1461 1253 1522 quae
1275 1445 1318 1506 di-

574 1541 647 1602 vina
675 1557 728 1603 res
757 1548 815 1613 est,
846 1540 991 1602 buneanu
1014 1541 1072 1620 fiat
1095 1538 1236 1600 Ecclesia
1260 1537 1316 1618 (l).

573 1633 775 1712 Perpendant
802 1649 891 1706 vero,
922 1634 977 1711 qui
1005 1632 1134 1694 consilia
1154 1631 1185 1693 id
1215 1646 1317 1707 genus

573 1727 812 1799 machinantur,
846 1727 903 1789 uni
934 1727 1076 1788 Romano
1104 1724 1248 1786 Pontifici
1277 1740 1317 1785 ex

573 1819 604 1882 S.
629 1821 743 1883 Leonis
766 1820 950 1883 testimonio
972 1834 1132 1882 cananum
1157 1817 1317 1896 dispeusa-

571 1915 688 1976 tt'onam
710 1931 773 1974 esee
787 1913 952 1982 creditam,
968 1913 1132 1990 ipsiusque
1154 1910 1317 1972 dumtaxat

572 2022 652 2080 esse,
677 2025 742 2069 non
763 2023 843 2070 vero
858 2007 973 2085 privati
994 2005 1144 2077 hominiS,
1161 2005 1197 2066 de
1210 2008 1316 2082 pater-

570 2117 689 2163 narum
710 2101 829 2181 repulia
849 2100 1053 2163 sanctionum
1079 2097 1240 2175 quidpiam
1263 2098 1315 2158 de-

569 2210 715 2267 cernere,
732 2201 826 2272 atque
841 2194 893 2264 ita,
913 2191 1185 2269 quemadmodum
1205 2189 1315 2252 scribit

570 2285 600 2346 S.
618 2286 761 2349 Gelasius
782 2285 837 2366 (2),
862 2285 987 2348 decreta
1003 2299 1162 2347 cuneatum
1181 2279 1311 2352 librare,

567 2377 823 2456 decessorumque
841 2383 1012 2459 praecepta
1034 2375 1152 2445 metiri,
1175 2379 1314 2453 atquae

566 2472 736 2534 necessitas
764 2477 938 2550 temporum
966 2467 1192 2532 restaurandis
1220 2467 1313 2528 eccle·

566 2561 623 2622 1111
644 2562 826 2626 reluctando
848 2561 995 2641 deposcit,
1013 2557 1159 2623 adbibita
1173 2557 1312 2619 coaccide-

565 2656 693 2717 ratione
714 2655 872 2735 dt'lt'pentt',
895 2659 1119 2734 temperentur.

606 2749 661 2810 llic
681 2755 789 2812 autem
810 2755 950 2811 vestram
972 2746 1124 2808 volumus
1144 2746 1310 2807 excitatam

566 2855 623 2919 pro
645 2842 804 2919 religione
832 2840 1040 2903 constantiam
1070 2839 1223 2900 adversus
1246 2837 1310 2899 loe-

565 2934 727 2996 dissimam
750 2935 782 2996 in
808 2934 988 2996 clericalem
1017 2931 1209 2994 coelibatum
1237 2947 1310 2992 con-

564 3027 768 3101 iurationem,
792 3044 887 3105 quam
910 3027 1011 3088 nostis
1041 3026 1254 3088 effervescere
1276 3024 1309 3084 in

564 3122 631 3184 dies
653 3121 758 3196 latius,
782 3121 1020 3183 connitentibus
1043 3135 1116 3182 cum
1135 3118 1308 3197 perditissi-

563 3215 623 3276 mis
635 3215 738 3276 nostri
752 3212 1026 3293 aeviphilosophis
1035 3211 1199 3274 nonnullis
1212 3211 1305 3272 etiam

563 3310 683 3386 exipso
699 3307 911 3371 ecclesiastico
934 3307 1057 3378 ordine,
1081 3305 1136 3381 qui
1152 3319 1307 3382 personae

563 3399 653 3462 obliti
675 3401 885 3478 munerisque
906 3400 967 3472 sui,
985 3416 1018 3460 ac
1040 3397 1202 3459 blanditiis
1217 3397 1306 3458 abre·

562 3493 606 3570 pti
622 3494 835 3573 voluptatum,
854 3510 891 3556 eo
907 3493 1053 3556 licentiae
1074 3499 1302 3570 proruperunt,

560 3591 596 3646 ut
618 3586 757 3664 publicas
773 3588 868 3648 etiam
882 3593 977 3663 atque
997 3587 1125 3648 iteratas
1147 3584 1304 3661 aliquibus

559 3677 593 3738 in
614 3679 691 3740 locis
703 3681 770 3742 ausi
785 3680 849 3742 sint
863 3680 1015 3742 adhibere
1037 3677 1235 3755 Principibus
1251 3693 1304 3754 po-

559 3771 747 3834 stulationes
769 3774 806 3835 ad
828 3772 1025 3851 disciplinam
1046 3771 1132 3832 illam
1147 3769 1303 3831 sanctissi-

559 3879 644 3926 mam
672 3866 946 3944 perfringendam.
972 3863 1034 3926 Sed
1063 3863 1151 3942 piget
1171 3864 1210 3925 de
1236 3869 1302 3924 tur-

558 3958 1301 4035 pissimishisceconatibuslongovossermone

558 4049 723 4122 distinere,
747 4055 939 4126 vestraeque
960 4051 1065 4128 potius
1094 4049 1244 4125 religioni
1266 4049 1301 4110 fr-

557 4142 670 4204 dentes
698 4143 945 4214 committimuS,
970 4149 1006 4203 ut
1033 4143 1140 4218 legem
1169 4142 1300 4204 maximi

556 4236 723 4309 momenti,
737 4237 770 4297 in
786 4251 880 4314 quam
902 4236 1136 4298 lascivientium
1159 4236 1221 4296 1111
1241 4252 1299 4297 11-

556 4330 651 4407 dique
672 4337 748 4392 sunt
769 4331 902 4402 intenta,
919 4336 1036 4390 sartam
1058 4333 1172 4390 tectam
1195 4335 1299 4390 eusto-

555 4424 627 4496 diri,
650 4424 815 4496 vindicari,
839 4423 978 4496 delendi,
1003 4439 1043 4484 ex
1065 4437 1229 4484 sacrorum
1252 4439 1298 4484 ca-

554 4532 676 4579 nonum
691 4517 896 4596 praescripto,
912 4517 999 4578 omni
1012 4531 1071 4594 ope
1086 4515 1295 4577 contendatis.

592 4611 784 4673 Honorabile
806 4611 922 4673 deinde
950 4610 1197 4673 christianorum
1223 4625 1296 4672 con-

552 4704 709 4778 nubium,
744 4705 830 4782 quod
866 4703 1109 4767 Sacramentum
1143 4718 1296 4782 mapnum

552 4798 747 4877 nuncupavit
774 4797 889 4861 Paulus
911 4797 946 4858 t'n
980 4796 1105 4858 Christo
1133 4801 1163 4857 et
1193 4795 1295 4857 Eccle-

550 4891 600 4953 sia
615 4889 670 4970 (3),
687 4907 875 4953 communes
891 4896 1015 4952 nostras
1028 4905 1119 4951 curas
1132 4888 1291 4965 efflagitat,

551 4983 690 5060 nequid
719 4984 872 5046 adversus
898 4981 997 5060 ipsius
1025 4981 1235 5054 sanctitatem,
1260 4974 1293 5044 11

550 5075 589 5138 de
610 5077 823 5139 indissolubili
852 5077 996 5139 eiusdem
1028 5074 1157 5159 vinculo
1186 5075 1292 5137 minus

548 5175 636 5230 recte
657 5170 814 5231 sentiatur
835 5169 888 5230 111
917 5174 1059 5230 11111111
1081 5167 1198 5229 induci.
1233 5167 1292 5229 lm-

549 5277 648 5340 pense
670 5263 702 5325 id
723 5263 785 5324 iam
814 5261 1053 5324 commendarat
1081 5261 1147 5323 suis
1175 5262 1291 5323 advos

547 5355 663 5419 litteris
686 5354 786 5418 felicis
808 5355 1038 5417 recordationis
1067 5355 1291 5432 praedecessor

546 5456 656 5513 noster
678 5449 750 5514 Pius
773 5448 865 5526 Vlll.;
881 5448 983 5512 adhuc
997 5455 1105 5510 tamen
1120 5446 1234 5511 infesta
1249 5449 1291 5510 ei-

538 5741 543 5751 '
584 5748 613 5804 (l)
630 5750 652 5793 s.
668 5751 743 5805 cypr.
758 5760 798 5806 ep.
813 5749 847 5803 tr,
862 5748 924 5794 edit.
938 5746 1025 5794 Baluz.
1048 5787 1053 5795 .

583 5815 613 5870 (r)
629 5813 847 5860 1.(11111111ΡΡ.
863 5816 891 5860 11
905 5827 944 5871 ep.
959 5816 991 5860 ad
1007 5814 1118 5871 episcop.
1135 5811 1270 5860 Lucaniae.

583 5883 611 5937 (1)
627 5881 754 5926 1111111.
771 5885 837 5938 111.

582 5947 610 6008 111
625 5949 663 5993 nd
677 5949 771 6005 Ephes.
785 5953 806 6006 1,
820 5951 840 5995 5.

1096 581 1162 631 ltttt.
1186 582 1278 630 PONE,
1301 581 1342 628 bu
1364 579 1393 628 Ρ.
1417 578 1447 628 F.
1471 581 1554 628 PARS
1575 577 1597 628 1.

1382 700 1455 761 dem
1477 700 1642 764 molimina
1664 711 1881 767 succrescunt.
1909 699 2049 770 llooendi
2070 707 2124 772 ita-

1381 809 1444 870 que
1459 800 1534 855 sunt
1555 795 1668 858 sedulo
1680 797 1800 875 populi,
1818 799 2060 864 matrimonium
2076 818 2124 864 se-

1380 885 1444 948 mel
1457 885 1519 948 1111
1531 887 1647 949 initum
1664 889 1770 951 dirimi
1787 891 1922 970 amplius
1939 909 2004 955 non
2019 909 2120 972 posse,

1379 977 1535 1055 nexisque
1551 981 1711 1043 connubio
1726 982 1829 1046 ileum
1844 973 1996 1048 indidisse
2012 1003 2123 1066 perpe-

1378 1077 1464 1133 tuam
1487 1073 1570 1134 vitae
1591 1075 1788 1148 societatem,
1806 1079 1993 1155 nodumque
2014 1095 2122 1142 neces-

1377 1165 1543 1238 situdinis,
1576 1167 1629 1244 qui
1663 1169 1796 1240 exsolvi,
1828 1171 1886 1231 nisi
1915 1178 2032 1243 morte,
2056 1189 2120 1234 non

1377 1258 1484 1336 possit.
1509 1259 1677 1334 hiemares,
1693 1263 1790 1323 sacris
1811 1263 1891 1325 illud
1906 1264 2002 1326 rebus
2024 1266 2120 1328 adnu-

1376 1352 1494 1412 merari
1506 1358 1537 1413 11
1554 1351 1712 1416 Ecclesiae
1728 1355 1862 1432 proinde
1883 1357 2015 1430 subiici,
2032 1374 2119 1436 prae-

1374 1443 1500 1506 stitutas
1523 1446 1561 1508 de
1583 1445 1652 1524 ipso
1675 1447 1820 1510 eiusdem
1842 1449 2001 1512 Ecclesiae
2030 1452 2118 1529 leges

1374 1536 1510 1599 habeant
1532 1538 1571 1600 ob
1594 1539 1713 1610 oculos,
1737 1540 1838 1618 iisque
1861 1549 1992 1619 pareant
2012 1552 2118 1608 sancte

1373 1638 1593 1710 accurateque,
1612 1650 1651 1695 ex
1666 1650 1802 1712 quarum
1818 1638 2037 1713 exequutione
2053 1656 2117 1702 om-

1373 1725 1450 1786 nino
1472 1727 1590 1802 pendet
1605 1727 1748 1789 eiusdem
1764 1729 1915 1790 connubii
1927 1731 1987 1802 vis,
2005 1732 2113 1806 robur,

1372 1833 1406 1878 ac
1428 1817 1510 1880 iusta
1538 1821 1739 1882 consociatio.
1773 1820 1929 1894 Caveant,
1961 1840 2002 1886 ne
2031 1827 2117 1902 quod

1371 1926 1535 1974 sacrorum
1564 1929 1721 1975 canonum
1743 1913 1864 1991 placitis
1893 1916 2115 1981 conciliorum-

1371 2021 1434 2082 que
1456 1993 1593 2068 dec'retis
1616 2005 1739 2078 officiat,
1763 2008 1828 2069 ulla
1859 2010 1983 2071 ratione
2005 2011 2114 2073 admit-

1370 2105 1447 2170 tant,
1472 2098 1572 2177 probe
1589 2101 1690 2176 gnari,
1708 2100 1812 2162 exitus
1827 2100 1972 2164 infelices
1994 2103 2047 2166 illa
2062 2105 2113 2168 ha-

1369 2191 1474 2254 bitura
1496 2209 1566 2254 esse
1595 2193 1752 2270 coniugia,
1776 2210 1857 2272 quae
1878 2195 1931 2257 vel
1960 2197 2112 2261 adversus

1369 2283 1528 2346 Ecclesiae
1550 2285 1758 2362 disciplinam,
1782 2286 1835 2348 vel
1856 2303 1920 2348 non
1944 2289 2113 2366 propitiato

1369 2477 1495 2545 gantur,
1519 2471 1598 2546 quin
1626 2472 1665 2533 de
1693 2479 1893 2535 sacramento
1921 2490 1954 2534 ac
1977 2474 2015 2536 de
2045 2491 2112 2554 my-

1367 2563 1485 2636 steriis,
1503 2579 1583 2640 quae
1605 2563 1661 2625 illo
1676 2564 1909 2640 significantur,
1925 2566 1991 2628 ulla
2006 2574 2111 2630 teneat

1366 2672 1500 2734 sponsos
1523 2657 1683 2734 cogitatio.

1405 2749 1547 2811 Alteram
1564 2766 1649 2812 nunc
1663 2753 1890 2828 persequimur
1906 2770 2031 2816 causam
2047 2772 2110 2818 ma·

1365 2842 1472 2904 lorum
1504 2844 1721 2918 uberrimam,
1756 2845 1872 2922 quibus
1904 2848 2045 2910 afflictari
2076 2852 2109 2913 in

1365 2952 1515 3014 praesens
1536 2937 1772 3016 comploramus
1787 2938 1971 3012 Ecclesiam,
1986 2941 2109 3023 indiffe-

1364 3031 1554 3090 rentismum
1569 3029 1699 3102 scilicet,
1716 3047 1773 3093 sou
1789 3045 1918 3109 pravam
1939 3034 2027 3096 illam
2044 3038 2108 3114 opi-

1363 3123 1505 3196 nionem,
1519 3138 1599 3198 quae
1610 3123 1833 3201 improborum
1845 3125 1956 3188 fraude
1968 3144 2008 3188 ex
2021 3131 2108 3190 omni

1363 3221 1451 3294 parte
1463 3215 1658 3294 percrebuit,
1670 3217 1811 3293 qualibet
1823 3218 1897 3279 fidei
1910 3219 2107 3297 professione

1362 3316 1525 3371 aeternam
1554 3325 1645 3386 posse
1673 3309 1797 3370 animae
1818 3310 1954 3372 salutern
1983 3330 2106 3394 compa-

1361 3402 1435 3474 rari,
1460 3403 1486 3462 si
1509 3417 1616 3464 mores
1644 3403 1682 3464 ad
1710 3405 1790 3465 recti
1815 3404 2007 3482 honestique
2032 3423 2105 3470 nor-

1361 3511 1446 3556 mam
1462 3496 1642 3572 exigantur.
1661 3494 1701 3558 Ar
1721 3497 1804 3558 facili
1824 3513 1901 3560 sane
1922 3501 2053 3576 negotio
2072 3503 2104 3563 in

1360 3604 1396 3649 re
1418 3589 1582 3668 perspicua
1604 3589 1762 3666 planoque
1784 3590 1936 3664 evidenti,
1958 3608 2103 3656 errorem

1360 3681 1623 3743 exitiosissimum
1652 3699 1668 3742 a
1697 3683 1822 3760 populis
1851 3690 1977 3747 1111111
2008 3703 2104 3750 11111

1359 3775 1548 3836 concreditis
1571 3773 1769 3852 propellatis.
1797 3773 2000 3841 admonente
2021 3779 2103 3858 Apo-

1358 3867 1441 3928 stolo
1462 3865 1518 3946 (1),
1542 3883 1728 3928 1111111111
1750 3865 1977 3938 1111111111
1997 3871 2100 3952 fidant,

1357 3975 1459 4021 uuum
1480 3957 1649 4039 baptisma,
1674 3961 1894 4032 extimescant,
1912 3963 1967 4039 qui
1990 3981 2007 4026 e
2028 3966 2101 4028 reli-

1358 4053 1454 4128 gione
1476 4053 1619 4130 qualibet
1639 4060 1749 4135 patere
1763 4054 1801 4116 ad
1816 4061 1946 4134 portum
1968 4056 2101 4120 beatitu-

1356 4145 1438 4207 dinis
1460 4147 1579 4208 aditum
1602 4147 1904 4219 comminiscuntur,
1936 4157 2101 4227 reputent-

1355 4252 1418 4314 que
1430 4239 1536 4300 animo
1549 4255 1588 4300 ex
1600 4239 1698 4317 ipsius
1710 4237 1889 4301 Servatoris
1901 4241 2097 4316 testimonio,

1355 4347 1418 4390 ease
1440 4348 1471 4391 se
1499 4337 1614 4393 cantra
1639 4329 1811 4402 Christum,
1838 4333 2099 4410 1111111101νὶ-

1353 4427 1400 4484 sto
1422 4429 1578 4485 nunaunt
1598 4423 1654 4503 (a),
1676 4440 1776 4503 seque
1790 4425 1963 4489 infeliciter
1978 4429 2098 4506 disper-

1354 4532 1442 4593 gere,
1467 4519 1540 4594 quia
1562 4533 1635 4579 cum
1656 4517 1725 4596 ipso
1742 4535 1806 4580 non
1821 4518 1988 4596 colligunt,
2012 4521 2097 4584 ideo-

1352 4625 1415 4686 que
1430 4607 1544 4689 absque
1560 4609 1653 4674 dublo
1666 4617 1832 4674 aeternum
1847 4629 1911 4673 eece
1921 4613 2094 4692 perituros,

1351 4703 1415 4764 uisi
1447 4709 1576 4766 teneant
1607 4703 1799 4766 catholicam
1828 4703 1938 4784 fidem,
1969 4723 2096 4784 eamque

1350 4795 1509 4876 inteqrnm
1537 4795 1787 4873 inuiolatumque
1811 4797 2010 4858 seruauerint
2037 4795 2092 4878 (6).

1349 4887 1582 4968 Hieronymum
1611 4889 1754 4960 audiant,
1779 4889 1844 4965 qui,
1875 4905 1948 4950 cum
1974 4889 2094 4952 intres

1350 4988 1454 5060 partes
1476 4982 1645 5044 schismate
1661 4982 1756 5043 scissa
1771 4988 1856 5043 esset
1870 4980 2010 5045 Ecclesia
2024 4999 2094 5044 nar-

1348 5081 1407 5146 rat,
1424 5091 1459 5136 se
1474 5081 1619 5136 tenacem
1642 5073 1807 5152 propositi,
1831 5075 1957 5152 quando
1979 5075 2093 5152 aliquis

1348 5183 1461 5246 rapere
1482 5168 1587 5247 ipsum
1610 5169 1702 5230 adse
1724 5168 1896 5240 nitebatur,
1911 5174 2093 5232 constanter

1348 5261 1535 5323 clamitasse:
1563 5259 1679 5339 Siquis
1694 5261 1863 5324 cathedrae
1878 5261 1967 5323 Petri
1987 5263 2093 5342 irrupi-

1348 5359 1413 5424 tur,
1437 5369 1524 5416 meuc
1545 5359 1591 5416 cst
1611 5353 1667 5434 (7).
1691 5355 1781 5416 Falso
1802 5361 1910 5417 autem
1938 5355 1998 5416 sibi
2020 5357 2091 5432 quis

1347 5447 1558 5522 blandiretur,
1582 5449 1667 5526 quod
1690 5455 1722 5510 et
1743 5449 1810 5528 ipse
1833 5449 1866 5509 in
1886 5463 1966 5527 aqua
1987 5449 2029 5510 sit
2042 5464 2091 5510 re-

1382 5746 1412 5802 15)
1428 5749 1486 5792 Luc.
1504 5745 1536 5802 11,
1551 5744 1584 5792 23.

1383 5813 1411 5870 (a)
1428 5813 1541 5870 symbol.
1558 5817 1582 5859 s.
1598 5814 1722 5860 athanas.

1382 5881 1412 5937 (7)
1428 5882 1452 5925 S.
1468 5881 1535 5926 Hier.
1551 5884 1638 5938 11153.

2158 573 2216 626 An.
2234 575 2266 625 O.
2291 579 2358 631 1832
