4828 6974
912 539 1086 592 cauoomus
1108 543 1158 590 nr.
1182 543 1249 592 xvr.
1778 523 1836 589 leb
1883 526 2073 582 huelem

308 662 373 734 stis,
397 665 430 722 et
457 675 564 723 causas
591 673 773 732 removere,
804 661 890 724 unde
919 661 997 724 aliae
1018 663 1050 724 in

308 761 473 834 posterum
489 755 630 816 oriturae
644 754 884 816 metuebantur.
907 753 987 816 Cum
1000 771 1052 816 au-

307 856 372 912 tem
394 849 426 910 id
446 847 512 910 Deo
534 847 628 910 danto
650 847 786 910 feliciter
807 847 1004 923 contigisset,
1021 854 1053 910 et

308 942 398 1004 vobis
414 957 472 1020 per
486 956 569 1006 nova
582 940 776 1005 celsissimae
789 937 985 1004 Othomanae
1000 956 1052 1002 au·

309 1035 357 1096 lue
381 1036 508 1098 decreta
529 1051 546 1096 a
570 1033 763 1096 schismatici
795 1033 948 1111 praesidis
975 1034 1052 1110 ingo

307 1128 487 1199 subtractis,
501 1126 749 1208 plenioremque
758 1129 863 1188 ssmae
877 1125 1052 1202 Religionis

309 1222 409 1300 palam
431 1220 631 1282 exercendae
647 1219 830 1282 libertatem
851 1219 984 1297 adeptis,
1001 1234 1053 1297 pe·

308 1314 460 1376 culiarem
483 1327 613 1388 quoque
634 1311 708 1374 Pius
729 1309 808 1374 llll.
834 1311 1053 1390 hrchiep'nseo-

309 1423 384 1486 pum
406 1406 580 1470 Primatum
601 1404 784 1476 tribuisset,
809 1421 882 1476 uos,
902 1406 957 1482 qui
978 1406 1053 1470 licet

243 1557 249 1568 ,
308 1501 518 1563 immerentes
532 1497 677 1560 Pontifici
692 1498 795 1560 eidem
813 1498 906 1576 paulo
918 1505 990 1578 post
1001 1499 1053 1562 de-

308 1595 416 1656 iuncto
444 1591 676 1664 successimus,
704 1591 790 1654 haud
817 1599 905 1655 certe
934 1593 1053 1656 destiti-

308 1704 377 1750 mus
404 1685 601 1762 singularem
628 1685 668 1747 de
696 1685 787 1746 vobis
815 1684 1052 1748 solicitudinem

309 1797 433 1858 gerere,
457 1797 491 1841 ac
513 1778 701 1857 providere,
729 1784 885 1854 quantum
907 1777 940 1839 in
962 1779 1052 1840 nobis

308 1881 408 1946 esset,
439 1879 476 1934 ut
501 1871 618 1934 melior
645 1871 700 1932 ille
728 1878 912 1933 vestrarum
941 1887 1051 1934 rerum

307 1975 405 2030 status
426 1967 620 2029 solidaretur
642 1964 785 2042 quotidie
807 1965 919 2042 magis,
937 1972 969 2027 et
989 1980 1053 2027 am-

307 2061 417 2140 pliora.
432 2058 536 2137 quoad
552 2059 622 2122 lieri
637 2041 756 2136 posset,
772 2058 971 2136 incrementa
985 2073 1053 2120 sns-

306 2155 438 2232 ciperet.

345 2249 365 2323 ς)
385 2247 414 2308 2.
438 2246 479 2308 m
500 2246 652 2324 qnoniam
668 2245 808 2308 relatum
823 2245 860 2308 ad
876 2261 934 2308 nos
949 2245 1053 2309 luerat
1083 2288 1087 2331 :

1084 2342 1087 2378 ³
1108 2346 1212 2401 strum
1228 2339 1393 2402 dilatatum
1408 2345 1474 2413 est;
1498 2338 1604 2400 audite
1620 2351 1734 2400 vocem
1749 2352 1854 2400 aman-

307 2339 346 2402 de
367 2339 472 2417 aliqud
500 2354 666 2402 sacrorum
696 2339 818 2402 rituum
839 2339 994 2402 varietate
1019 2341 1052 2402 in

305 2433 469 2510 liturgiam
490 2437 632 2496 vestram
656 2431 795 2503 inducti,
819 2431 911 2493 etde
933 2431 1052 2494 dissen-

250 2577 254 2583 .
306 2525 450 2588 sionibus
472 2525 628 2602 apudros
643 2527 825 2602 eapropter
847 2523 979 2596 exortis,
997 2540 1052 2588 no·

305 2626 411 2681 strum
432 2617 566 2682 omuino
582 2633 655 2680 esse
673 2617 859 2682 censuimus
880 2617 1052 2694 providere

305 2713 339 2773 in
369 2719 533 2790 tempore,
565 2717 601 2772 ut
629 2711 695 2788 ipsa
726 2709 779 2770 illa
807 2710 1051 2794 contentionum

305 2821 399 2868 causa
410 2809 649 2866 removeretur.
667 2801 776 2878 ltaque
790 2817 889 2868 tenu.
902 2803 1052 2866 iratribus

305 2898 424 2960 nostris
450 2896 482 2960 S.
504 2897 539 2960 ll.
562 2896 599 2958 Ε.
622 2894 847 2960 cardinalibus
874 2896 1052 2974 praedictae

305 2990 571 3068 Gongrcgatiouis
596 2989 820 3068 Propagandae
849 2989 937 3052 Fidei
965 3005 1052 3052 man·

305 3082 462 3154 davimus,
478 3087 515 3144 ut
528 3096 598 3144 rem
618 3080 803 3144 universam
819 3079 967 3156 diligenti
981 3097 1052 3144 era-

305 3176 393 3238 mine
421 3174 663 3254 perpenderent
683 3180 778 3250 atque
805 3181 1049 3252 componerent,

305 3275 401 3346 prout
422 3273 642 3346 opportunum
663 3266 696 3328 in
718 3266 853 3330 Domino
879 3267 985 3330 visum
1006 3267 1052 3333 lo·

304 3369 365 3424 ret.
389 3360 454 3435 Qua
475 3361 607 3438 quidem
629 3361 662 3422 in
677 3375 715 3420 re
735 3359 827 3422 uobis
846 3376 880 3421 ae
895 3375 1052 3424 momora-

304 3461 355 3518 tue
383 3461 513 3518 nostrae
538 3451 791 3530 Congregationi
811 3452 889 3516 illud
920 3454 1052 3518 omnino
1084 3484 1087 3538 ς

306 3547 506 3627 propositum
528 3547 600 3618 luit,
623 3553 660 3608 ut
680 3561 720 3608 ex
741 3545 865 3608 ratione
887 3563 903 3608 a
927 3545 982 3608 SS.
1000 3547 1052 3608 Pa-

308 3640 502 3704 tribuscirca
512 3639 658 3718 probatas
670 3638 875 3700 orientalium
886 3639 1052 3705 nationum

306 3733 452 3811 liturgias
472 3739 629 3814 perpetuo
651 3738 900 3809 constanterque
915 3734 1049 3806 servati,
1084 3804 1087 3824 Ι

1084 3828 1087 3913 f
1108 3827 1193 3888 natio
1215 3832 1248 3888 et
1262 3825 1387 3888 derisus
1403 3824 1452 3886 his
1468 3825 1522 3901 qui
1544 3825 1576 3886 in
1592 3824 1727 3887 circuitu
1742 3833 1853 3888 vestro

1085 3926 1194 3981 ¹sunt.
1229 3918 1292 3982 l'os
1314 3918 1414 3996 igitur
1443 3918 1498 3995 qui
1526 3918 1704 3995 malignum
1732 3919 1853 3982 vicistis

1085 4013 1215 4092 :apertat
1240 4013 1273 4073 vi
1299 4013 1419 4074 animas
1446 4017 1570 4072 vestras
1585 4019 1851 4091 oppugnantem,

306 3841 400 3904 quam
422 3827 456 3890 in
476 3827 543 3888 suis
565 3825 744 3904 encyclicis.
762 3824 865 3887 literis
886 3825 932 3904 (l)
953 3825 1053 3892 diser-

307 3919 427 3986 tissime
459 3919 608 3998 exposuit
635 3918 827 3983 Benedictus
855 3917 956 3992 xlv„
986 3920 1054 3998 ipsa

306 4013 400 4080 ctiam
421 4018 519 4080 retus
538 4017 571 4073 et
583 4010 778 4078 venerabilis
801 4009 930 4088 liturgia
945 4010 1053 4076 mele-

307 4106 370 4168 siae
398 4104 559 4166 Armenoc
587 4109 670 4165 sarta
699 4109 781 4165 testa
809 4103 995 4166 haberetur.
1019 4105 1051 4167 ld

307 4204 413 4260 tamen
424 4197 657 4276 impedimento
669 4211 741 4258 esse
752 4212 817 4258 non
829 4203 963 4274 poteret,
974 4213 1052 4274 quo·

240 4305 243 4310 ·
307 4291 412 4354 minus
434 4291 656 4354 retinerentur
677 4290 774 4352 simul
800 4289 881 4352 ritus
904 4290 1052 4354 nonnulli

308 4399 346 4446 ex
374 4384 443 4446 aliis
472 4383 612 4446 ecclesiis
639 4383 774 4461 accepti,
805 4397 885 4460 quos
914 4383 1051 4446 maiores

306 4478 423 4552 vestri,
454 4483 509 4540 aut
537 4477 610 4554 quia
637 4475 791 4539 rectiores
816 4475 878 4538 visi
905 4475 1049 4550 fuerant,

307 4572 504 4643 adamarunt,
534 4577 587 4632 aut
611 4577 761 4647 tanquam
790 4576 898 4632 notam
920 4569 957 4632 ab
980 4570 1052 4632 hae-

306 4665 413 4728 reticis
438 4664 713 4741 schismaticisque
733 4677 791 4725 ros
813 4663 1053 4728 discernentem

306 4757 412 4835 aliquo
426 4757 540 4820 abhinc
555 4765 702 4837 tempore
717 4763 971 4836 assumpserunt,
988 4756 1053 4820 Neo

308 4851 394 4913 enim
416 4865 538 4914 novum
567 4857 626 4924 est,
655 4856 692 4912 ut
712 4851 799 4912 inter
829 4850 976 4912 ecclesias
1005 4868 1052 4912 ca-

306 4943 422 5006 tholici
443 4944 582 5008 invicem
611 4945 733 5006 unitate
761 4943 956 5016 coniunctas,
981 4957 1052 5022 pro-

306 5038 474 5116 priamque
489 5037 654 5114 liturgiam
669 5036 806 5099 tirmiter
821 5036 1050 5108 custodientes,

217 5175 220 5180 -
306 5131 461 5208 quaedam
472 5129 658 5192 huiusmodi
672 5130 795 5192 rituum
807 5129 1053 5192 communicatio

306 5224 497 5302 contigerit3
520 5229 553 5285 et
575 5223 641 5302 ipsa
656 5237 787 5300 quoque
801 5222 935 5284 aliarum
954 5222 1053 5285 eccle-

306 5318 425 5378 siarum
448 5323 552 5380 mater
568 5322 600 5377 et
614 5315 765 5393 magistra
786 5314 925 5377 Romana
947 5315 1053 5376 Eccle-

306 5409 351 5470 sia
370 5409 616 5488 haudquaquam
633 5407 801 5485 dedignata
816 5413 865 5470 est
879 5407 1052 5470 nonnullos

307 5501 483 5564 adsciscere
504 5501 586 5563 ritus
607 5501 640 5562 in
661 5499 799 5562 Orientis
829 5499 970 5563 ecelesiis
992 5500 1053 5562 usi·

307 5601 405 5668 latos,
429 5594 524 5658 sicuti
546 5609 585 5656 ex
606 5595 645 5661 iis
667 5593 873 5656 manilestum
903 5599 951 5658 est
972 5608 1053 5672 quae

346 5837 377 5893 (1)
392 5833 464 5884 natis
478 5845 551 5884 xxvi.
567 5831 627 5882 iulii
642 5846 753 5882 unccnv.
769 5845 882 5892 quarum
894 5835 1002 5880 initium
1013 5839 1051 5878 At·

307 5907 375 5950 tatas
388 5909 461 5954 scone,
478 5903 537 5949 vide
552 5903 601 5949 vol.
617 5905 658 5948 lll.
673 5902 750 5947 luris.

1108 661 1287 726 alterantur
1308 661 1493 726 memoratis
1514 663 1546 726 iu
1568 661 1671 726 literis
1689 659 1853 724 aBenedi-

1108 763 1168 924 ctog
1180 755 1321 923 {lidum
1342 857 1391 912 est
1411 849 1522 928 igitur·
1539 849 1646 914 dilecti
1668 849 1736 918 lilii,
1754 850 1850 926 quod,
1915 856 2084 903 acerbitatem

1109 948 1180 1021 post
1201 943 1310 1021 plures
1331 959 1389 1006 seu
1411 943 1640 1006 declarationes
1664 958 1722 1004 seu
1744 941 1853 1004 literas
1872 907 2084 1008 hildelida}

1109 1053 1125 1097 a
1139 1036 1397 1113 congregatione
1410 1037 1634 1115 Propagandae
1653 1035 1741 1098 Fidei
1755 1051 1853 1114 super
1871 1015 2084 1115 flssffifflffl

1109 1130 1241 1206 negotio
1262 1129 1318 1190 illo
1340 1129 1559 1192 humenorum
1579 1129 1701 1190 rituum
1718 1128 1853 1190 auctori·-

1109 1227 1172 1284 tate
1194 1222 1303 1286 nostre
1324 1223 1427 1295 datas,
1450 1228 1526 1284 sunt
1553 1221 1655 1286 adhuc
1676 1221 1761 1282 inter
1783 1237 1851 1293 vos,

1109 1315 1165 1391 qui
1186 1321 1240 1376 aut
1267 1314 1368 1378 thimio
1397 1330 1555 1378 novarum
1583 1313 1853 1378 consuetudinum

1109 1422 1219 1468 amore
1242 1408 1377 1485 decepti,
1401 1413 1454 1470 aut
1476 1406 1596 1470 inducti
1618 1405 1698 1468 lalso
1716 1406 1853 1483 quodam

1110 1500 1180 1564 nelo
1202 1501 1369 1564 vetustatis
1394 1501 1448 1564 vel
1469 1501 1501 1562 in
1528 1500 1670 1562 minimis
1691 1500 1757 1562 suis
1786 1516 1854 1578 par-

1109 1594 1194 1656 tibus
1216 1593 1446 1666 detendendae,
1469 1595 1622 1656 scissuras
1637 1592 1748 1656 forent
1769 1593 1854 1654 inter

1108 1685 1233 1759 iratres,
1257 1703 1316 1750 nec
1337 1687 1474 1750 decretis
1497 1693 1693 1750 memoratae
1712 1685 1854 1762 Congre-

1110 1779 1263 1855 gationis,
1298 1795 1356 1842 nec
1388 1794 1461 1842 ren.
1496 1779 1601 1842 lratr'm
1630 1778 1761 1842 Antonii
1789 1779 1854 1840 Pri·

1109 1872 1202 1934 matis
1218 1871 1455 1951 hrchiepiscopi
1478 1872 1608 1936 monitis
1629 1872 1854 1949 acquiescuntt

1109 1967 1268 2044 Equidem
1290 1967 1345 2028 viu
1366 1966 1526 2045 explicare
1548 1965 1656 2028 rerhis
1683 1981 1854 2044 possumus

1109 2066 1261 2136 quantam
1282 2059 1374 2122 nobis
1388 2059 1594 2124 acerbitatem
1616 2059 1713 2120 animi
1728 2065 1854 2120 vestrae

1109 2152 1297 2216 huiusmodi
1313 2152 1529 2214 dissensiones
1544 2150 1721 2214 attulerint.
1744 2149 1784 2213 Os
1800 2168 1855 2214 no·

1108 2251 1212 2308 strum
1235 2251 1320 2323 patet
1341 2245 1378 2306 ad
1399 2260 1469 2316 vos,
1493 2261 1512 2306 o
1533 2243 1699 2315 carissimi,
1722 2259 1777 2306 cor
1799 2260 1855 2306 no-

1109 2432 1222 2528 tissimi
1252 2431 1351 2494 Patris
1373 2446 1439 2494 non
1460 2430 1546 2494 allud
1574 2436 1662 2494 certe
1684 2445 1779 2507 quam
1808 2446 1855 2492 sa-

1108 2525 1211 2590 lutem
1232 2525 1411 2588 animarum
1433 2529 1615 2586 vestrarum
1638 2530 1670 2584 et
1688 2538 1799 2585 veram
1820 2540 1854 2585 ac

1108 2619 1242 2682 solidam
1254 2618 1353 2682 vestri
1370 2617 1500 2695 generis
1514 2616 1686 2680 utilitatem
1699 2631 1855 2693 quaeren-

1108 2711 1159 2772 tis.
1183 2711 1355 2788 agnoscite
1376 2709 1526 2772 subdolas
1539 2715 1665 2772 satanae
1686 2715 1781 2780 artes,
1799 2708 1854 2787 qui

1108 2819 1182 2866 cum
1197 2803 1277 2868 nihil
1300 2802 1473 2881 profecerit
1494 2801 1723 2864 calamitatibus
1740 2817 1854 2879 paucos

1107 2901 1181 2958 ante
1203 2911 1302 2960 anuos
1317 2894 1455 2958 inductis
1477 2894 1515 2956 ad
1536 2899 1678 2956 vostram
1700 2893 1797 2956 tidem
1812 2893 1854 2956 la·

1107 2987 1527 3064 belactandamvideritque
1539 2987 1638 3050 immo
1650 2986 1854 3050 vexationem

1107 3079 1195 3144 illam
1211 3081 1394 3160 inamplius
1410 3080 1544 3142 cessisse
1559 3079 1734 3156 Religionis
1749 3080 1854 3142 catho-

1107 3174 1185 3237 licae
1209 3174 1479 3244 emolumentum,
1504 3188 1589 3236 nunc
1611 3173 1703 3234 novis
1730 3173 1853 3236 insidiis

1108 3267 1301 3330 conturbare
1330 3281 1400 3338 vos,
1423 3271 1519 3343 atquo
1540 3265 1578 3328 ab
1601 3266 1782 3328 obedientie
1810 3268 1854 3330 le·

1085 3353 1087 3363 ¹
1108 3360 1238 3437 gitimae
1250 3359 1444 3422 auctoritatis
1457 3358 1687 3420 ecclesiasticae
1695 3359 1854 3424 abducere

1108 3460 1255 3529 conatum
1278 3459 1315 3516 ut
1339 3453 1381 3514 ita
1407 3451 1528 3514 scilicet
1554 3451 1677 3514 lructus
1702 3453 1853 3516 amittatis

1085 3548 1140 3610 'in
1171 3546 1312 3624 glorioso
1333 3545 1390 3608 illo
1411 3545 1587 3608 certamine
1615 3546 1796 3623 acquisitos,
1819 3563 1854 3610 ac

1084 3644 1087 3678 ³
1108 3641 1219 3702 mutui
1237 3639 1444 3702 contentione
1458 3645 1491 3700 et
1501 3637 1716 3702 aemulatione
1730 3639 1854 3704 discissi

1109 3731 1317 3811 opprobrium
1339 3731 1407 3792 sitis
1429 3730 1541 3792 vicinis
1563 3731 1698 3805 vestris,
1721 3732 1853 3794 subsau-

1108 4113 1218 4168 cavete
1247 4105 1360 4178 adhuc,
1384 4120 1425 4166 ne
1446 4103 1533 4166 illius
1563 4105 1685 4168 artibus
1707 4106 1853 4184 dolisque

1108 4199 1285 4277 capiamini.
1317 4196 1379 4260 Sed
1409 4213 1571 4260 memores
1599 4198 1701 4272 illius,
1730 4202 1854 4278 quoda
1883 4214 1885 4219 ’

1108 4292 1466 4370 DominoRedemptore
1478 4297 1589 4354 nostro
1598 4293 1788 4372 accepimus,
1798 4311 1854 4358 no-

1107 4387 1140 4447 ri
1159 4384 1365 4465 mandati(2)‚
1386 4384 1510 4462 diligite
1524 4385 1663 4448 invicem
1682 4387 1764 4451 sicut
1784 4387 1853 4467 lpse

1109 4475 1222 4539 dilexit
1242 4492 1312 4549 nos,
1330 4482 1362 4540 et
1376 4492 1436 4554 pax
1458 4473 1577 4538 Christi
1593 4476 1718 4539 exultet
1731 4478 1764 4540 in
1786 4493 1854 4540 cor-

1108 4569 1201 4631 dibus
1222 4568 1395 4640 vestris,in
1408 4582 1468 4646 qua
1481 4574 1513 4630 et
1524 4568 1627 4630 vocati
1643 4570 1718 4631 estis
1737 4569 1770 4632 in
1789 4586 1854 4633 uno

1108 4677 1254 4741 corpore.
1279 4660 1379 4724 Sicuti
1401 4667 1508 4724 autem
1524 4677 1564 4724 ex
1586 4662 1740 4724 membris
1759 4664 1854 4726 unius

1108 4755 1251 4834 corporis
1263 4771 1328 4816 non
1341 4753 1597 4818 omniaeundem
1609 4761 1714 4818 actum
1723 4755 1852 4829 habent,

1108 4849 1150 4910 ita
1171 4847 1394 4925 unusquisque
1415 4855 1563 4910 vestrum
1585 4853 1711 4910 maneat
1728 4855 1856 4927 oportet

1107 4943 1141 5003 in
1163 4943 1275 5004 ordine
1294 4958 1364 5014 suo,
1382 4949 1418 5004 ut
1438 4941 1509 5006 laici
1524 4941 1741 5004 sacerdotibus
1763 4955 1856 5003 reve-

1108 5034 1245 5096 rentiam
1277 5035 1465 5108 exhibeant,
1496 5041 1532 5097 ut
1558 5036 1741 5098 sacerdotes
1769 5034 1854 5098 laicis

1109 5127 1314 5190 dilectionem
1326 5128 1523 5206 impendant,
1538 5143 1650 5190 omnes
1663 5134 1771 5190 autem
1783 5129 1856 5190 sub-

1108 5220 1183 5282 iecti
1198 5236 1255 5299 per
1268 5219 1374 5283 omnia
1386 5221 1450 5282 sint
1463 5219 1606 5292 Romano
1621 5221 1777 5294 Pontifici,
1791 5221 1853 5293 cui,

1109 5321 1241 5393 propter
1262 5313 1361 5386 illam,
1385 5329 1480 5392 quam
1502 5313 1535 5375 in
1557 5313 1591 5376 B.
1608 5313 1703 5376 Petro
1724 5314 1852 5392 accepit,

1109 5407 1237 5485 plenam
1252 5407 1443 5470 universalis
1456 5407 1615 5470 Ecclesiae
1629 5407 1791 5484 regendae
1803 5421 1856 5467 au·

1109 5502 1306 5573 cleritatem,
1337 5500 1518 5564 obedientie
1543 5519 1558 5562 a
1585 5501 1707 5564 cunctis
1735 5499 1855 5576 ubique

1109 5593 1258 5656 fidelihus
1280 5594 1460 5656 necessario
1481 5593 1629 5656 debetur.

1148 5836 1177 5890 (s)
1193 5837 1262 5881 roan.
1277 5836 1352 5890 xrrr,
1368 5834 1400 5878 aa
