4770 6982
297 521 395 574 1116.
421 522 485 572 reae
536 510 596 576 aba

518 653 591 729 glan
602 651 727 716 Ordinis
740 653 926 716 definitores
939 653 1056 716 electos
1069 669 1150 714 esse.
1164 653 1263 715 Porro

517 753 622 808 ratum
645 745 736 806 nobis
757 751 947 822 certumque
970 746 1132 821 estquod
1155 751 1263 806 611111

516 839 716 916 integritate,
747 839 917 916 prudentia
942 855 975 899 ac
1004 837 1170 915 religionis
1199 857 1263 901 am-

517 933 701 1012 plificandae
723 932 841 1004 studio,
865 948 929 994 161
953 933 972 994 11
994 938 1127 1004 111111,
1146 933 1262 1010 quibus

516 1043 643 1105 praees,
673 1025 859 1103 regulares,
883 1027 938 1088 sed
962 1026 1080 1103 etipsa
1102 1026 1263 1090 Catholici

515 1119 1259 1199 Ecclesiamagnumpercipietomolumeutum.

515 1214 653 1285 Etenim,
672 1219 897 1292 praeterquam
913 1215 997 1291 quod
1017 1215 1056 1277 de
1072 1221 1125 1276 tua
1140 1216 1261 1280 virtute

515 1324 548 1368 ac
564 1305 831 1384 pietate'minime
847 1307 1041 1380 dubitemus,
1056 1311 1156 1387 probe
1172 1312 1261 1372 novi-

515 1417 586 1463 mus
606 1399 805 1476 singularem
822 1407 909 1462 tuam
925 1418 1002 1479 erga
1019 1401 1163 1464 Sanctam
1180 1404 1261 1466 hauc

514 1493 630 1557 Sedem
660 1495 865 1558 devotionem
889 1513 923 1557 ac
947 1497 1176 1568 reverentiam,
1208 1514 1260 1558 cu-

514 1589 562 1650 ius
589 1588 720 1666 quidem
751 1605 872 1650 16111
896 1589 1067 1652 habuimus
1093 1590 1257 1661 indicium,

514 1683 600 1758 quod
622 1687 666 1756 tu,
683 1682 785 1743 missis
808 1683 846 1744 ad
867 1699 924 1744 nos
947 1683 1016 1744 data
1040 1699 1135 1761 opera
1157 1683 1259 1746 literis

512 1776 587 1847 tuis,
604 1791 661 1838 nos
683 1782 842 1852 tamquam
868 1776 923 1838 Oei
945 1775 1086 1838 Vicarios
1108 1777 1141 1838 in
1163 1776 1259 1838 terris

513 1869 546 1930 B.
571 1870 656 1932 Petri
678 1868 904 1948 Apostolorum
928 1869 1092 1948 Principis,
1110 1869 1259 1946 incapite

512 1962 705 2024 universalis
736 1979 793 2041 per
822 1971 926 2026 totum
955 1971 1116 2026 terrarum
1146 1962 1257 2024 orbem

512 2056 672 2120 Ecclesiae
688 2057 794 2120 divina
816 2058 1018 2138 providentia
1036 2058 1111 2120 licet
1131 2057 1259 2135 impari-

511 2150 570 2212 bus
596 2151 720 2213 meritis
749 2152 954 2222 constitutos,
986 2151 1257 2228 quemadmodum

512 2245 614 2318 decet,
631 2246 780 2307 venerari
796 2245 951 2316 volueris,
966 2262 1000 2306 ac
1015 2244 1106 2306 nobis
1123 2243 1169 2305 tui
1185 2259 1258 2304 con-

511 2339 727 2402 firmationem
742 2341 775 2401 in
791 2355 928 2402 munere
946 2337 1105 2415 generalis
1128 2336 1259 2398 Abbatis

510 2431 594 2494 baud
625 2433 690 2494 ulla
722 2432 890 2514 interiectu
921 2447 1012 2492 mora
1044 2429 1254 2492 nuntiaveris.

509 2524 718 2604 Quapropter,
743 2525 857 2588 dilecto
880 2525 943 2596 sali,
968 2525 1007 2586 de
1030 2523 1182 2602 peculiari
1205 2531 1257 2584 tua

510 2635 586 2697 erga
598 2618 685 2682 Petri
704 2619 887 2680 cathedram
904 2618 1107 2680 observantia
1123 2623 1154 2678 te
1171 2633 1257 2678 sum-

509 2729 643 2791 mopere
671 2712 934 2774 commeudamus
961 2711 1195 2787 hortamurque
1224 2711 1256 2770 in

508 2807 655 2878 Domino,
680 2813 716 2868 ut
737 2821 818 2883 quae
841 2805 994 2867 hactenus
1024 2820 1082 2882 pro
1104 2804 1256 2866 catholiea

508 2902 667 2978 religione
688 2906 777 2962 recte
799 2900 971 2961 admodum
995 2898 1195 2976 praestitisti,
1221 2915 1256 2960 aa

508 2995 541 3056 11
563 3002 730 3074 posterum
764 2992 884 3072 Spiritu
916 2992 1030 3055 Sancto
1063 2998 1255 3070 cooperante

509 3105 600 3166 geras
622 3087 756 3150 alacrius
771 3094 866 3164 atque
889 3086 1044 3165 perficias.
1068 3085 1101 3147 P.
1119 3085 1255 3147 Arseuio

507 3182 744 3258 Angiara-Klan
755 3181 958 3243 Procuratori
971 3186 1025 3242 tuo
1038 3179 1255 3242 1161611111-

507 3292 680 3340 meuorum
706 3276 852 3353 Collegio
882 3275 962 3353 apud
986 3290 1044 3336 nos
1066 3275 1252 3346 constituto,

507 3369 539 3430 P.
564 3368 672 3432 loanni
694 3369 781 3448 Bapt.
805 3369 968 3446 Gagoniau
986 3367 1173 3428 monasterii
1196 3367 1254 3429 hu·

506 3465 556 3526 ius
578 3463 690 3526 Abbati
713 3465 842 3542 tuisque
865 3463 1014 3527 omnibus
1038 3469 1105 3524 tum
1124 3478 1180 3540 pro
1204 3478 1254 3539 pa-

508 3565 598 3620 terna
621 3573 681 3636 qua
704 3575 758 3621 eos
781 3559 1028 3637 complectimur
1058 3555 1253 3618 benevolen-

507 3653 558 3725 tia,
583 3669 655 3716 cum
678 3653 774 3715 etiam
796 3653 828 3714 in
851 3654 898 3715 tui
921 3652 1103 3730 gratiamea
1123 3667 1253 3729 semper

506 3746 719 3808 libentissime
731 3745 923 3819 tribuemus,
938 3761 1019 3822 quae
1031 3763 1047 3806 1
1060 3744 1151 3806 uobis
1167 3745 1252 3806 salva

504 3839 664 3902 Romanae
676 3839 835 3902 Ecclesiae
850 3840 1014 3902 maiestate
1030 3845 1183 3917 expetere
1199 3853 1252 3916 po·

504 3940 626 3996 terunt.
644 3933 777 3996 interim
792 3949 872 3996 1616
890 3933 957 4006 tibi,
974 3932 1090 3995 dilecte
1105 3932 1161 4005 Oli,
1181 3947 1252 4010 apo·

505 4027 649 4089 stolicam
679 4027 937 4089 benedictionem
968 4033 1171 4105 peramanter
1194 4025 1252 4086 im-

505 4121 676 4200 pertimur.

543 4214 656 4277 Delum
679 4215 797 4277 Rornae
819 4216 900 4294 apud
924 4214 955 4277 S.
970 4216 1101 4277 Petrum
1123 4213 1183 4274 sub
1199 4230 1251 4274 an-

503 4309 704 4370 nuloPiscal.
725 4309 776 4372 die
796 4327 838 4370 1v.
857 4309 1036 4371 decembris
1050 4323 1248 4379 muccosum,

503 4403 705 4481 pontificatus
727 4403 831 4466 nostri
852 4420 935 4467 anno
958 4420 1015 4464 xri.

795 4643 955 4709 CCXXlV.

501 4779 675 4864 Respondet
693 4779 808 4846 Abbati
827 4781 970 4863 pancrati
988 4779 1250 4860 Goaqrcqatr'oais

541 4875 893 4956 Ampio-ilemedictiaae
913 4872 974 4938 sihi
999 4872 1140 4954 Capituli
1160 4890 1249 4954 qaae-

540 4971 620 5034 ralis
642 4967 882 5033 celebrationem
905 4986 942 5032 ac
962 4968 1058 5030 siccat
1080 4966 1249 5030 1116166116-

528 5081 613 5128 rom
634 5063 778 5126 stadium
806 5079 883 5143 erqo
906 5060 1012 5125 Sedem
1034 5061 1248 5142 Apostolicam

540 5164 568 5220 ct
587 5158 767 5239 reputarem
787 5155 1022 5220 observantiam
1036 5155 1245 5237 sipaificoati.

674 5301 977 5370 111111οῆ11511.
1003 5301 1074 5367 llll.

779 5438 896 5506 Dilecta
918 5439 972 5518 iili,

532 5532 660 5602 salutem
683 5539 714 5600 el
735 5531 934 5618 apostolicam
958 5533 1205 5611 benedictionem,

537 5725 727 5805 Accepimus
756 5724 865 5786 literas
891 5731 960 5787 tuas
986 5725 1118 5786 nomine
1147 5723 1246 5786 totius

498 5819 766 5899 congregationis
787 5818 980 5897 Anglicanae
998 5816 1124 5882 Ordinis
1140 5817 1172 5880 S.
1189 5818 1246 5880 Be-

498 5915 615 5978 nedicti
638 5914 674 5978 ad
696 5931 755 5978 nos
778 5915 863 5978 datas
884 5914 944 5977 sub
967 5914 1017 5977 die
1039 5930 1082 5976 11,
1107 5911 1245 5976 octobris

1037 531 1102 578 llJn.
1127 532 1218 578 ΡΟΝΤ.
1242 533 1283 578 nit
1306 533 1335 579 P.
1359 534 1389 580 11.
1413 535 1497 581 PARS
1519 536 1540 582 1.

1321 651 1457 716 labentis
1479 655 1565 726 anni,
1583 655 1695 732 eisque
1711 654 1861 733 perlectis
1884 671 1948 716 non
1963 653 2069 718 levem

1321 747 1428 808 animo
1444 747 1649 826 concepimus
1661 748 1825 820 laetitiam,
1840 755 1909 810 tum
1925 747 1965 810 ob
1982 764 2071 825 prae-

1321 839 1415 902 latam
1431 841 1607 912 caritatem,
1622 856 1718 918 quam
1731 841 1816 904 inter
1832 841 1976 904 eiusdem
1988 839 2070 902 Con-

1321 933 1518 1020 gregationis
1535 941 1639 1012 patres
1656 935 1689 996 in
1702 933 1861 1012 generalis
1877 933 2005 1012 capituli
2020 950 2068 996 cc-

1320 1027 1880 1106 leniationaviguissecognovimus,
1891 1028 2067 1090 61161111

1320 1122 1360 1184 ob
1373 1138 1486 1184 eorum
1503 1122 1662 1198 regularis
1679 1122 1901 1184 observantiae
1913 1121 2066 1193 studium,

1320 1230 1414 1290 quma
1438 1215 1514 1293 ipsis
1530 1217 1670 1278 11111116
1686 1217 1773 1278 cordi
1796 1233 1867 1278 esse
1890 1216 2068 1295 depreben-

1320 1309 1436 1371 dimus.
1472 1307 1594 1372 Verum
1623 1309 1703 1372 illud
1729 1309 1821 1372 nobis
1849 1309 2067 1386 gratissimum

1319 1400 1389 1472 luit,
1414 1402 1500 1478 quod
1523 1403 1634 1465 eadem
1660 1403 1875 1481 Congregatio
1905 1405 2012 1466 statim
2034 1421 2067 1466 ac

1319 1494 1464 1558 habitum
1481 1501 1529 1558 est
1545 1495 1697 1573 generale
1713 1496 1899 1575 capitulum,
1917 1513 1986 1568 nos,
2001 1511 2066 1559 me-

1318 1588 1389 1650 ritis
1411 1589 1485 1652 licet
1506 1589 1693 1668 imparibus,
1714 1589 1751 1652 ad
1773 1605 1962 1668 supremum
1985 1589 2067 1668 Apo-

1318 1681 1451 1743 stolatus
1475 1681 1638 1758 fastigium
1662 1689 1796 1753 erectos,
1814 1682 1853 1744 de
1875 1681 1962 1744 illius
1985 1682 2066 1744 cele-

1318 1775 1463 1838 bratione
1489 1775 1644 1838 certiores
1674 1775 1831 1849 ellecerit,
1855 1791 2012 1854 suamque
2033 1777 2065 1838 in

1318 1867 1349 1930 S.
1374 1869 1456 1930 haim
1479 1867 1595 1931 Sedem
1612 1869 1848 1932 observantiam
1864 1884 2065 1932 161616161-

1319 1962 1393 2024 tiam
1415 1962 1655 2040 signilicaverit.
1679 1963 1769 2038 Quod
1785 1965 1915 2041 quidem
1935 1965 2066 2026 611116-

1317 2054 1364 2116 bis
1398 2055 1681 2128 iucundissimum,
1717 2073 1782 2118 non
1811 2063 2064 2118 1116116111

1316 2149 1428 2210 accidit
1442 2155 1496 2210 aut
1512 2150 1761 2228 inexpectatum.
1780 2150 1892 2227 Neque
1908 2151 2005 2220 enim,
2021 2150 2065 2212 dl-

1316 2243 1398 2306 lecta
1421 2243 1476 2314 lili,
1502 2245 1678 2322 praeterire
1702 2260 1759 2306 nos
1782 2250 1924 2322 poterat,
1948 2245 2063 2321 quanti

1315 2354 1445 2416 semper
1475 2339 1647 2401 devotione
1678 2343 1709 2400 et
1742 2339 1896 2416 obsequio
1924 2339 2063 2417 inclytus

1315 2430 1399 2494 Ordo
1422 2439 1495 2494 tuus
1529 2432 1742 2510 Apostolicum
1772 2432 1857 2493 Petri
1885 2429 2002 2494 Sedem
2023 2433 2064 2493 sit

1316 2531 1516 2601 prosecutus,
1538 2527 1720 2602 quantique
1735 2525 1895 2602 religione
1918 2526 2061 2588 eiusdem

1315 2617 1369 2679 lilii
1395 2617 1541 2680 6111111
1557 2618 1773 2680 Ecclesiarum
1790 2618 1883 2679 matri
1906 2625 2001 2694 atque
2016 2635 2063 2681 aa·

1315 2711 1370 2788 piti
1384 2711 1498 2788 quovis
1510 2717 1658 2790 tempore
1673 2712 1850 2774 adhaerere
1864 2711 2059 2774 studuerint.

1314 2805 1347 2867 ld
1369 2822 1448 2868 vero
1480 2824 1553 2868 cum
1583 2807 1728 2869 omniurn
1759 2806 1903 2867 eiusdem
1936 2802 2061 2866 Ordinis

1314 2898 1623 2978 congregationum,
1655 2908 1724 2963 tum
1748 2901 1841 2962 etiam
1869 2899 2062 2976 Anglicanae

1316 3001 1543 3057 ornamentum
1573 3011 1644 3057 esse
1670 2993 1980 3073 praeclarissimum,
2010 2992 2060 3054 cui

1314 3087 1444 3163 quidem
1467 3094 1552 3149 tanta
1574 3104 1659 3150 nunc
1675 3087 1829 3166 temporis
1849 3085 2015 3164 religionis
2027 3101 2061 3146 ac

1313 3179 1438 3258 pietatis
1460 3181 1591 3242 accessit
1613 3181 1692 3254 laus,
1716 3187 1752 3243 ut
1773 3179 1956 3258 complures
1979 3178 2061 3240 eius-

1313 3273 1385 3336 dem
1416 3275 1537 3336 alumni
1568 3275 1657 3352 111111
1686 3275 1811 3336 inventi
1839 3273 1919 3346 sint,
1946 3276 2002 3350 qui
2023 3273 2059 3334 ad

1311 3383 1476 3429 summum
1503 3368 1671 3430 sacerdotii
1694 3367 1853 3430 honorem
1882 3366 2060 3428 eveheren-

1312 3467 1376 3524 lur.
1391 3463 1459 3524 'libi
1474 3461 1593 3540 itaque,
1612 3461 1727 3524 dilecte
1743 3461 1799 3531 lili,
1815 3461 1943 3538 tuisque
1959 3459 2059 3522 omni-

1311 3555 1371 3618 bus
1394 3557 1432 3618 de
1456 3556 1504 3618 his
1521 3557 1617 3619 eliam
1633 3561 1728 3633 atque
1744 3555 1839 3617 etiam
1860 3555 2059 3632 gratulamur

1311 3650 1343 3710 in
1367 3650 1514 3722 Domino,
1532 3651 1767 3726 hortamurque
1782 3641 2007 3720 vehementer,
2024 3654 2060 3710 ut

1311 3758 1388 3820 quas
1412 3745 1564 3806 hactenus
1583 3744 1667 3806 11111
1689 3742 1745 3804 Dei
1761 3757 1833 3804 eum
1848 3741 1948 3818 gloria
1964 3748 2058 3819 atque

1311 3837 1470 3900 Ecclesiae
1494 3838 1714 3900 emolumento
1737 3835 1875 3897 virtutes
1902 3835 2055 3907 coluistis,

1311 3933 1415 3994 casin
1438 3937 1604 4011 posterum
1627 3929 1772 3992 alacriori
1794 3929 1901 3990 animo
1917 3928 2058 4006 perticis-

1310 4026 1361 4098 tis,
1379 4043 1443 4104 quo
1465 4027 1596 4098 scilicet,
1616 4025 1642 4086 si
1657 4024 1741 4086 16116
1756 4023 1909 4086 Dominus
1925 4022 1958 4084 iu
1973 4023 2057 4084 tanta

1310 4121 1422 4181 messis
1444 4120 1531 4198 capiri
1553 4127 1648 4197 atque
1675 4117 1897 4196 operariorum
1923 4117 2056 4195 penuria

1309 4229 1366 4274 vos
1388 4213 1421 4276 in
1443 4214 1569 4275 vineam
1591 4228 1680 4274 suam
1703 4212 1834 4273 mittere
1854 4201 2005 4273 decernat
2019 4211 2055 4272 ad

1310 4307 1446 4369 maiores
1459 4306 1645 4368 subeundos
1661 4305 1798 4376 labores,
1813 4311 1901 4383 aptos
1917 4311 2057 4366 vosmet-

1308 4401 1393 4478 ipsos
1416 4407 1511 4478 atque
1533 4400 1666 4462 idoneos
1679 4400 1717 4462 ad
1739 4398 1857 4464 uberes
1880 4397 2056 4478 percipien-

1309 4494 1364 4556 dos
1387 4494 1510 4556 iruetus
1533 4493 1723 4558 exhibeatis.
1748 4492 1880 4556 interim
1903 4491 2055 4560 1611111-

1308 4588 1391 4651 lecte
1413 4588 1469 4660 lili,
1486 4588 1542 4650 tibi
1563 4605 1597 4650 ac
1614 4593 1685 4650 tuae
1706 4586 1974 4664 Gangregationis
1989 4585 2055 4647 alu·

1308 4683 1391 4746 mnis
1414 4683 1563 4746 omnibus
1576 4683 1781 4762 apostolicam
1795 4682 2054 4744 benedictionem

1307 4784 1510 4854 peramanter
1532 4777 1750 4855 impertimur.

1346 4869 1459 4933 Datum
1482 4869 1601 4932 Romae
1616 4870 1698 4948 apud
1723 4868 1754 4931 S.
1772 4869 1904 4931 Petrum
1925 4867 1986 4930 sub
2001 4881 2054 4928 an·

1306 4965 1383 5026 1116
1396 4965 1521 5038 piscat,
1536 4964 1587 5026 die
1599 4981 1643 5026 ru.
1659 4963 1839 5044 decembris
1851 4979 2052 5036 neccaram,

1306 5059 1509 5137 pontificatus
1532 5059 1636 5120 nostri
1654 5074 1811 5120 1116111.

1605 5339 1753 5404 GCXXV.

1304 5528 1606 5594 Administratorem
1628 5533 1728 5610 apost.
1749 5527 1897 5592 dioecesis
1912 5528 2052 5594 Noachi-

1343 5626 1451 5688 aeosis
1463 5625 1649 5688 aortsolatar
1661 5621 1696 5688 ob
1709 5639 1883 5688 aerumnas
1895 5641 1973 5704 qaas
1987 5627 2052 5708 ipsc

1340 5719 1488 5805 patitur;
1517 5735 1649 5797 eamque
1676 5723 1783 5780 monet
1804 5734 1862 5798 per
1882 5736 1907 5780 s.
1935 5719 2049 5800 Gooqr.

1343 5814 1549 5895 coqaituram
1561 5811 1636 5892 qaid
1649 5809 1687 5875 ab
1699 5811 1766 5892 ipso
1779 5811 1937 5892 aqeadam
1948 5812 2051 5890 quoad

1342 5907 1521 5974 sacerdotes
1542 5911 1572 5969 et
1594 5903 1781 5970 Societatem
1806 5905 1889 5970 lesa.

2102 519 2203 571 Δ1.(1.
2229 518 2298 568 1842
