1290 1823
329 179 359 196 232

319 213 363 230 clero
374 216 390 230 et
400 215 500 235 populolipsi
509 214 609 234 patriarchali
617 214 693 230 ecclesiae

318 237 394 253 subiectis
402 242 431 257 per
438 238 523 257 apostolica
528 238 586 258 scripta
592 238 692 255 mandamus,

319 263 336 276 ut
347 261 442 281 suffraganei
455 262 481 277 libi
493 263 574 281 tamquam
586 261 658 277 membra
669 265 693 276 ca-

319 284 346 304 piti
358 284 465 304 obsequentes
479 285 566 301 exhibeant
576 285 604 300 tibi
617 284 692 300 obedien·
705 277 707 284 ⁴

319 308 356 323 tiam
364 310 380 323 et
386 309 494 324 reverentiam
503 308 563 324 debitas
571 310 586 324 et
594 309 665 326 devotas,
672 308 692 323 ita

318 331 361 350 quod
373 333 428 347 mutua
439 331 482 347 inter
493 333 508 347 te
519 333 536 347 et
546 331 589 351 ipsos
597 331 646 350 gratia
658 335 692 350 gra-

319 356 343 369 tos
354 354 431 370 sortiatur
441 355 507 370 effectus
516 357 532 370 et
539 359 568 370 nos
576 359 632 370 eorum
644 354 692 370 devo-

319 377 379 393 tionem
386 378 465 397 possimus
473 380 557 398 propterea
563 379 579 394 in
585 378 653 393 Domino
660 382 692 393 me⁷

319 401 350 416 rito
364 402 486 420 commendare;
501 402 554 417 clerus
566 403 621 417 autum
637 403 652 417 te
663 405 692 421 pro

319 426 372 440 nostra
384 426 400 440 et
414 425 486 441 eiusdem
498 425 543 441 Sedis
556 425 656 445 Apostolicae
667 429 692 440 re-

319 450 391 464 verentia
399 448 468 468 benigne
476 449 572 468 recipientes
580 451 596 464 et
603 448 692 464 honorifice

319 473 439 490 pertractantes,
447 474 472 488 tua
479 472 549 488 salubria
557 472 617 488 monita
624 474 641 488 et
648 476 692 487 man>

318 495 353 510 data
363 496 450 515 suscipiant
460 496 544 511 humiliter
551 498 567 511 et
575 496 659 511 efficaciter
666 496 692 511 ad>

318 518 387 538 implere
398 521 492 538 procurent;
505 519 573 539 populus
580 523 620 535 vero
629 521 645 535 to
653 521 691 534 tam-

318 546 365 561 quam
378 544 439 561 patrem
445 544 461 558 et
472 545 552 562 pastorem
559 543 649 558 animarum
657 547 691 558 sua-

318 569 354 580 rum
366 565 425 581 devote
435 566 541 586 suscipientes
552 568 569 582 et
577 566 630 582 debita
641 566 691 582 liono-

318 588 395 604 rilicentia
410 591 534 608 prosequentes.
550 590 581 605 tuis
596 590 661 605 monitis
675 592 691 605 et

318 612 394 627 mandatis
404 612 495 628 salubribus
507 613 590 628 humiliter
601 613 689 632 intendant.

317 635 338 650 ita
344 636 386 654 quoii
395 638 412 651 tu
418 636 434 651 in
440 636 463 651 eis
469 636 558 652 devolionis
565 636 606 652 filios
613 638 629 652 et
636 637 666 656 ipsi
674 637 690 653 in

318 660 333 673 te
343 662 372 678 per
381 663 481 678 consequens
491 661 552 679 patrem
560 660 659 675 benevolum
667 660 690 676 in-

317 682 380 697 venisse
388 683 475 701 gaudeatis.
483 683 549 698 Vassalli
555 685 638 703 praeterea
646 688 690 703 prae-

317 705 343 720 lati
357 707 373 721 te
386 706 440 721 debito
455 706 517 722 nonore
529 709 650 726 prosequentes,
663 707 690 723 tibi

317 728 410 745 fidelitatem
418 730 480 745 solitam
488 734 506 745 ac
513 732 589 746 consueta
600 731 665 746 servitia
675 733 691 746 et

317 752 351 767 iura
363 752 391 768 tihi
401 752 420 768 ab
434 753 457 768 eis
471 753 523 768 dehita
534 753 598 773 integre
613 754 690 770 exhibere

317 778 409 795 procurent,
419 776 490 796 alioquin
500 777 596 792 sententiam
608 778 642 793 sive
654 782 690 797 poe-

317 803 353 814 nam
365 803 412 818 quain
421 801 437 815 tu
445 800 476 815 rite
485 800 542 815 tuleris
552 805 581 816 seu
592 801 666 816 statueris
674 801 690 817 in

317 822 392 840 rebelles,
399 825 449 838 ratam
455 823 550 839 habebimus
558 826 574 839 et
581 824 657 840 faciemus
664 829 691 840 au-

317 848 361 862 ctore
367 846 435 862 Domino
441 851 493 866 usque
499 847 517 863 ad
523 847 647 863 satisfactionem
654 852 691 864 con-

316 869 381 888 dignam
391 870 505 887 inviolabiliter
513 871 600 886 observari.
613 871 691 887 Volumus

316 894 370 908 autem
385 893 427 912 quod
439 895 455 909 tu
467 894 483 909 in
495 896 520 909 tua
533 894 633 914 patriarchali
648 895 690 911 Mon-

317 918 349 932 lem
365 916 429 932 Pietatis
445 917 463 933 ad
480 918 596 937 praescriptum
611 923 691 934 sacrosan>

316 940 336 955 cti
347 940 414 955 Concilii
424 940 512 956 Tridentini
522 941 600 959 instituas,
609 942 691 958 consciew

317 963 353 979 tiam
365 965 408 979 tuam
417 968 466 983 super
473 964 504 979 hoc
511 966 602 980 onerantes.
611 965 690 981 Volumus

316 987 364 1002 etiam
375 987 418 1006 quod
429 989 446 1002 tu
457 990 542 1007 antequam
554 988 630 1007 regimini
641 989 690 1004 etad-

316 1010 429 1026 ministrationi
440 1011 490 1026 dictae
498 1011 606 1031 patriarchalis
614 1012 690 1028 ecclesiae

316 1036 331 1049 te
342 1034 359 1049 in
370 1034 424 1053 aliquo
435 1034 530 1053 immisceas,
539 1035 555 1050 in
567 1035 640 1051 manibus
652 1036 690 1051 duo-

316 1061 352 1072 rum
364 1057 424 1077 pariter
437 1057 504 1073 iratrum
517 1060 610 1074 nostrorum
624 1059 690 1075 Areliie-

317 1081 418 1100 piscoporum
429 1081 455 1096 vel
467 1081 582 1101 Episcoporum
596 1083 662 1101 gratiam
674 1085 690 1098 et

316 1104 448 1120 communionem
460 1104 505 1120 Sedis
517 1105 616 1124 apostoticae
631 1106 690 1122 haben-

317 1128 356 1143 tium
368 1130 384 1143 et
394 1128 410 1143 in
424 1128 457 1143 istis
469 1128 540 1148 partibus
552 1129 652 1148 degentium,
661 1134 689 1145 seu

316 1151 382 1166 alterius
393 1155 456 1169 eorum.
465 1152 545 1167 ssdelitatis
555 1152 616 1168 debitae
624 1153 689 1168 solitum

317 1177 387 1194 praestes
399 1175 508 1191 iuramentum
516 1175 559 1191 iuxta
567 1176 635 1191 formam
647 1180 690 1196 prae-

316 1198 388 1214 sentibus
396 1198 486 1214 adnotatam
495 1200 511 1214 et
518 1199 540 1214 sic
548 1203 556 1214 a
564 1201 579 1215 te
588 1200 659 1219 praestiti
667 1200 690 1215 iu-

316 1222 385 1237 ramenti
398 1222 466 1238 formam
477 1222 495 1238 ad
511 1223 583 1238 eamdem
598 1223 689 1242 Congrega-

317 1246 377 1261 tionem
388 1246 408 1261 de
419 1246 521 1265 Propaganda
532 1246 570 1262 Fide
581 1246 600 1262 de
612 1246 662 1262 verbo
671 1247 689 1262 ad

316 1269 385 1284 verbum
397 1273 425 1288 per
436 1271 470 1284 tuas
481 1271 552 1289 patentes
563 1269 624 1285 litteras
635 1271 663 1285 tuo
670 1270 690 1285 si-

316 1292 355 1311 gillo
362 1292 431 1307 munitas
436 1296 464 1312 per
469 1293 552 1312 proprium
559 1293 635 1308 nuncium
641 1297 690 1313 quan-

317 1316 380 1331 tocitius
386 1316 494 1331 transmittere
501 1316 567 1332 omnino
574 1317 648 1335 tenearis,
656 1317 690 1336 qui>

316 1339 345 1355 bus
357 1341 373 1355 et
384 1343 440 1355 eorum
452 1339 518 1355 cuilibet
529 1340 634 1360 pereasdeni
646 1344 690 1360 prae

316 1364 370 1378 sentes
376 1363 436 1382 pariter
442 1363 536 1379 mandamus
542 1365 559 1379 ut
564 1363 594 1383 ipsi
600 1364 626 1379 vel
632 1368 689 1379 eorum

316 1386 356 1401 alter
363 1388 393 1402 ate
400 1388 456 1402 nostro
464 1388 480 1402 et
487 1387 567 1402 Romanae
575 1387 654 1402 Ecclesiae
663 1392 689 1403 no-

316 1410 359 1425 mine
371 1410 479 1425 iuramentum
490 1410 582 1425 huiusmodi
595 1410 638 1426 iuxta
648 1415 690 1426 carn-

316 1434 352 1449 dem
361 1434 428 1449 formam
437 1434 514 1453 recipiant
520 1438 548 1449 seu
557 1434 627 1453 recipiat.
633 1434 690 1450 Forma

316 1459 369 1472 autom
376 1457 461 1473 iuramenti
468 1457 510 1477 quod
516 1457 602 1477 prestabis.
610 1458 648 1473 haec
656 1460 688 1473 est:

316 1481 350 1499 Ego
361 1480 426 1496 lacobus
432 1481 479 1496 nolas
490 1480 580 1496 Patriarclia
590 1481 654 1497 Ciliciae
662 1481 689 1497 Ar*

316 1508 401 1519 inenorum
412 1504 431 1519 ab
442 1504 471 1520 liae
480 1504 519 1520 liora
530 1504 547 1520 in
558 1506 603 1520 antea
615 1505 667 1520 fidelis
674 1507 690 1520 et

316 1524 392 1543 obediens
403 1531 431 1543 ero
442 1527 488 1543 beato
500 1528 547 1543 Petro
557 1528 585 1548 Ap.
594 1530 689 1548 sanctaeque

579 184 611 196 run.
624 184 669 196 rom.
682 184 702 195 nn
712 184 727 195 P.
740 183 754 195 1,
767 183 809 195 rans
819 184 830 195 ι.

720 213 820 233 Apostolicae
828 213 907 229 Romanae
915 212 995 228 Ecclesiae
1003 214 1020 228 et
1028 212 1099 228 Domino

721 238 776 252 nostro
783 236 850 252 Domino
858 236 937 256 Gregorio
945 236 973 251 ΡΙ).
981 236 1021 251 ΧἯ.
1031 236 1100 255 suisque

720 260 839 275 successoribus
853 260 929 275 canonice
943 259 1046 275 intrantibus⁴
1062 259 1099 275 Non

720 288 749 299 ero
760 283 776 299 in
787 283 854 299 consilio
866 285 893 299 aut
902 287 980 298 consensu
992 283 1018 298 vel
1031 282 1073 298 lacto
1081 285 1100 298 ut

720 307 768 322 vitam
777 307 845 326 perdant
852 309 879 323 aut
890 307 988 324 membrum.
996 310 1026 322 seu
1035 306 1098 326 capian-

721 332 746 346 tur
761 330 802 346 mala
816 332 888 350 captione
901 332 928 345 aut
942 330 959 346 in
973 333 1000 345 eos
1015 329 1099 345 violenter

721 358 777 369 manus
790 354 912 373 quomodolibet
923 354 1023 373 ingerantur.
1035 353 1063 369 vel
1075 353 1099 369 in-

720 377 771 393 iuriae
781 377 843 396 aliquae
854 377 944 392 inferantur
955 376 1012 396 quovis
1023 377 1100 396 quaesito

720 401 779 416 colore.
788 400 877 416 Consilium
888 404 928 416 vero
939 400 982 420 quod
994 400 1034 415 mihi
1046 400 1099 415 credi-

721 424 752 440 turi
763 426 801 440 sunt
812 428 840 444 per
851 428 868 439 se
879 425 906 439 aut
914 424 981 439 nuncios
990 427 1017 439 seu
1026 423 1098 441 litteras.

720 448 738 463 ad
753 451 810 463 eorum
825 448 901 463 damnum
916 451 942 463 me
957 447 1018 463 sciente
1033 447 1098 462 nemini

720 471 793 491 pandam.
807 471 881 491 Papatum
895 471 984 487 Romanum
1000 473 1015 486 et
1030 470 1098 490 Begalia

720 494 772 510 Sancti
780 494 822 510 Petri
830 494 893 510 adiutor
899 494 922 510 eis
929 498 958 509 ero
964 494 981 509 ad
990 494 1097 509 retinendum

719 520 735 533 et
743 518 862 533 defendendum
870 520 925 533 contra
931 521 997 533 omnem
1004 517 1097 533 hominem.

719 541 797 560 Legatum
811 541 911 561 Apostolicae
926 540 971 556 Sedis
984 541 1000 556 in
1013 541 1069 556 eundo
1081 542 1098 556 et

719 565 803 580 redeundo
810 564 898 580 honorilice
905 564 975 580 tractabo
981 566 997 580 et
1004 564 1021 580 iu
1026 564 1062 580 suis
1069 568 1097 580 ne-

719 588 819 604 cessitatibus
830 588 913 603 adiuvabo.
925 588 966 606 Iura,
976 588 1053 605 honores.
1065 588 1097 608 pri-

719 611 777 631 vilegia
788 613 804 627 et
814 611 925 627 auctoritatem
937 611 1003 627 Sanctae
1014 611 1097 627 Romanae

719 635 804 653 Ecclesiae.
810 635 872 650 Domini
879 635 929 650 nostri
936 635 985 654 Papae
992 636 1008 650 et
1013 639 1097 651 suecesso-

718 663 755 675 rum
767 658 875 678 praelatorum
886 662 988 676 conservare.
999 658 1095 677 defendere.

718 686 778 702 augere
786 684 802 697 et
810 685 907 701 promovere
918 682 982 697 curabo.
994 682 1030 697 Non
1042 686 1072 698 ero
1079 682 1097 698 in

718 706 790 723 consilio.
799 705 840 721 facto
847 706 874 721 vel
882 707 955 723 tractatu.
963 706 980 721 in
990 706 1050 725 quibus
1058 710 1096 722 eon-

718 731 742 745 tra
756 729 808 749 ipsum
824 729 910 744 Dominum
925 731 999 744 nostrum
1013 729 1040 744 vel
1053 733 1097 745 eam-

718 753 755 768 dem
766 752 853 768 Romanam
864 752 951 768 Ecclesiam
966 752 1018 772 aliqua
1029 752 1096 768 sinistra

718 776 744 792 vel
752 776 869 796 praeiudicialia
877 780 960 795 personae.
967 776 1012 794 iuris.
1020 776 1095 795 honoris,

717 801 767 815 status
779 801 795 815 et
806 799 888 819 potestatis
901 803 959 814 eorum
974 799 1095 818 machinentur,

718 825 734 838 et
745 823 761 838 si.
767 823 804 838 talia
815 827 822 838 a
834 822 963 842 quibuscumque
971 823 1056 842 procurari
1067 827 1096 839 no-

718 850 757 862 vero
765 846 791 862 vel
800 846 868 864 tractari,
876 846 961 865 impediam
968 846 998 861 hoc
1004 850 1033 866 pro
1040 850 1094 866 posse,

718 872 734 885 et
745 870 852 889 quantocitius
867 869 951 885 commode
962 871 1019 889 potero
1032 870 1096 889 signiti-

718 894 756 909 cabo
767 893 820 909 eidem
832 893 900 909 Domino
908 895 963 908 nostro
974 893 1001 908 vel
1011 893 1059 909 alteri
1066 897 1096 913 per

718 921 766 937 quem
773 917 791 933 ad
799 917 849 937 ipsius
856 917 927 932 notitiam
934 917 994 936 poterit
1000 917 1093 937 pervenire.

718 941 786 960 Regulas
794 940 890 956 Sanctorum
896 940 967 958 Patrum,
974 940 1043 958 decreta,
1052 941 1095 956 ordi·

718 964 796 982 nationes,
801 964 925 981 reservationes,
932 964 1051 983 disposniones.
1057 968 1095 984 pro-

717 988 793 1005 visiones.
802 989 818 1003 et
830 988 901 1003 mandata
912 987 997 1007 apostolica
1008 988 1046 1003 totis
1056 988 1095 1003 viri>

718 1011 747 1026 bus
755 1011 844 1026 observabo
852 1013 868 1026 et
875 1011 930 1026 faciam
936 1011 955 1026 ab
961 1011 995 1026 aliis
1003 1011 1093 1030 observari.

718 1034 800 1050 lle—reticos
806 1034 917 1050 Schismaticos
923 1036 938 1050 et
943 1034 1018 1050 Rebelles
1024 1034 1094 1050 Domino

718 1060 772 1074 nostro
780 1063 797 1074 ac
805 1058 924 1073 successoribus
931 1058 1004 1077 praefatis
1011 1062 1039 1078 pro
1046 1062 1094 1077 posse

718 1085 806 1101 persequar
817 1083 832 1097 et
839 1081 943 1101 impugnabo.
953 1081 1020 1097 Vocatus
1029 1081 1047 1097 ad
1055 1085 1094 1101 syn-

718 1105 766 1120 odum
777 1105 847 1123 veniam,
858 1105 888 1120 nisi
899 1105 1000 1124 praepeditus
1011 1105 1058 1120 luero
1070 1109 1094 1120 ca-

718 1128 774 1144 nonica
781 1128 907 1148 praepeditione.
915 1128 1028 1148 Apostolorum
1037 1128 1094 1144 limina

717 1152 785 1171 singulis
796 1152 912 1171 quinquenniis
923 1152 1029 1172 personaliter
1040 1154 1055 1167 el
1064 1156 1093 1171 per

717 1175 770 1195 ipsum
781 1175 849 1191 visitabo
860 1177 876 1191 et
886 1175 955 1191 Domino
964 1177 1020 1190 nostro
1030 1179 1093 1191 sueces-

717 1199 814 1218 soribusque
825 1199 899 1218 praelatis
910 1199 989 1214 rationem
998 1198 1064 1217 reddam
1073 1199 1093 1214 de

719 1224 751 1237 toto
767 1226 804 1238 meo
819 1222 893 1242 pastorali
908 1222 959 1237 officio
976 1222 1028 1241 deque
1043 1222 1092 1237 rebus

718 1246 793 1261 omnibus
804 1245 913 1265 patriarchalis
922 1245 998 1261 ecelesiae
1009 1249 1054 1261 meae
1062 1247 1092 1261 sta-

719 1271 758 1287 tum,
765 1270 783 1285 ad
790 1269 829 1285 cleri
837 1271 853 1284 et
860 1269 913 1288 populi
921 1269 1026 1289 disciplinam,
1033 1269 1092 1284 anima-

718 1297 754 1308 rum
759 1293 829 1312 denique
836 1296 876 1312 quae
883 1297 928 1308 meae
932 1293 969 1308 fidei
974 1293 1043 1308 creditae
1047 1294 1091 1310 sunt.

718 1316 786 1332 salutem
797 1316 902 1335 quoquomdo
913 1316 1037 1336 pertinentibus,
1046 1318 1061 1332 et
1069 1316 1091 1331 vi-

717 1340 770 1356 cissim
782 1340 855 1355 mandata
865 1340 950 1359 apostolica
960 1339 1028 1359 praefata
1039 1340 1091 1356 humi-

717 1364 754 1379 liter
762 1364 837 1383 recipiam
844 1366 860 1379 et
868 1367 915 1383 quani
924 1363 1047 1382 diligentissime
1054 1368 1091 1380 exe-

718 1391 762 1406 quar.
774 1387 819 1405 Quod
830 1387 843 1402 si
855 1387 927 1406 legitimo
938 1387 1054 1406 impedimento
1065 1387 1091 1403 de-

718 1412 772 1426 tentus
785 1410 837 1428 fuero,
852 1410 921 1430 praelata
935 1410 988 1426 omnia
1001 1410 1091 1430 adimplebo

719 1438 746 1454 per
752 1436 814 1449 certum
823 1434 900 1449 nuncium
908 1434 926 1449 ad
935 1434 965 1449 hoc
971 1434 1040 1453 speciale
1048 1438 1091 1449 man-

718 1458 772 1473 datum
783 1458 869 1473 habentem
881 1458 900 1473 de
909 1458 971 1477 gremio
979 1457 1017 1473 cleri
1026 1458 1057 1473 mei
1065 1459 1092 1473 aut

717 1481 766 1496 alium
778 1481 794 1496 in
807 1481 884 1500 dignitate
895 1481 1001 1496 ecclesiastica
1015 1481 1091 1497 constitu-

718 1506 752 1520 tum
763 1508 791 1520 seu
803 1504 839 1520 alias
847 1506 950 1524 personatum
959 1504 1051 1523 habentem.
1058 1506 1090 1522 aut,

718 1528 742 1543 nis
754 1528 793 1543 milii
807 1527 924 1546 deficientibus.
938 1531 967 1547 per
978 1528 1090 1544 dioecesanum

1114 179 1140 192 An⁴
1147 181 1160 192 c.
1171 182 1195 195 mi
