<?xml version="1.0" encoding="UTF-8"?>
<!DOCTYPE html PUBLIC "-//W3C//DTD XHTML 1.0 Transitional//EN"
    "http://www.w3.org/TR/xhtml1/DTD/xhtml1-transitional.dtd">
<html xmlns="http://www.w3.org/1999/xhtml" xml:lang="en" lang="en">
 <head>
  <title>
</title>
<meta http-equiv="Content-Type" content="text/html;charset=utf-8" />
  <meta name='ocr-system' content='tesseract 3.04.00' />
  <meta name='ocr-capabilities' content='ocr_page ocr_carea ocr_par ocr_line ocrx_word'/>
</head>
<body>
  <div class='ocr_page' id='page_1' title='image "./iurispontificii01martgoog_0143.png"; bbox 0 0 4828 6974; ppageno 0'>
   <div class='ocr_carea' id='block_1_1' title="bbox 907 591 1243 652">
    <p class='ocr_par' dir='ltr' id='par_1_1' title="bbox 907 591 1243 652">
     <span class='ocr_line' id='line_1_1' title="bbox 907 591 1243 652; baseline 0.009 -3"><span class='ocrx_word' id='word_1_1' title='bbox 907 591 1082 650; x_wconf 78' lang='lat' dir='ltr'><strong>cosconius</strong></span> <span class='ocrx_word' id='word_1_2' title='bbox 1104 596 1154 650; x_wconf 78' lang='lat' dir='ltr'><strong>rb.</strong></span> <span class='ocrx_word' id='word_1_3' title='bbox 1178 599 1243 652; x_wconf 84' lang='lat' dir='ltr'><strong>xvt.</strong></span> 
     </span>
    </p>
   </div>
   <div class='ocr_carea' id='block_1_2' title="bbox 298 717 1050 6022">
    <p class='ocr_par' dir='ltr' id='par_1_2' title="bbox 298 717 1050 6022">
     <span class='ocr_line' id='line_1_2' title="bbox 299 717 1048 786; baseline 0.005 -8"><span class='ocrx_word' id='word_1_4' title='bbox 299 723 363 780; x_wconf 90' lang='lat' dir='ltr'><strong>ret.</strong></span> <span class='ocrx_word' id='word_1_5' title='bbox 381 717 506 782; x_wconf 90' lang='lat' dir='ltr'><strong>-Hisce</strong></span> <span class='ocrx_word' id='word_1_6' title='bbox 524 726 631 784; x_wconf 90' lang='lat' dir='ltr'><strong>autem</strong></span> <span class='ocrx_word' id='word_1_7' title='bbox 647 717 793 786; x_wconf 86' lang='lat' dir='ltr'><strong>officiosis</strong></span> <span class='ocrx_word' id='word_1_8' title='bbox 810 721 841 784; x_wconf 91' lang='lat' dir='ltr'><strong>S.</strong></span> <span class='ocrx_word' id='word_1_9' title='bbox 858 720 893 783; x_wconf 84' lang='lat' dir='ltr'><strong>C.</strong></span> <span class='ocrx_word' id='word_1_10' title='bbox 909 719 1048 784; x_wconf 90' lang='lat' dir='ltr'><strong>insinua-</strong></span> 
     </span>
     <span class='ocr_line' id='line_1_3' title="bbox 298 811 1049 894; baseline 0.005 -22"><span class='ocrx_word' id='word_1_11' title='bbox 298 811 444 874; x_wconf 85' lang='lat' dir='ltr'>tionibus</span> <span class='ocrx_word' id='word_1_12' title='bbox 466 820 499 876; x_wconf 89' lang='lat' dir='ltr'><strong>et</strong></span> <span class='ocrx_word' id='word_1_13' title='bbox 518 815 601 876; x_wconf 92' lang='lat' dir='ltr'><strong>votis</strong></span> <span class='ocrx_word' id='word_1_14' title='bbox 624 815 769 878; x_wconf 89' lang='lat' dir='ltr'><strong>absolute</strong></span> <span class='ocrx_word' id='word_1_15' title='bbox 784 815 950 894; x_wconf 90' lang='lat' dir='ltr'><strong>respondit</strong></span> <span class='ocrx_word' id='word_1_16' title='bbox 962 814 1049 877; x_wconf 90' lang='lat' dir='ltr'><strong>idem</strong></span> 
     </span>
     <span class='ocr_line' id='line_1_4' title="bbox 299 901 1049 985; baseline 0.003 -19"><span class='ocrx_word' id='word_1_17' title='bbox 299 901 448 966; x_wconf 81' lang='lat' dir='ltr'><strong>Vicarius</strong></span> <span class='ocrx_word' id='word_1_18' title='bbox 469 906 669 985; x_wconf 69' lang='lat' dir='ltr'><strong>apostolicus</strong></span> <span class='ocrx_word' id='word_1_19' title='bbox 690 908 750 970; x_wconf 91' lang='lat' dir='ltr'><strong>sub</strong></span> <span class='ocrx_word' id='word_1_20' title='bbox 770 909 821 970; x_wconf 91' lang='lat' dir='ltr'><strong>die</strong></span> <span class='ocrx_word' id='word_1_21' title='bbox 835 925 905 969; x_wconf 93' lang='lat' dir='ltr'><strong>viii.</strong></span> <span class='ocrx_word' id='word_1_22' title='bbox 922 907 1049 984; x_wconf 82' lang='lat' dir='ltr'><strong>augusti</strong></span> 
     </span>
     <span class='ocr_line' id='line_1_5' title="bbox 298 999 1048 1079; baseline 0.001 -21"><span class='ocrx_word' id='word_1_23' title='bbox 298 1013 523 1062; x_wconf 84' lang='lat' dir='ltr'><strong>iiocccxxxiv.</strong></span> <span class='ocrx_word' id='word_1_24' title='bbox 540 999 614 1064; x_wconf 91' lang='lat' dir='ltr'><strong>-Se</strong></span> <span class='ocrx_word' id='word_1_25' title='bbox 635 1017 700 1064; x_wconf 93' lang='lat' dir='ltr'><strong>non</strong></span> <span class='ocrx_word' id='word_1_26' title='bbox 721 1017 825 1079; x_wconf 89' lang='lat' dir='ltr'><strong>posse,</strong></span> <span class='ocrx_word' id='word_1_27' title='bbox 848 1001 909 1062; x_wconf 91' lang='lat' dir='ltr'><strong>nisi</strong></span> <span class='ocrx_word' id='word_1_28' title='bbox 929 1001 1048 1062; x_wconf 89' lang='lat' dir='ltr'><strong>vulnus</strong></span> 
     </span>
     <span class='ocr_line' id='line_1_6' title="bbox 299 1088 1048 1171; baseline 0.008 -22"><span class='ocrx_word' id='word_1_29' title='bbox 299 1088 558 1156; x_wconf 82' lang='lat' dir='ltr'><strong>infensissimum</strong></span> <span class='ocrx_word' id='word_1_30' title='bbox 580 1095 793 1158; x_wconf 90' lang='lat' dir='ltr'><strong>conscientiae</strong></span> <span class='ocrx_word' id='word_1_31' title='bbox 811 1111 887 1156; x_wconf 91' lang='lat' dir='ltr'><strong>suae</strong></span> <span class='ocrx_word' id='word_1_32' title='bbox 902 1093 1048 1171; x_wconf 91' lang='lat' dir='ltr'><strong>inlligen-</strong></span> 
     </span>
     <span class='ocr_line' id='line_1_7' title="bbox 300 1182 1049 1266; baseline 0.007 -23"><span class='ocrx_word' id='word_1_33' title='bbox 300 1182 355 1257; x_wconf 88' lang='lat' dir='ltr'><strong>do,</strong></span> <span class='ocrx_word' id='word_1_34' title='bbox 377 1184 523 1264; x_wconf 91' lang='lat' dir='ltr'><strong>adeoque</strong></span> <span class='ocrx_word' id='word_1_35' title='bbox 553 1187 645 1250; x_wconf 90' lang='lat' dir='ltr'><strong>nullo</strong></span> <span class='ocrx_word' id='word_1_36' title='bbox 666 1187 762 1250; x_wconf 92' lang='lat' dir='ltr'><strong>modo</strong></span> <span class='ocrx_word' id='word_1_37' title='bbox 784 1203 877 1266; x_wconf 91' lang='lat' dir='ltr'><strong>posse</strong></span> <span class='ocrx_word' id='word_1_38' title='bbox 898 1186 1049 1266; x_wconf 81' lang='lat' dir='ltr'><strong>approba-</strong></span> 
     </span>
     <span class='ocr_line' id='line_1_8' title="bbox 300 1279 1049 1360; baseline 0.007 -21"><span class='ocrx_word' id='word_1_39' title='bbox 300 1279 425 1340; x_wconf 78' lang='lat' dir='ltr'><strong>tionem</strong></span> <span class='ocrx_word' id='word_1_40' title='bbox 446 1286 501 1342; x_wconf 91' lang='lat' dir='ltr'><strong>aut</strong></span> <span class='ocrx_word' id='word_1_41' title='bbox 527 1297 721 1344; x_wconf 90' lang='lat' dir='ltr'><strong>consensum</strong></span> <span class='ocrx_word' id='word_1_42' title='bbox 750 1282 904 1360; x_wconf 90' lang='lat' dir='ltr'><strong>praebere</strong></span> <span class='ocrx_word' id='word_1_43' title='bbox 926 1282 974 1344; x_wconf 93' lang='lat' dir='ltr'><strong>illi</strong></span> <span class='ocrx_word' id='word_1_44' title='bbox 994 1297 1049 1344; x_wconf 88' lang='lat' dir='ltr'><strong>ne·</strong></span> 
     </span>
     <span class='ocr_line' id='line_1_9' title="bbox 302 1372 1049 1451; baseline 0.004 -18"><span class='ocrx_word' id='word_1_45' title='bbox 302 1372 402 1447; x_wconf 89' lang='lat' dir='ltr'><strong>gotio.</strong></span> <span class='ocrx_word' id='word_1_46' title='bbox 416 1405 434 1418; x_wconf 93' lang='lat'><em>-</em></span> <span class='ocrx_word' id='word_1_47' title='bbox 445 1372 486 1434; x_wconf 82' lang='lat' dir='ltr'><strong>ut</strong></span> <span class='ocrx_word' id='word_1_48' title='bbox 500 1373 533 1435; x_wconf 94' lang='lat' dir='ltr'><strong>in</strong></span> <span class='ocrx_word' id='word_1_49' title='bbox 545 1375 683 1451; x_wconf 91' lang='lat' dir='ltr'><strong>quodam</strong></span> <span class='ocrx_word' id='word_1_50' title='bbox 695 1375 772 1437; x_wconf 86' lang='lat' dir='ltr'><strong>lolio</strong></span> <span class='ocrx_word' id='word_1_51' title='bbox 787 1375 930 1438; x_wconf 90' lang='lat' dir='ltr'><strong>exhibito</strong></span> <span class='ocrx_word' id='word_1_52' title='bbox 946 1375 1049 1438; x_wconf 90' lang='lat' dir='ltr'><strong>adicti</strong></span> 
     </span>
     <span class='ocr_line' id='line_1_10' title="bbox 302 1463 1049 1548; baseline 0.005 -22"><span class='ocrx_word' id='word_1_53' title='bbox 302 1463 419 1528; x_wconf 86' lang='lat' dir='ltr'><strong>Vicarii</strong></span> <span class='ocrx_word' id='word_1_54' title='bbox 434 1473 642 1545; x_wconf 79' lang='lat' dir='ltr'><strong>procuratore</strong></span> <span class='ocrx_word' id='word_1_55' title='bbox 658 1471 810 1531; x_wconf 89' lang='lat' dir='ltr'><strong>asseritur</strong></span> <span class='ocrx_word' id='word_1_56' title='bbox 821 1470 927 1548; x_wconf 89' lang='lat' dir='ltr'><strong>ipsum</strong></span> <span class='ocrx_word' id='word_1_57' title='bbox 940 1474 1049 1547; x_wconf 89' lang='lat' dir='ltr'><strong>aperte</strong></span> 
     </span>
     <span class='ocr_line' id='line_1_11' title="bbox 302 1560 1049 1624; baseline 0.004 -5"><span class='ocrx_word' id='word_1_58' title='bbox 302 1564 455 1621; x_wconf 88' lang='lat' dir='ltr'><strong>testatum</strong></span> <span class='ocrx_word' id='word_1_59' title='bbox 486 1560 587 1623; x_wconf 91' lang='lat' dir='ltr'><strong>luisse</strong></span> <span class='ocrx_word' id='word_1_60' title='bbox 615 1561 653 1622; x_wconf 94' lang='lat' dir='ltr'><strong>ab</strong></span> <span class='ocrx_word' id='word_1_61' title='bbox 674 1562 828 1624; x_wconf 91' lang='lat' dir='ltr'><strong>universo</strong></span> <span class='ocrx_word' id='word_1_62' title='bbox 857 1562 925 1624; x_wconf 90' lang='lat' dir='ltr'><strong>eius</strong></span> <span class='ocrx_word' id='word_1_63' title='bbox 954 1561 1049 1624; x_wconf 85' lang='lat' dir='ltr'><strong>Glero</strong></span> 
     </span>
     <span class='ocr_line' id='line_1_12' title="bbox 304 1651 1049 1734; baseline 0.005 -22"><span class='ocrx_word' id='word_1_64' title='bbox 304 1651 415 1714; x_wconf 88' lang='lat' dir='ltr'><strong>baberi</strong></span> <span class='ocrx_word' id='word_1_65' title='bbox 444 1658 482 1714; x_wconf 94' lang='lat' dir='ltr'><strong>ut</strong></span> <span class='ocrx_word' id='word_1_66' title='bbox 507 1653 659 1731; x_wconf 78' lang='lat' dir='ltr'><strong>religioni</strong></span> <span class='ocrx_word' id='word_1_67' title='bbox 684 1671 892 1734; x_wconf 90' lang='lat' dir='ltr'><strong>summopere</strong></span> <span class='ocrx_word' id='word_1_68' title='bbox 917 1655 1049 1717; x_wconf 90' lang='lat' dir='ltr'><strong>iniurio-</strong></span> 
     </span>
     <span class='ocr_line' id='line_1_13' title="bbox 303 1745 1049 1824; baseline 0.007 -19"><span class='ocrx_word' id='word_1_69' title='bbox 303 1760 376 1806; x_wconf 91' lang='lat' dir='ltr'><strong>sum</strong></span> <span class='ocrx_word' id='word_1_70' title='bbox 397 1745 557 1824; x_wconf 90' lang='lat' dir='ltr'><strong>templum</strong></span> <span class='ocrx_word' id='word_1_71' title='bbox 578 1747 659 1810; x_wconf 92' lang='lat' dir='ltr'><strong>illud</strong></span> <span class='ocrx_word' id='word_1_72' title='bbox 680 1747 809 1810; x_wconf 85' lang='lat' dir='ltr'><strong>lesuitls</strong></span> <span class='ocrx_word' id='word_1_73' title='bbox 824 1749 952 1811; x_wconf 87' lang='lat' dir='ltr'><strong>deferre</strong></span> <span class='ocrx_word' id='word_1_74' title='bbox 969 1754 1001 1810; x_wconf 90' lang='lat' dir='ltr'><strong>et</strong></span> <span class='ocrx_word' id='word_1_75' title='bbox 1014 1765 1049 1810; x_wconf 91' lang='lat' dir='ltr'><strong>se</strong></span> 
     </span>
     <span class='ocr_line' id='line_1_14' title="bbox 304 1839 1048 1915; baseline 0.005 -17"><span class='ocrx_word' id='word_1_76' title='bbox 304 1853 470 1915; x_wconf 90' lang='lat' dir='ltr'><strong>nunquam</strong></span> <span class='ocrx_word' id='word_1_77' title='bbox 497 1839 530 1900; x_wconf 92' lang='lat' dir='ltr'><strong>id</strong></span> <span class='ocrx_word' id='word_1_78' title='bbox 558 1855 804 1902; x_wconf 89' lang='lat' dir='ltr'><strong>consensurum.</strong></span> <span class='ocrx_word' id='word_1_79' title='bbox 833 1841 914 1914; x_wconf 89' lang='lat' dir='ltr'><strong>Quid</strong></span> <span class='ocrx_word' id='word_1_80' title='bbox 942 1841 1048 1904; x_wconf 91' lang='lat' dir='ltr'><strong>minus</strong></span> 
     </span>
     <span class='ocr_line' id='line_1_15' title="bbox 305 1931 1049 2015; baseline 0.009 -24"><span class='ocrx_word' id='word_1_81' title='bbox 305 1936 431 2008; x_wconf 86' lang='lat' dir='ltr'><strong>gratum</strong></span> <span class='ocrx_word' id='word_1_82' title='bbox 454 1931 512 1992; x_wconf 91' lang='lat' dir='ltr'><strong>bac</strong></span> <span class='ocrx_word' id='word_1_83' title='bbox 532 1933 766 2010; x_wconf 70' lang='lat' dir='ltr'><strong>responsione?</strong></span> <span class='ocrx_word' id='word_1_84' title='bbox 794 1933 960 2008; x_wconf 86' lang='lat' dir='ltr'><strong>Quomodo</strong></span> <span class='ocrx_word' id='word_1_85' title='bbox 981 1943 1049 2015; x_wconf 93' lang='lat' dir='ltr'><strong>pot-</strong></span> 
     </span>
     <span class='ocr_line' id='line_1_16' title="bbox 304 2024 1048 2104; baseline 0.009 -20"><span class='ocrx_word' id='word_1_86' title='bbox 304 2029 394 2085; x_wconf 87' lang='lat' dir='ltr'><strong>eraut</strong></span> <span class='ocrx_word' id='word_1_87' title='bbox 407 2024 594 2086; x_wconf 88' lang='lat' dir='ltr'><strong>iniuriosius</strong></span> <span class='ocrx_word' id='word_1_88' title='bbox 610 2025 699 2088; x_wconf 87' lang='lat' dir='ltr'><strong>reiici</strong></span> <span class='ocrx_word' id='word_1_89' title='bbox 713 2025 979 2104; x_wconf 86' lang='lat' dir='ltr'><strong>Congregatlonis</strong></span> <span class='ocrx_word' id='word_1_90' title='bbox 994 2045 1048 2091; x_wconf 92' lang='lat' dir='ltr'><strong>vo-</strong></span> 
     </span>
     <span class='ocr_line' id='line_1_17' title="bbox 304 2118 1049 2194; baseline 0.007 -17"><span class='ocrx_word' id='word_1_91' title='bbox 304 2123 351 2189; x_wconf 88' lang='lat' dir='ltr'><strong>ta,</strong></span> <span class='ocrx_word' id='word_1_92' title='bbox 381 2131 478 2194; x_wconf 89' lang='lat' dir='ltr'><strong>quam</strong></span> <span class='ocrx_word' id='word_1_93' title='bbox 507 2118 724 2182; x_wconf 92' lang='lat' dir='ltr'><strong>denuntiando</strong></span> <span class='ocrx_word' id='word_1_94' title='bbox 754 2119 947 2183; x_wconf 90' lang='lat' dir='ltr'><strong>iniuriosum</strong></span> <span class='ocrx_word' id='word_1_95' title='bbox 975 2121 1049 2184; x_wconf 90' lang='lat' dir='ltr'><strong>reli-</strong></span> 
     </span>
     <span class='ocr_line' id='line_1_18' title="bbox 305 2209 1049 2290; baseline 0.009 -21"><span class='ocrx_word' id='word_1_96' title='bbox 305 2209 403 2286; x_wconf 90' lang='lat' dir='ltr'><strong>gioni,</strong></span> <span class='ocrx_word' id='word_1_97' title='bbox 427 2211 513 2288; x_wconf 92' lang='lat' dir='ltr'><strong>quod</strong></span> <span class='ocrx_word' id='word_1_98' title='bbox 534 2212 601 2290; x_wconf 90' lang='lat' dir='ltr'><strong>ipsa</strong></span> <span class='ocrx_word' id='word_1_99' title='bbox 621 2212 715 2275; x_wconf 87' lang='lat' dir='ltr'><strong>valde</strong></span> <span class='ocrx_word' id='word_1_100' title='bbox 735 2213 817 2276; x_wconf 88' lang='lat' dir='ltr'><strong>utile</strong></span> <span class='ocrx_word' id='word_1_101' title='bbox 832 2214 985 2288; x_wconf 81' lang='lat' dir='ltr'><strong>edixerat,</strong></span> <span class='ocrx_word' id='word_1_102' title='bbox 1002 2215 1049 2276; x_wconf 91' lang='lat' dir='ltr'><strong>in-</strong></span> 
     </span>
     <span class='ocr_line' id='line_1_19' title="bbox 304 2304 1049 2388; baseline 0.015 -28"><span class='ocrx_word' id='word_1_103' title='bbox 304 2316 402 2380; x_wconf 87' lang='lat' dir='ltr'><strong>super</strong></span> <span class='ocrx_word' id='word_1_104' title='bbox 424 2310 457 2365; x_wconf 76' lang='grc'><strong>61</strong></span> <span class='ocrx_word' id='word_1_105' title='bbox 478 2304 670 2382; x_wconf 88' lang='lat' dir='ltr'><strong>profitendo,</strong></span> <span class='ocrx_word' id='word_1_106' title='bbox 694 2307 822 2368; x_wconf 91' lang='lat' dir='ltr'><strong>nonnisi</strong></span> <span class='ocrx_word' id='word_1_107' title='bbox 843 2307 962 2370; x_wconf 91' lang='lat' dir='ltr'><strong>inllicto</strong></span> <span class='ocrx_word' id='word_1_108' title='bbox 977 2325 1049 2388; x_wconf 93' lang='lat' dir='ltr'><strong>pro-</strong></span> 
     </span>
     <span class='ocr_line' id='line_1_20' title="bbox 304 2396 1049 2473; baseline 0.012 -18"><span class='ocrx_word' id='word_1_109' title='bbox 304 2396 390 2473; x_wconf 92' lang='lat' dir='ltr'><strong>priae</strong></span> <span class='ocrx_word' id='word_1_110' title='bbox 419 2397 631 2461; x_wconf 91' lang='lat' dir='ltr'><strong>conscientiae</strong></span> <span class='ocrx_word' id='word_1_111' title='bbox 662 2399 880 2462; x_wconf 90' lang='lat' dir='ltr'><strong>inlensissimo</strong></span> <span class='ocrx_word' id='word_1_112' title='bbox 911 2401 1049 2464; x_wconf 91' lang='lat' dir='ltr'><strong>vulnere</strong></span> 
     </span>
     <span class='ocr_line' id='line_1_21' title="bbox 303 2488 1048 2572; baseline 0.009 -24"><span class='ocrx_word' id='word_1_113' title='bbox 303 2488 426 2551; x_wconf 89' lang='lat' dir='ltr'><strong>eisdem</strong></span> <span class='ocrx_word' id='word_1_114' title='bbox 443 2490 653 2554; x_wconf 85' lang='lat' dir='ltr'><strong>obsecundari</strong></span> <span class='ocrx_word' id='word_1_115' title='bbox 665 2508 767 2570; x_wconf 89' lang='lat' dir='ltr'><strong>posse.</strong></span> <span class='ocrx_word' id='word_1_116' title='bbox 782 2493 929 2557; x_wconf 87' lang='lat' dir='ltr'><strong>Proiecto</strong></span> <span class='ocrx_word' id='word_1_117' title='bbox 939 2495 965 2556; x_wconf 95' lang='lat' dir='ltr'><strong>si</strong></span> <span class='ocrx_word' id='word_1_118' title='bbox 977 2495 1048 2572; x_wconf 90' lang='lat' dir='ltr'><strong>quis</strong></span> 
     </span>
     <span class='ocr_line' id='line_1_22' title="bbox 303 2580 1049 2666; baseline 0.011 -24"><span class='ocrx_word' id='word_1_119' title='bbox 303 2580 426 2646; x_wconf 90' lang='lat' dir='ltr'><strong>inlerre</strong></span> <span class='ocrx_word' id='word_1_120' title='bbox 448 2600 489 2645; x_wconf 90' lang='lat' dir='ltr'><strong>ex</strong></span> <span class='ocrx_word' id='word_1_121' title='bbox 510 2585 559 2646; x_wconf 92' lang='lat' dir='ltr'><strong>bis</strong></span> <span class='ocrx_word' id='word_1_122' title='bbox 587 2586 698 2659; x_wconf 89' lang='lat' dir='ltr'><strong>vellet,</strong></span> <span class='ocrx_word' id='word_1_123' title='bbox 730 2587 840 2664; x_wconf 90' lang='lat' dir='ltr'><strong>quanti</strong></span> <span class='ocrx_word' id='word_1_124' title='bbox 869 2603 948 2666; x_wconf 92' lang='lat' dir='ltr'><strong>opus</strong></span> <span class='ocrx_word' id='word_1_125' title='bbox 976 2589 1049 2651; x_wconf 93' lang='lat' dir='ltr'><strong>talia</strong></span> 
     </span>
     <span class='ocr_line' id='line_1_23' title="bbox 303 2676 1048 2758; baseline 0.011 -24"><span class='ocrx_word' id='word_1_126' title='bbox 303 2676 556 2753; x_wconf 86' lang='lat' dir='ltr'><strong>respondentem</strong></span> <span class='ocrx_word' id='word_1_127' title='bbox 584 2677 739 2740; x_wconf 89' lang='lat' dir='ltr'><strong>habeatur</strong></span> <span class='ocrx_word' id='word_1_128' title='bbox 765 2679 846 2741; x_wconf 91' lang='lat' dir='ltr'><strong>dicta</strong></span> <span class='ocrx_word' id='word_1_129' title='bbox 866 2679 1048 2758; x_wconf 79' lang='lat' dir='ltr'><strong>Congrege-</strong></span> 
     </span>
     <span class='ocr_line' id='line_1_24' title="bbox 304 2767 1049 2850; baseline 0.008 -21"><span class='ocrx_word' id='word_1_130' title='bbox 304 2767 361 2841; x_wconf 87' lang='lat' dir='ltr'><strong>tio,</strong></span> <span class='ocrx_word' id='word_1_131' title='bbox 385 2784 461 2830; x_wconf 90' lang='lat' dir='ltr'><strong>eum</strong></span> <span class='ocrx_word' id='word_1_132' title='bbox 483 2769 589 2832; x_wconf 90' lang='lat' dir='ltr'><strong>lorsan</strong></span> <span class='ocrx_word' id='word_1_133' title='bbox 611 2786 676 2834; x_wconf 91' lang='lat' dir='ltr'><strong>non</strong></span> <span class='ocrx_word' id='word_1_134' title='bbox 698 2771 782 2834; x_wconf 88' lang='lat' dir='ltr'><strong>bene</strong></span> <span class='ocrx_word' id='word_1_135' title='bbox 798 2788 874 2850; x_wconf 89' lang='lat' dir='ltr'><strong>erga</strong></span> <span class='ocrx_word' id='word_1_136' title='bbox 888 2773 989 2850; x_wconf 92' lang='lat' dir='ltr'><strong>ipsam</strong></span> <span class='ocrx_word' id='word_1_137' title='bbox 1005 2774 1049 2835; x_wconf 90' lang='lat' dir='ltr'><strong>el-</strong></span> 
     </span>
     <span class='ocr_line' id='line_1_25' title="bbox 303 2862 1048 2942; baseline 0.009 -20"><span class='ocrx_word' id='word_1_138' title='bbox 303 2862 425 2923; x_wconf 89' lang='lat' dir='ltr'><strong>lectum</strong></span> <span class='ocrx_word' id='word_1_139' title='bbox 445 2862 609 2937; x_wconf 89' lang='lat' dir='ltr'><strong>iudicaret,</strong></span> <span class='ocrx_word' id='word_1_140' title='bbox 627 2879 724 2942; x_wconf 89' lang='lat' dir='ltr'><strong>quein</strong></span> <span class='ocrx_word' id='word_1_141' title='bbox 739 2871 847 2928; x_wconf 90' lang='lat' dir='ltr'><strong>tamen</strong></span> <span class='ocrx_word' id='word_1_142' title='bbox 862 2868 969 2930; x_wconf 92' lang='lat' dir='ltr'><strong>animo</strong></span> <span class='ocrx_word' id='word_1_143' title='bbox 983 2883 1048 2930; x_wconf 92' lang='lat' dir='ltr'><strong>non</strong></span> 
     </span>
     <span class='ocr_line' id='line_1_26' title="bbox 302 2954 1050 3038; baseline 0.011 -23"><span class='ocrx_word' id='word_1_144' title='bbox 302 2954 402 3017; x_wconf 90' lang='lat' dir='ltr'><strong>talem</strong></span> <span class='ocrx_word' id='word_1_145' title='bbox 425 2971 496 3018; x_wconf 87' lang='lat' dir='ltr'><strong>esse</strong></span> <span class='ocrx_word' id='word_1_146' title='bbox 517 2957 690 3019; x_wconf 87' lang='lat' dir='ltr'><strong>credimus.</strong></span> <span class='ocrx_word' id='word_1_147' title='bbox 716 2956 796 3030; x_wconf 85' lang='lat' dir='ltr'><strong>Quid</strong></span> <span class='ocrx_word' id='word_1_148' title='bbox 818 2965 982 3038; x_wconf 91' lang='lat' dir='ltr'><strong>praeterea</strong></span> <span class='ocrx_word' id='word_1_149' title='bbox 1003 2960 1050 3023; x_wconf 91' lang='lat' dir='ltr'><strong>le-</strong></span> 
     </span>
     <span class='ocr_line' id='line_1_27' title="bbox 303 3047 1048 3130; baseline 0.009 -22"><span class='ocrx_word' id='word_1_150' title='bbox 303 3047 397 3109; x_wconf 87' lang='lat' dir='ltr'><strong>suitis</strong></span> <span class='ocrx_word' id='word_1_151' title='bbox 418 3049 520 3126; x_wconf 88' lang='lat' dir='ltr'><strong>magis</strong></span> <span class='ocrx_word' id='word_1_152' title='bbox 542 3049 715 3128; x_wconf 92' lang='lat' dir='ltr'><strong>opprobrio</strong></span> <span class='ocrx_word' id='word_1_153' title='bbox 735 3067 805 3112; x_wconf 88' lang='lat' dir='ltr'><strong>esse</strong></span> <span class='ocrx_word' id='word_1_154' title='bbox 820 3057 935 3129; x_wconf 91' lang='lat' dir='ltr'><strong>potest,</strong></span> <span class='ocrx_word' id='word_1_155' title='bbox 953 3068 1048 3130; x_wconf 88' lang='lat' dir='ltr'><strong>quam</strong></span> 
     </span>
     <span class='ocr_line' id='line_1_28' title="bbox 303 3140 1049 3221; baseline 0.012 -21"><span class='ocrx_word' id='word_1_156' title='bbox 303 3141 348 3202; x_wconf 91' lang='lat' dir='ltr'><strong>sic</strong></span> <span class='ocrx_word' id='word_1_157' title='bbox 369 3140 526 3219; x_wconf 84' lang='lat' dir='ltr'><strong>probrose</strong></span> <span class='ocrx_word' id='word_1_158' title='bbox 547 3142 662 3221; x_wconf 90' lang='lat' dir='ltr'><strong>repelli</strong></span> <span class='ocrx_word' id='word_1_159' title='bbox 681 3144 917 3207; x_wconf 90' lang='lat' dir='ltr'><strong>amissionibus</strong></span> <span class='ocrx_word' id='word_1_160' title='bbox 932 3146 1049 3209; x_wconf 92' lang='lat' dir='ltr'><strong>adeun-</strong></span> 
     </span>
     <span class='ocr_line' id='line_1_29' title="bbox 304 3231 1049 3318; baseline 0.008 -24"><span class='ocrx_word' id='word_1_161' title='bbox 304 3231 374 3294; x_wconf 79' lang='lat' dir='ltr'><strong>dist</strong></span> <span class='ocrx_word' id='word_1_162' title='bbox 405 3233 559 3296; x_wconf 86' lang='lat' dir='ltr'><strong>Ceterum</strong></span> <span class='ocrx_word' id='word_1_163' title='bbox 588 3251 669 3313; x_wconf 90' lang='lat' dir='ltr'><strong>quae</strong></span> <span class='ocrx_word' id='word_1_164' title='bbox 697 3235 792 3298; x_wconf 91' lang='lat' dir='ltr'><strong>nimis</strong></span> <span class='ocrx_word' id='word_1_165' title='bbox 814 3238 892 3300; x_wconf 89' lang='lat' dir='ltr'><strong>dura</strong></span> <span class='ocrx_word' id='word_1_166' title='bbox 914 3239 1049 3318; x_wconf 90' lang='lat' dir='ltr'><strong>deipsis</strong></span> 
     </span>
     <span class='ocr_line' id='line_1_30' title="bbox 304 3325 1049 3394; baseline 0.009 -8"><span class='ocrx_word' id='word_1_167' title='bbox 304 3325 401 3388; x_wconf 89' lang='lat' dir='ltr'><strong>habet</strong></span> <span class='ocrx_word' id='word_1_168' title='bbox 421 3326 632 3390; x_wconf 90' lang='lat' dir='ltr'><strong>Londinensis</strong></span> <span class='ocrx_word' id='word_1_169' title='bbox 654 3327 798 3392; x_wconf 82' lang='lat' dir='ltr'><strong>Vlcarius</strong></span> <span class='ocrx_word' id='word_1_170' title='bbox 820 3329 918 3392; x_wconf 90' lang='lat' dir='ltr'><strong>verba</strong></span> <span class='ocrx_word' id='word_1_171' title='bbox 940 3348 975 3393; x_wconf 91' lang='lat' dir='ltr'><strong>ea</strong></span> <span class='ocrx_word' id='word_1_172' title='bbox 990 3331 1049 3394; x_wconf 91' lang='lat' dir='ltr'><strong>sibi</strong></span> 
     </span>
     <span class='ocr_line' id='line_1_31' title="bbox 306 3420 1047 3503; baseline 0.012 -23"><span class='ocrx_word' id='word_1_173' title='bbox 306 3420 407 3482; x_wconf 89' lang='lat' dir='ltr'><strong>veluti</strong></span> <span class='ocrx_word' id='word_1_174' title='bbox 435 3421 569 3485; x_wconf 89' lang='lat' dir='ltr'><strong>lortuito</strong></span> <span class='ocrx_word' id='word_1_175' title='bbox 599 3423 754 3486; x_wconf 85' lang='lat' dir='ltr'><strong>excidisse</strong></span> <span class='ocrx_word' id='word_1_176' title='bbox 783 3425 960 3503; x_wconf 90' lang='lat' dir='ltr'><strong>putandum</strong></span> <span class='ocrx_word' id='word_1_177' title='bbox 989 3433 1047 3502; x_wconf 89' lang='lat' dir='ltr'><strong>est,</strong></span> 
     </span>
     <span class='ocr_line' id='line_1_32' title="bbox 306 3515 1050 3594; baseline 0.008 -19"><span class='ocrx_word' id='word_1_178' title='bbox 306 3528 405 3590; x_wconf 92' lang='lat' dir='ltr'><strong>quum</strong></span> <span class='ocrx_word' id='word_1_179' title='bbox 437 3529 576 3592; x_wconf 91' lang='lat' dir='ltr'><strong>aequum</strong></span> <span class='ocrx_word' id='word_1_180' title='bbox 597 3515 638 3576; x_wconf 88' lang='lat' dir='ltr'><strong>sit</strong></span> <span class='ocrx_word' id='word_1_181' title='bbox 665 3515 804 3594; x_wconf 89' lang='lat' dir='ltr'><strong>opinari,</strong></span> <span class='ocrx_word' id='word_1_182' title='bbox 839 3533 915 3580; x_wconf 87' lang='lat' dir='ltr'><strong>euni</strong></span> <span class='ocrx_word' id='word_1_183' title='bbox 943 3518 1050 3582; x_wconf 91' lang='lat' dir='ltr'><strong>animo</strong></span> 
     </span>
     <span class='ocr_line' id='line_1_33' title="bbox 306 3607 1047 3688; baseline 0.005 -18"><span class='ocrx_word' id='word_1_184' title='bbox 306 3623 369 3670; x_wconf 92' lang='lat' dir='ltr'><strong>non</strong></span> <span class='ocrx_word' id='word_1_185' title='bbox 389 3607 561 3670; x_wconf 87' lang='lat' dir='ltr'><strong>dissentire</strong></span> <span class='ocrx_word' id='word_1_186' title='bbox 575 3625 592 3669; x_wconf 92' lang='lat' dir='ltr'><strong>a</strong></span> <span class='ocrx_word' id='word_1_187' title='bbox 606 3608 740 3686; x_wconf 91' lang='lat' dir='ltr'><strong>reliquis</strong></span> <span class='ocrx_word' id='word_1_188' title='bbox 754 3609 889 3688; x_wconf 80' lang='lat' dir='ltr'><strong>Angliae</strong></span> <span class='ocrx_word' id='word_1_189' title='bbox 903 3610 1047 3686; x_wconf 78' lang='lat' dir='ltr'><strong>vicariis,</strong></span> 
     </span>
     <span class='ocr_line' id='line_1_34' title="bbox 306 3700 1049 3779; baseline 0.008 -17"><span class='ocrx_word' id='word_1_190' title='bbox 306 3700 497 3777; x_wconf 85' lang='lat' dir='ltr'><strong>quibuscum</strong></span> <span class='ocrx_word' id='word_1_191' title='bbox 513 3701 656 3764; x_wconf 89' lang='lat' dir='ltr'><strong>doctrina</strong></span> <span class='ocrx_word' id='word_1_192' title='bbox 670 3717 703 3764; x_wconf 93' lang='lat' dir='ltr'><strong>ac</strong></span> <span class='ocrx_word' id='word_1_193' title='bbox 715 3702 881 3779; x_wconf 81' lang='lat' dir='ltr'><strong>religionis</strong></span> <span class='ocrx_word' id='word_1_194' title='bbox 894 3705 964 3766; x_wconf 88' lang='lat' dir='ltr'><strong>zelo</strong></span> <span class='ocrx_word' id='word_1_195' title='bbox 976 3721 1049 3768; x_wconf 95' lang='lat' dir='ltr'><strong>con-</strong></span> 
     </span>
     <span class='ocr_line' id='line_1_35' title="bbox 305 3795 1049 3874; baseline 0.007 -20"><span class='ocrx_word' id='word_1_196' title='bbox 305 3795 461 3871; x_wconf 89' lang='lat' dir='ltr'><strong>iungitur,</strong></span> <span class='ocrx_word' id='word_1_197' title='bbox 486 3810 631 3874; x_wconf 88' lang='lat' dir='ltr'><strong>quosque</strong></span> <span class='ocrx_word' id='word_1_198' title='bbox 657 3811 697 3858; x_wconf 91' lang='lat' dir='ltr'><strong>ex</strong></span> <span class='ocrx_word' id='word_1_199' title='bbox 719 3797 815 3858; x_wconf 88' lang='lat' dir='ltr'><strong>certis</strong></span> <span class='ocrx_word' id='word_1_200' title='bbox 837 3803 869 3858; x_wconf 89' lang='lat' dir='ltr'><strong>et</strong></span> <span class='ocrx_word' id='word_1_201' title='bbox 890 3797 1049 3859; x_wconf 87' lang='lat' dir='ltr'><strong>authenti-</strong></span> 
     </span>
     <span class='ocr_line' id='line_1_36' title="bbox 307 3886 1049 3966; baseline 0.004 -17"><span class='ocrx_word' id='word_1_202' title='bbox 307 3886 348 3949; x_wconf 91' lang='lat' dir='ltr'><strong>cis</strong></span> <span class='ocrx_word' id='word_1_203' title='bbox 363 3887 564 3951; x_wconf 86' lang='lat' dir='ltr'><strong>documentis</strong></span> <span class='ocrx_word' id='word_1_204' title='bbox 575 3889 608 3951; x_wconf 95' lang='lat' dir='ltr'><strong>in</strong></span> <span class='ocrx_word' id='word_1_205' title='bbox 620 3888 886 3966; x_wconf 83' lang='lat' dir='ltr'><strong>congregationis</strong></span> <span class='ocrx_word' id='word_1_206' title='bbox 898 3889 1049 3953; x_wconf 67' lang='lat' dir='ltr'><strong>archivio</strong></span> 
     </span>
     <span class='ocr_line' id='line_1_37' title="bbox 306 3981 1049 4062; baseline 0.005 -20"><span class='ocrx_word' id='word_1_207' title='bbox 306 3981 527 4056; x_wconf 83' lang='lat' dir='ltr'><strong>existentibus,</strong></span> <span class='ocrx_word' id='word_1_208' title='bbox 558 3981 649 4044; x_wconf 93' lang='lat' dir='ltr'><strong>nobis</strong></span> <span class='ocrx_word' id='word_1_209' title='bbox 677 3987 810 4055; x_wconf 89' lang='lat' dir='ltr'><strong>constat,</strong></span> <span class='ocrx_word' id='word_1_210' title='bbox 841 3983 1049 4062; x_wconf 92' lang='lat' dir='ltr'><strong>propensissi-</strong></span> 
     </span>
     <span class='ocr_line' id='line_1_38' title="bbox 306 4074 1048 4140; baseline 0.005 -4"><span class='ocrx_word' id='word_1_211' title='bbox 306 4089 374 4137; x_wconf 91' lang='lat' dir='ltr'><strong>mos</strong></span> <span class='ocrx_word' id='word_1_212' title='bbox 397 4091 468 4138; x_wconf 91' lang='lat' dir='ltr'><strong>esse</strong></span> <span class='ocrx_word' id='word_1_213' title='bbox 482 4075 516 4137; x_wconf 91' lang='lat' dir='ltr'><strong>in</strong></span> <span class='ocrx_word' id='word_1_214' title='bbox 530 4075 718 4137; x_wconf 87' lang='lat' dir='ltr'><strong>lesuitarum</strong></span> <span class='ocrx_word' id='word_1_215' title='bbox 734 4074 903 4138; x_wconf 90' lang='lat' dir='ltr'><strong>missiones</strong></span> <span class='ocrx_word' id='word_1_216' title='bbox 917 4077 988 4139; x_wconf 88' lang='lat' dir='ltr'><strong>istic</strong></span> <span class='ocrx_word' id='word_1_217' title='bbox 1003 4077 1048 4140; x_wconf 94' lang='lat' dir='ltr'><strong>lo-</strong></span> 
     </span>
     <span class='ocr_line' id='line_1_39' title="bbox 304 4167 1048 4242; baseline 0.007 -15"><span class='ocrx_word' id='word_1_218' title='bbox 304 4167 433 4230; x_wconf 90' lang='lat' dir='ltr'><strong>vendas.</strong></span> <span class='ocrx_word' id='word_1_219' title='bbox 456 4167 589 4230; x_wconf 90' lang='lat' dir='ltr'><strong>luterim</strong></span> <span class='ocrx_word' id='word_1_220' title='bbox 611 4167 841 4242; x_wconf 80' lang='lat' dir='ltr'><strong>animadverte,</strong></span> <span class='ocrx_word' id='word_1_221' title='bbox 864 4183 961 4231; x_wconf 86' lang='lat' dir='ltr'><strong>venii.</strong></span> <span class='ocrx_word' id='word_1_222' title='bbox 988 4171 1048 4232; x_wconf 90' lang='lat' dir='ltr'><strong>lra-</strong></span> 
     </span>
     <span class='ocr_line' id='line_1_40' title="bbox 304 4260 1047 4339; baseline 0.004 -17"><span class='ocrx_word' id='word_1_223' title='bbox 304 4266 362 4334; x_wconf 89' lang='lat' dir='ltr'><strong>ter,</strong></span> <span class='ocrx_word' id='word_1_224' title='bbox 397 4268 514 4339; x_wconf 90' lang='lat' dir='ltr'><strong>quanta</strong></span> <span class='ocrx_word' id='word_1_225' title='bbox 544 4260 745 4338; x_wconf 83' lang='lat' dir='ltr'><strong>indulgentia</strong></span> <span class='ocrx_word' id='word_1_226' title='bbox 772 4277 807 4323; x_wconf 91' lang='lat' dir='ltr'><strong>ac</strong></span> <span class='ocrx_word' id='word_1_227' title='bbox 828 4261 1047 4326; x_wconf 90' lang='lat' dir='ltr'><strong>moderatione</strong></span> 
     </span>
     <span class='ocr_line' id='line_1_41' title="bbox 305 4353 1047 4433; baseline 0.004 -17"><span class='ocrx_word' id='word_1_228' title='bbox 305 4370 359 4416; x_wconf 92' lang='lat' dir='ltr'><strong>usa</strong></span> <span class='ocrx_word' id='word_1_229' title='bbox 380 4353 480 4416; x_wconf 87' lang='lat' dir='ltr'><strong>luerit</strong></span> <span class='ocrx_word' id='word_1_230' title='bbox 508 4354 619 4416; x_wconf 91' lang='lat' dir='ltr'><strong>eadem</strong></span> <span class='ocrx_word' id='word_1_231' title='bbox 646 4353 874 4432; x_wconf 85' lang='lat' dir='ltr'><strong>Congregatio,</strong></span> <span class='ocrx_word' id='word_1_232' title='bbox 898 4370 979 4433; x_wconf 87' lang='lat' dir='ltr'><strong>quae</strong></span> <span class='ocrx_word' id='word_1_233' title='bbox 1000 4375 1047 4420; x_wconf 92' lang='lat' dir='ltr'><strong>ac-</strong></span> 
     </span>
     <span class='ocr_line' id='line_1_42' title="bbox 305 4446 1047 4528; baseline 0.003 -17"><span class='ocrx_word' id='word_1_234' title='bbox 305 4455 394 4528; x_wconf 91' lang='lat' dir='ltr'><strong>cepto</strong></span> <span class='ocrx_word' id='word_1_235' title='bbox 412 4446 599 4510; x_wconf 91' lang='lat' dir='ltr'><strong>huiusmodi</strong></span> <span class='ocrx_word' id='word_1_236' title='bbox 613 4446 878 4510; x_wconf 89' lang='lat' dir='ltr'><strong>iniucundisslmo</strong></span> <span class='ocrx_word' id='word_1_237' title='bbox 892 4464 1047 4528; x_wconf 89' lang='lat' dir='ltr'><strong>responso</strong></span> 
     </span>
     <span class='ocr_line' id='line_1_43' title="bbox 303 4539 1046 4620; baseline 0.001 -16"><span class='ocrx_word' id='word_1_238' title='bbox 303 4541 454 4604; x_wconf 87' lang='lat' dir='ltr'><strong>hactenns</strong></span> <span class='ocrx_word' id='word_1_239' title='bbox 469 4541 569 4613; x_wconf 89' lang='lat' dir='ltr'><strong>siluit,</strong></span> <span class='ocrx_word' id='word_1_240' title='bbox 582 4539 658 4602; x_wconf 91' lang='lat' dir='ltr'><strong>hinc</strong></span> <span class='ocrx_word' id='word_1_241' title='bbox 673 4547 705 4601; x_wconf 92' lang='lat' dir='ltr'><strong>et</strong></span> <span class='ocrx_word' id='word_1_242' title='bbox 718 4539 799 4602; x_wconf 93' lang='lat' dir='ltr'><strong>illud</strong></span> <span class='ocrx_word' id='word_1_243' title='bbox 811 4541 939 4604; x_wconf 92' lang='lat' dir='ltr'><strong>attende</strong></span> <span class='ocrx_word' id='word_1_244' title='bbox 951 4557 1046 4620; x_wconf 91' lang='lat' dir='ltr'><strong>quam</strong></span> 
     </span>
     <span class='ocr_line' id='line_1_44' title="bbox 304 4631 1046 4714; baseline 0.007 -20"><span class='ocrx_word' id='word_1_245' title='bbox 304 4632 412 4696; x_wconf 91' lang='lat' dir='ltr'><strong>subtili</strong></span> <span class='ocrx_word' id='word_1_246' title='bbox 443 4639 512 4696; x_wconf 85' lang='lat' dir='ltr'><strong>arte</strong></span> <span class='ocrx_word' id='word_1_247' title='bbox 540 4633 573 4694; x_wconf 94' lang='lat' dir='ltr'><strong>in</strong></span> <span class='ocrx_word' id='word_1_248' title='bbox 601 4631 802 4696; x_wconf 88' lang='lat' dir='ltr'><strong>llicariorum</strong></span> <span class='ocrx_word' id='word_1_249' title='bbox 834 4633 948 4696; x_wconf 90' lang='lat' dir='ltr'><strong>litteris</strong></span> <span class='ocrx_word' id='word_1_250' title='bbox 980 4637 1046 4714; x_wconf 91' lang='lat' dir='ltr'><strong>ipsa</strong></span> 
     </span>
     <span class='ocr_line' id='line_1_45' title="bbox 304 4725 1046 4806; baseline 0.005 -18"><span class='ocrx_word' id='word_1_251' title='bbox 304 4733 559 4806; x_wconf 90' lang='lat' dir='ltr'><strong>praemoneatur,</strong></span> <span class='ocrx_word' id='word_1_252' title='bbox 573 4742 614 4788; x_wconf 92' lang='lat' dir='ltr'><strong>ne</strong></span> <span class='ocrx_word' id='word_1_253' title='bbox 630 4725 715 4803; x_wconf 93' lang='lat' dir='ltr'><strong>quod</strong></span> <span class='ocrx_word' id='word_1_254' title='bbox 729 4725 763 4786; x_wconf 95' lang='lat' dir='ltr'><strong>in</strong></span> <span class='ocrx_word' id='word_1_255' title='bbox 774 4725 857 4788; x_wconf 89' lang='lat' dir='ltr'><strong>votis</strong></span> <span class='ocrx_word' id='word_1_256' title='bbox 871 4733 996 4790; x_wconf 87' lang='lat' dir='ltr'><strong>tantum</strong></span> <span class='ocrx_word' id='word_1_257' title='bbox 1011 4746 1046 4792; x_wconf 90' lang='lat' dir='ltr'><strong>se</strong></span> 
     </span>
     <span class='ocr_line' id='line_1_46' title="bbox 303 4819 1046 4897; baseline 0.007 -17"><span class='ocrx_word' id='word_1_258' title='bbox 303 4819 421 4882; x_wconf 90' lang='lat' dir='ltr'><strong>babere</strong></span> <span class='ocrx_word' id='word_1_259' title='bbox 441 4819 644 4897; x_wconf 90' lang='lat' dir='ltr'><strong>patelecerat‚</strong></span> <span class='ocrx_word' id='word_1_260' title='bbox 661 4819 694 4880; x_wconf 92' lang='lat' dir='ltr'><strong>id</strong></span> <span class='ocrx_word' id='word_1_261' title='bbox 709 4819 838 4880; x_wconf 92' lang='lat' dir='ltr'><strong>tandem</strong></span> <span class='ocrx_word' id='word_1_262' title='bbox 853 4819 945 4881; x_wconf 91' lang='lat' dir='ltr'><strong>iussis</strong></span> <span class='ocrx_word' id='word_1_263' title='bbox 961 4839 1046 4884; x_wconf 92' lang='lat' dir='ltr'><strong>coin-</strong></span> 
     </span>
     <span class='ocr_line' id='line_1_47' title="bbox 303 4911 1023 4991; baseline 0.001 -15"><span class='ocrx_word' id='word_1_264' title='bbox 303 4911 392 4991; x_wconf 88' lang='lat' dir='ltr'><strong>pl&#39;ere</strong></span> <span class='ocrx_word' id='word_1_265' title='bbox 413 4918 509 4990; x_wconf 89' lang='lat' dir='ltr'><strong>atque</strong></span> <span class='ocrx_word' id='word_1_266' title='bbox 530 4912 569 4974; x_wconf 88' lang='lat' dir='ltr'><strong>ad</strong></span> <span class='ocrx_word' id='word_1_267' title='bbox 590 4912 713 4974; x_wconf 84' lang='lat' dir='ltr'><strong>exitum</strong></span> <span class='ocrx_word' id='word_1_268' title='bbox 734 4911 912 4990; x_wconf 89' lang='lat' dir='ltr'><strong>perducere</strong></span> <span class='ocrx_word' id='word_1_269' title='bbox 934 4915 1023 4977; x_wconf 90' lang='lat' dir='ltr'><strong>velit.</strong></span> 
     </span>
     <span class='ocr_line' id='line_1_48' title="bbox 342 5005 1046 5083; baseline 0.006 -16"><span class='ocrx_word' id='word_1_270' title='bbox 342 5005 496 5069; x_wconf 85' lang='lat' dir='ltr'><strong>Mittimus</strong></span> <span class='ocrx_word' id='word_1_271' title='bbox 518 5011 625 5068; x_wconf 89' lang='lat' dir='ltr'><strong>autem</strong></span> <span class='ocrx_word' id='word_1_272' title='bbox 647 5021 728 5083; x_wconf 92' lang='lat' dir='ltr'><strong>quae</strong></span> <span class='ocrx_word' id='word_1_273' title='bbox 750 5005 789 5067; x_wconf 94' lang='lat' dir='ltr'><strong>de</strong></span> <span class='ocrx_word' id='word_1_274' title='bbox 811 5007 903 5068; x_wconf 92' lang='lat' dir='ltr'><strong>novis</strong></span> <span class='ocrx_word' id='word_1_275' title='bbox 923 5009 1046 5072; x_wconf 91' lang='lat' dir='ltr'><strong>missio-</strong></span> 
     </span>
     <span class='ocr_line' id='line_1_49' title="bbox 303 5099 1046 5180; baseline 0.005 -18"><span class='ocrx_word' id='word_1_276' title='bbox 303 5099 398 5162; x_wconf 86' lang='lat' dir='ltr'><strong>nibus</strong></span> <span class='ocrx_word' id='word_1_277' title='bbox 418 5099 614 5177; x_wconf 90' lang='lat' dir='ltr'><strong>assignandis</strong></span> <span class='ocrx_word' id='word_1_278' title='bbox 635 5099 669 5160; x_wconf 93' lang='lat' dir='ltr'><strong>in</strong></span> <span class='ocrx_word' id='word_1_279' title='bbox 688 5099 833 5162; x_wconf 88' lang='lat' dir='ltr'><strong>districtu</strong></span> <span class='ocrx_word' id='word_1_280' title='bbox 855 5104 1046 5180; x_wconf 88' lang='lat' dir='ltr'><strong>septentrio-</strong></span> 
     </span>
     <span class='ocr_line' id='line_1_50' title="bbox 303 5191 1046 5275; baseline 0.011 -23"><span class='ocrx_word' id='word_1_281' title='bbox 303 5192 365 5254; x_wconf 90' lang='lat' dir='ltr'><strong>nali</strong></span> <span class='ocrx_word' id='word_1_282' title='bbox 386 5192 547 5254; x_wconf 90' lang='lat' dir='ltr'><strong>llonacbis</strong></span> <span class='ocrx_word' id='word_1_283' title='bbox 566 5191 779 5254; x_wconf 89' lang='lat' dir='ltr'><strong>Benedictinis</strong></span> <span class='ocrx_word' id='word_1_284' title='bbox 794 5193 874 5257; x_wconf 90' lang='lat' dir='ltr'><strong>lalso</strong></span> <span class='ocrx_word' id='word_1_285' title='bbox 888 5197 1046 5275; x_wconf 89' lang='lat' dir='ltr'><strong>suspican-</strong></span> 
     </span>
     <span class='ocr_line' id='line_1_51' title="bbox 302 5284 1045 5365; baseline 0.008 -20"><span class='ocrx_word' id='word_1_286' title='bbox 302 5289 354 5346; x_wconf 88' lang='lat' dir='ltr'><strong>tur</strong></span> <span class='ocrx_word' id='word_1_287' title='bbox 375 5285 473 5348; x_wconf 91' lang='lat' dir='ltr'><strong>iidem</strong></span> <span class='ocrx_word' id='word_1_288' title='bbox 488 5284 624 5360; x_wconf 80' lang='lat' dir='ltr'><strong>Vicarii3</strong></span> <span class='ocrx_word' id='word_1_289' title='bbox 640 5291 689 5346; x_wconf 91' lang='lat' dir='ltr'><strong>est</strong></span> <span class='ocrx_word' id='word_1_290' title='bbox 704 5285 790 5347; x_wconf 92' lang='lat' dir='ltr'><strong>euim</strong></span> <span class='ocrx_word' id='word_1_291' title='bbox 805 5286 838 5349; x_wconf 94' lang='lat' dir='ltr'><strong>id</strong></span> <span class='ocrx_word' id='word_1_292' title='bbox 852 5288 945 5365; x_wconf 90' lang='lat' dir='ltr'><strong>plane</strong></span> <span class='ocrx_word' id='word_1_293' title='bbox 960 5305 1045 5351; x_wconf 91' lang='lat' dir='ltr'><strong>com·</strong></span> 
     </span>
     <span class='ocr_line' id='line_1_52' title="bbox 302 5377 1044 5456; baseline 0.007 -16"><span class='ocrx_word' id='word_1_294' title='bbox 302 5379 497 5440; x_wconf 89' lang='lat' dir='ltr'><strong>mentitium.</strong></span> <span class='ocrx_word' id='word_1_295' title='bbox 530 5377 702 5456; x_wconf 82' lang='lat' dir='ltr'><strong>Nunquam</strong></span> <span class='ocrx_word' id='word_1_296' title='bbox 730 5379 769 5441; x_wconf 89' lang='lat' dir='ltr'><strong>de</strong></span> <span class='ocrx_word' id='word_1_297' title='bbox 791 5379 977 5444; x_wconf 89' lang='lat' dir='ltr'><strong>huiusmodi</strong></span> <span class='ocrx_word' id='word_1_298' title='bbox 998 5401 1044 5445; x_wconf 92' lang='lat' dir='ltr'><strong>ca-</strong></span> 
     </span>
     <span class='ocr_line' id='line_1_53' title="bbox 301 5469 1045 5553; baseline 0.007 -21"><span class='ocrx_word' id='word_1_299' title='bbox 301 5469 417 5548; x_wconf 88' lang='lat' dir='ltr'><strong>piendo</strong></span> <span class='ocrx_word' id='word_1_300' title='bbox 446 5471 578 5534; x_wconf 89' lang='lat' dir='ltr'><strong>consilio</strong></span> <span class='ocrx_word' id='word_1_301' title='bbox 607 5478 712 5534; x_wconf 89' lang='lat' dir='ltr'><strong>actum</strong></span> <span class='ocrx_word' id='word_1_302' title='bbox 740 5473 842 5535; x_wconf 88' lang='lat' dir='ltr'><strong>estin</strong></span> <span class='ocrx_word' id='word_1_303' title='bbox 862 5473 1045 5553; x_wconf 84' lang='lat' dir='ltr'><strong>Congrege-</strong></span> 
     </span>
     <span class='ocr_line' id='line_1_54' title="bbox 301 5563 1046 5642; baseline 0.008 -18"><span class='ocrx_word' id='word_1_304' title='bbox 301 5563 398 5636; x_wconf 91' lang='lat' dir='ltr'><strong>tione,</strong></span> <span class='ocrx_word' id='word_1_305' title='bbox 412 5564 605 5642; x_wconf 90' lang='lat' dir='ltr'><strong>nullumque</strong></span> <span class='ocrx_word' id='word_1_306' title='bbox 617 5565 727 5627; x_wconf 90' lang='lat' dir='ltr'><strong>adhoc</strong></span> <span class='ocrx_word' id='word_1_307' title='bbox 739 5565 844 5628; x_wconf 90' lang='lat' dir='ltr'><strong>eidem</strong></span> <span class='ocrx_word' id='word_1_308' title='bbox 856 5566 973 5629; x_wconf 92' lang='lat' dir='ltr'><strong>lactum</strong></span> <span class='ocrx_word' id='word_1_309' title='bbox 985 5569 1046 5630; x_wconf 92' lang='lat' dir='ltr'><strong>luit</strong></span> 
     </span>
     <span class='ocr_line' id='line_1_55' title="bbox 301 5657 1044 5738; baseline 0.008 -20"><span class='ocrx_word' id='word_1_310' title='bbox 301 5657 452 5729; x_wconf 87' lang='lat' dir='ltr'><strong>officium,</strong></span> <span class='ocrx_word' id='word_1_311' title='bbox 475 5657 517 5719; x_wconf 89' lang='lat' dir='ltr'><strong>ita</strong></span> <span class='ocrx_word' id='word_1_312' title='bbox 537 5663 575 5720; x_wconf 91' lang='lat' dir='ltr'><strong>ut</strong></span> <span class='ocrx_word' id='word_1_313' title='bbox 595 5658 723 5736; x_wconf 91' lang='lat' dir='ltr'><strong>penitus</strong></span> <span class='ocrx_word' id='word_1_314' title='bbox 744 5658 810 5738; x_wconf 91' lang='lat' dir='ltr'><strong>ipsa</strong></span> <span class='ocrx_word' id='word_1_315' title='bbox 830 5659 960 5736; x_wconf 88' lang='lat' dir='ltr'><strong>ignoret</strong></span> <span class='ocrx_word' id='word_1_316' title='bbox 981 5676 1044 5738; x_wconf 93' lang='lat' dir='ltr'><strong>quo</strong></span> 
     </span>
     <span class='ocr_line' id='line_1_56' title="bbox 301 5749 1042 5817; baseline 0.008 -6"><span class='ocrx_word' id='word_1_317' title='bbox 301 5749 419 5812; x_wconf 89' lang='lat' dir='ltr'><strong>nitatur</strong></span> <span class='ocrx_word' id='word_1_318' title='bbox 439 5750 649 5813; x_wconf 81' lang='lat' dir='ltr'><strong>fundamento</strong></span> <span class='ocrx_word' id='word_1_319' title='bbox 671 5751 871 5815; x_wconf 73' lang='lat' dir='ltr'><strong>vicariorum</strong></span> <span class='ocrx_word' id='word_1_320' title='bbox 890 5755 1042 5817; x_wconf 90' lang='lat' dir='ltr'><strong>anxietas.</strong></span> 
     </span>
     <span class='ocr_line' id='line_1_57' title="bbox 342 5841 1044 5925; baseline 0.007 -20"><span class='ocrx_word' id='word_1_321' title='bbox 342 5841 405 5906; x_wconf 91' lang='lat' dir='ltr'><strong>Sed</strong></span> <span class='ocrx_word' id='word_1_322' title='bbox 432 5843 495 5906; x_wconf 89' lang='lat' dir='ltr'><strong>iam</strong></span> <span class='ocrx_word' id='word_1_323' title='bbox 517 5845 554 5907; x_wconf 92' lang='lat' dir='ltr'><strong>ad</strong></span> <span class='ocrx_word' id='word_1_324' title='bbox 582 5845 716 5908; x_wconf 90' lang='lat' dir='ltr'><strong>tertium</strong></span> <span class='ocrx_word' id='word_1_325' title='bbox 743 5847 911 5910; x_wconf 91' lang='lat' dir='ltr'><strong>veniamus</strong></span> <span class='ocrx_word' id='word_1_326' title='bbox 938 5849 1044 5925; x_wconf 93' lang='lat' dir='ltr'><strong>queri-</strong></span> 
     </span>
     <span class='ocr_line' id='line_1_58' title="bbox 301 5935 1044 6022; baseline 0.008 -22"><span class='ocrx_word' id='word_1_327' title='bbox 301 5935 482 6002; x_wconf 89' lang='lat' dir='ltr'><strong>moniarum</strong></span> <span class='ocrx_word' id='word_1_328' title='bbox 504 5944 610 6018; x_wconf 88' lang='lat' dir='ltr'><strong>caput:</strong></span> <span class='ocrx_word' id='word_1_329' title='bbox 628 5939 665 6004; x_wconf 90' lang='lat' dir='ltr'><strong>ad</strong></span> <span class='ocrx_word' id='word_1_330' title='bbox 681 5947 880 6022; x_wconf 90' lang='lat' dir='ltr'><strong>praetensam</strong></span> <span class='ocrx_word' id='word_1_331' title='bbox 894 5942 1044 6006; x_wconf 87' lang='lat' dir='ltr'><strong>videlicet</strong></span> 
     </span>
    </p>
   </div>
   <div class='ocr_carea' id='block_1_3' title="bbox 1101 718 1891 6026">
    <p class='ocr_par' dir='ltr' id='par_1_3' title="bbox 1103 718 1891 4437">
     <span class='ocr_line' id='line_1_59' title="bbox 1104 718 1848 802; baseline -0.001 -19"><span class='ocrx_word' id='word_1_332' title='bbox 1104 722 1312 786; x_wconf 85' lang='lat' dir='ltr'><strong>violationem</strong></span> <span class='ocrx_word' id='word_1_333' title='bbox 1333 723 1522 802; x_wconf 90' lang='lat' dir='ltr'><strong>regularum</strong></span> <span class='ocrx_word' id='word_1_334' title='bbox 1543 739 1560 784; x_wconf 92' lang='lat' dir='ltr'><strong>a</strong></span> <span class='ocrx_word' id='word_1_335' title='bbox 1578 719 1750 784; x_wconf 89' lang='lat' dir='ltr'><strong>Benedicto</strong></span> <span class='ocrx_word' id='word_1_336' title='bbox 1765 718 1848 782; x_wconf 86' lang='lat' dir='ltr'>XIV.</span> 
     </span>
     <span class='ocr_line' id='line_1_60' title="bbox 1105 812 1891 895; baseline -0.006 -19"><span class='ocrx_word' id='word_1_337' title='bbox 1105 815 1373 894; x_wconf 92' lang='lat' dir='ltr'><strong>praescriptarum</strong></span> <span class='ocrx_word' id='word_1_338' title='bbox 1395 814 1680 895; x_wconf 89' lang='lat' dir='ltr'><strong>promissionibus</strong></span> <span class='ocrx_word' id='word_1_339' title='bbox 1703 812 1849 890; x_wconf 78' lang='lat' dir='ltr'><strong>Anglica-</strong></span> <span class='ocrx_word' id='word_1_340' title='bbox 1889 865 1891 870; x_wconf 85' lang='lat'><strong>.</strong></span> 
     </span>
     <span class='ocr_line' id='line_1_61' title="bbox 1105 905 1847 988; baseline -0.008 -17"><span class='ocrx_word' id='word_1_341' title='bbox 1105 909 1153 971; x_wconf 90' lang='lat' dir='ltr'><strong>nis</strong></span> <span class='ocrx_word' id='word_1_342' title='bbox 1176 915 1208 971; x_wconf 88' lang='lat' dir='ltr'><strong>et</strong></span> <span class='ocrx_word' id='word_1_343' title='bbox 1230 909 1411 972; x_wconf 89' lang='lat' dir='ltr'><strong>litterarum</strong></span> <span class='ocrx_word' id='word_1_344' title='bbox 1433 907 1678 988; x_wconf 88' lang='lat' dir='ltr'><strong>apostolicarum</strong></span> <span class='ocrx_word' id='word_1_345' title='bbox 1700 905 1746 967; x_wconf 91' lang='lat' dir='ltr'><strong>Pii</strong></span> <span class='ocrx_word' id='word_1_346' title='bbox 1767 905 1847 977; x_wconf 78' lang='lat' dir='ltr'><strong>vll,</strong></span> 
     </span>
     <span class='ocr_line' id='line_1_62' title="bbox 1104 998 1850 1078; baseline -0.005 -16"><span class='ocrx_word' id='word_1_347' title='bbox 1104 1003 1205 1066; x_wconf 89' lang='lat' dir='ltr'><strong>relate</strong></span> <span class='ocrx_word' id='word_1_348' title='bbox 1220 1003 1257 1065; x_wconf 90' lang='lat' dir='ltr'><strong>ad</strong></span> <span class='ocrx_word' id='word_1_349' title='bbox 1273 1003 1439 1064; x_wconf 88' lang='lat' dir='ltr'><strong>decretum</strong></span> <span class='ocrx_word' id='word_1_350' title='bbox 1455 1000 1739 1078; x_wconf 84' lang='lat' dir='ltr'><strong>allongregatione</strong></span> <span class='ocrx_word' id='word_1_351' title='bbox 1755 998 1850 1060; x_wconf 91' lang='lat' dir='ltr'><strong>emis-</strong></span> 
     </span>
     <span class='ocr_line' id='line_1_63' title="bbox 1103 1090 1890 1170; baseline -0.008 -14"><span class='ocrx_word' id='word_1_352' title='bbox 1103 1111 1175 1157; x_wconf 92' lang='lat' dir='ltr'><strong>sum</strong></span> <span class='ocrx_word' id='word_1_353' title='bbox 1197 1112 1281 1158; x_wconf 91' lang='lat' dir='ltr'><strong>anno</strong></span> <span class='ocrx_word' id='word_1_354' title='bbox 1302 1111 1517 1166; x_wconf 76' lang='lat' dir='ltr'><strong>mccccxviii..</strong></span> <span class='ocrx_word' id='word_1_355' title='bbox 1541 1094 1579 1155; x_wconf 94' lang='lat' dir='ltr'><strong>ad</strong></span> <span class='ocrx_word' id='word_1_356' title='bbox 1600 1108 1676 1170; x_wconf 92' lang='lat' dir='ltr'><strong>quas</strong></span> <span class='ocrx_word' id='word_1_357' title='bbox 1691 1090 1851 1170; x_wconf 89' lang='lat' dir='ltr'><strong>appellant</strong></span> <span class='ocrx_word' id='word_1_358' title='bbox 1889 1136 1890 1140; x_wconf 62' lang='lat'><strong>,</strong></span> 
     </span>
     <span class='ocr_line' id='line_1_64' title="bbox 1105 1184 1850 1272; baseline -0.008 -21"><span class='ocrx_word' id='word_1_359' title='bbox 1105 1188 1220 1251; x_wconf 83' lang='lat' dir='ltr'><strong>Vlcaril</strong></span> <span class='ocrx_word' id='word_1_360' title='bbox 1249 1189 1339 1251; x_wconf 90' lang='lat' dir='ltr'><strong>culus</strong></span> <span class='ocrx_word' id='word_1_361' title='bbox 1368 1187 1551 1272; x_wconf 88' lang='lat' dir='ltr'><strong>violationis</strong></span> <span class='ocrx_word' id='word_1_362' title='bbox 1573 1186 1611 1247; x_wconf 92' lang='lat' dir='ltr'><strong>ab</strong></span> <span class='ocrx_word' id='word_1_363' title='bbox 1633 1185 1753 1248; x_wconf 88' lang='lat' dir='ltr'><strong>eisdem</strong></span> <span class='ocrx_word' id='word_1_364' title='bbox 1775 1184 1850 1246; x_wconf 88' lang='lat' dir='ltr'><strong>insl-</strong></span> 
     </span>
     <span class='ocr_line' id='line_1_65' title="bbox 1105 1278 1849 1358; baseline -0.009 -14"><span class='ocrx_word' id='word_1_365' title='bbox 1105 1282 1279 1355; x_wconf 91' lang='lat' dir='ltr'><strong>mulamur,</strong></span> <span class='ocrx_word' id='word_1_366' title='bbox 1293 1289 1364 1343; x_wconf 90' lang='lat' dir='ltr'><strong>tum</strong></span> <span class='ocrx_word' id='word_1_367' title='bbox 1375 1281 1409 1344; x_wconf 94' lang='lat' dir='ltr'><strong>in</strong></span> <span class='ocrx_word' id='word_1_368' title='bbox 1423 1281 1460 1342; x_wconf 93' lang='lat' dir='ltr'><strong>iis</strong></span> <span class='ocrx_word' id='word_1_369' title='bbox 1476 1295 1557 1358; x_wconf 91' lang='lat' dir='ltr'><strong>quae</strong></span> <span class='ocrx_word' id='word_1_370' title='bbox 1572 1278 1762 1350; x_wconf 90' lang='lat' dir='ltr'><strong>adniximus,</strong></span> <span class='ocrx_word' id='word_1_371' title='bbox 1779 1281 1849 1338; x_wconf 90' lang='lat' dir='ltr'><strong>tum</strong></span> 
     </span>
     <span class='ocr_line' id='line_1_66' title="bbox 1105 1372 1847 1452; baseline -0.007 -17"><span class='ocrx_word' id='word_1_372' title='bbox 1105 1374 1138 1436; x_wconf 92' lang='lat' dir='ltr'><strong>iii</strong></span> <span class='ocrx_word' id='word_1_373' title='bbox 1158 1375 1207 1447; x_wconf 85' lang='lat' dir='ltr'><strong>iis,</strong></span> <span class='ocrx_word' id='word_1_374' title='bbox 1232 1390 1313 1452; x_wconf 89' lang='lat' dir='ltr'><strong>quae</strong></span> <span class='ocrx_word' id='word_1_375' title='bbox 1336 1391 1394 1436; x_wconf 90' lang='lat' dir='ltr'><strong>nos</strong></span> <span class='ocrx_word' id='word_1_376' title='bbox 1416 1373 1577 1436; x_wconf 89' lang='lat' dir='ltr'><strong>edicturos</strong></span> <span class='ocrx_word' id='word_1_377' title='bbox 1599 1372 1658 1450; x_wconf 91' lang='lat' dir='ltr'><strong>ipsi</strong></span> <span class='ocrx_word' id='word_1_378' title='bbox 1680 1376 1847 1432; x_wconf 89' lang='lat' dir='ltr'><strong>verentur.</strong></span> 
     </span>
     <span class='ocr_line' id='line_1_67' title="bbox 1106 1467 1850 1546; baseline -0.008 -16"><span class='ocrx_word' id='word_1_379' title='bbox 1106 1467 1187 1530; x_wconf 90' lang='lat' dir='ltr'><strong>Sane</strong></span> <span class='ocrx_word' id='word_1_380' title='bbox 1209 1469 1285 1546; x_wconf 90' lang='lat' dir='ltr'><strong>quid</strong></span> <span class='ocrx_word' id='word_1_381' title='bbox 1309 1468 1437 1546; x_wconf 88' lang='lat' dir='ltr'><strong>gravius</strong></span> <span class='ocrx_word' id='word_1_382' title='bbox 1461 1474 1493 1529; x_wconf 90' lang='lat' dir='ltr'><strong>et</strong></span> <span class='ocrx_word' id='word_1_383' title='bbox 1513 1467 1620 1529; x_wconf 91' lang='lat' dir='ltr'><strong>animo</strong></span> <span class='ocrx_word' id='word_1_384' title='bbox 1639 1472 1749 1527; x_wconf 89' lang='lat' dir='ltr'><strong>nostro</strong></span> <span class='ocrx_word' id='word_1_385' title='bbox 1764 1479 1850 1526; x_wconf 89' lang='lat' dir='ltr'><strong>acer-</strong></span> 
     </span>
     <span class='ocr_line' id='line_1_68' title="bbox 1105 1555 1848 1624; baseline -0.009 -1"><span class='ocrx_word' id='word_1_386' title='bbox 1105 1561 1176 1624; x_wconf 92' lang='lat' dir='ltr'><strong>bius</strong></span> <span class='ocrx_word' id='word_1_387' title='bbox 1208 1561 1265 1623; x_wconf 89' lang='lat' dir='ltr'><strong>hac</strong></span> <span class='ocrx_word' id='word_1_388' title='bbox 1297 1561 1518 1624; x_wconf 74' lang='lat' dir='ltr'><strong>accusatione?</strong></span> <span class='ocrx_word' id='word_1_389' title='bbox 1549 1558 1738 1621; x_wconf 88' lang='lat' dir='ltr'><strong>Benedictus</strong></span> <span class='ocrx_word' id='word_1_390' title='bbox 1766 1555 1848 1618; x_wconf 84' lang='lat' dir='ltr'><strong>lllll.</strong></span> 
     </span>
     <span class='ocr_line' id='line_1_69' title="bbox 1105 1648 1850 1734; baseline -0.004 -19"><span class='ocrx_word' id='word_1_391' title='bbox 1105 1655 1309 1734; x_wconf 90' lang='lat' dir='ltr'><strong>praescripsit</strong></span> <span class='ocrx_word' id='word_1_392' title='bbox 1323 1654 1544 1726; x_wconf 89' lang='lat' dir='ltr'><strong>missiouariis,</strong></span> <span class='ocrx_word' id='word_1_393' title='bbox 1558 1651 1757 1728; x_wconf 78' lang='lat' dir='ltr'><strong>vicariisque</strong></span> <span class='ocrx_word' id='word_1_394' title='bbox 1769 1648 1850 1728; x_wconf 84' lang='lat' dir='ltr'><strong>llpo-</strong></span> 
     </span>
     <span class='ocr_line' id='line_1_70' title="bbox 1104 1743 1851 1826; baseline -0.007 -17"><span class='ocrx_word' id='word_1_395' title='bbox 1104 1749 1235 1820; x_wconf 90' lang='lat' dir='ltr'><strong>stolicis,</strong></span> <span class='ocrx_word' id='word_1_396' title='bbox 1260 1753 1453 1810; x_wconf 85' lang='lat' dir='ltr'><strong>nouantem</strong></span> <span class='ocrx_word' id='word_1_397' title='bbox 1483 1745 1558 1826; x_wconf 92' lang='lat' dir='ltr'><strong>ipsis</strong></span> <span class='ocrx_word' id='word_1_398' title='bbox 1582 1745 1723 1808; x_wconf 86' lang='lat' dir='ltr'><strong>Summis</strong></span> <span class='ocrx_word' id='word_1_399' title='bbox 1746 1743 1851 1806; x_wconf 91' lang='lat' dir='ltr'><strong>Ponti-</strong></span> 
     </span>
     <span class='ocr_line' id='line_1_71' title="bbox 1105 1837 1851 1919; baseline -0.007 -16"><span class='ocrx_word' id='word_1_400' title='bbox 1105 1841 1228 1914; x_wconf 91' lang='lat' dir='ltr'><strong>ficibus,</strong></span> <span class='ocrx_word' id='word_1_401' title='bbox 1253 1847 1285 1903; x_wconf 86' lang='lat' dir='ltr'><strong>et</strong></span> <span class='ocrx_word' id='word_1_402' title='bbox 1305 1842 1339 1904; x_wconf 92' lang='lat' dir='ltr'><strong>in</strong></span> <span class='ocrx_word' id='word_1_403' title='bbox 1361 1841 1563 1919; x_wconf 88' lang='lat' dir='ltr'><strong>praescriptis</strong></span> <span class='ocrx_word' id='word_1_404' title='bbox 1585 1857 1601 1900; x_wconf 91' lang='lat' dir='ltr'><strong>a</strong></span> <span class='ocrx_word' id='word_1_405' title='bbox 1619 1855 1653 1900; x_wconf 92' lang='lat' dir='ltr'><strong>se</strong></span> <span class='ocrx_word' id='word_1_406' title='bbox 1668 1837 1792 1915; x_wconf 89' lang='lat' dir='ltr'><strong>regulis</strong></span> <span class='ocrx_word' id='word_1_407' title='bbox 1807 1843 1851 1898; x_wconf 90' lang='lat' dir='ltr'><strong>at-</strong></span> 
     </span>
     <span class='ocr_line' id='line_1_72' title="bbox 1105 1929 1851 2012; baseline -0.008 -17"><span class='ocrx_word' id='word_1_408' title='bbox 1105 1949 1167 2012; x_wconf 90' lang='lat' dir='ltr'><strong>que</strong></span> <span class='ocrx_word' id='word_1_409' title='bbox 1189 1935 1315 1996; x_wconf 91' lang='lat' dir='ltr'><strong>statutis</strong></span> <span class='ocrx_word' id='word_1_410' title='bbox 1343 1934 1459 1996; x_wconf 91' lang='lat' dir='ltr'><strong>nullibi</strong></span> <span class='ocrx_word' id='word_1_411' title='bbox 1482 1933 1608 2006; x_wconf 86' lang='lat' dir='ltr'><strong>limitat,</strong></span> <span class='ocrx_word' id='word_1_412' title='bbox 1632 1947 1691 1994; x_wconf 90' lang='lat' dir='ltr'><strong>nec</strong></span> <span class='ocrx_word' id='word_1_413' title='bbox 1711 1929 1851 1992; x_wconf 89' lang='lat' dir='ltr'><strong>limitare</strong></span> 
     </span>
     <span class='ocr_line' id='line_1_73' title="bbox 1105 2025 1852 2102; baseline -0.008 -14"><span class='ocrx_word' id='word_1_414' title='bbox 1105 2027 1266 2090; x_wconf 88' lang='lat' dir='ltr'><strong>intellexit</strong></span> <span class='ocrx_word' id='word_1_415' title='bbox 1279 2026 1413 2090; x_wconf 85' lang='lat' dir='ltr'><strong>Romani</strong></span> <span class='ocrx_word' id='word_1_416' title='bbox 1428 2025 1587 2088; x_wconf 84' lang='lat' dir='ltr'><strong>Pontificis</strong></span> <span class='ocrx_word' id='word_1_417' title='bbox 1599 2028 1801 2102; x_wconf 87' lang='lat' dir='ltr'><strong>potestatem,</strong></span> <span class='ocrx_word' id='word_1_418' title='bbox 1814 2027 1852 2082; x_wconf 88' lang='lat' dir='ltr'><strong>ut</strong></span> 
     </span>
     <span class='ocr_line' id='line_1_74' title="bbox 1105 2117 1851 2198; baseline -0.011 -16"><span class='ocrx_word' id='word_1_419' title='bbox 1105 2137 1164 2183; x_wconf 92' lang='lat' dir='ltr'><strong>uec</strong></span> <span class='ocrx_word' id='word_1_420' title='bbox 1186 2120 1373 2182; x_wconf 78' lang='lat' dir='ltr'><strong>visitatores</strong></span> <span class='ocrx_word' id='word_1_421' title='bbox 1389 2117 1588 2198; x_wconf 82' lang='lat' dir='ltr'><strong>Apostolicos</strong></span> <span class='ocrx_word' id='word_1_422' title='bbox 1610 2117 1766 2194; x_wconf 90' lang='lat' dir='ltr'><strong>deputare</strong></span> <span class='ocrx_word' id='word_1_423' title='bbox 1780 2130 1851 2193; x_wconf 92' lang='lat' dir='ltr'><strong>pos-</strong></span> 
     </span>
     <span class='ocr_line' id='line_1_75' title="bbox 1105 2207 1851 2291; baseline -0.012 -15"><span class='ocrx_word' id='word_1_424' title='bbox 1105 2222 1163 2288; x_wconf 90' lang='lat' dir='ltr'><strong>set,</strong></span> <span class='ocrx_word' id='word_1_425' title='bbox 1194 2230 1300 2291; x_wconf 91' lang='lat' dir='ltr'><strong>neque</strong></span> <span class='ocrx_word' id='word_1_426' title='bbox 1329 2213 1397 2275; x_wconf 95' lang='lat' dir='ltr'><strong>ullo</strong></span> <span class='ocrx_word' id='word_1_427' title='bbox 1418 2213 1452 2274; x_wconf 92' lang='lat' dir='ltr'><strong>iu</strong></span> <span class='ocrx_word' id='word_1_428' title='bbox 1473 2227 1546 2274; x_wconf 90' lang='lat' dir='ltr'><strong>casu</strong></span> <span class='ocrx_word' id='word_1_429' title='bbox 1574 2209 1669 2273; x_wconf 91' lang='lat' dir='ltr'><strong>alicui</strong></span> <span class='ocrx_word' id='word_1_430' title='bbox 1698 2224 1738 2270; x_wconf 93' lang='lat' dir='ltr'><strong>ex</strong></span> <span class='ocrx_word' id='word_1_431' title='bbox 1759 2207 1851 2269; x_wconf 91' lang='lat' dir='ltr'><strong>dictis</strong></span> 
     </span>
     <span class='ocr_line' id='line_1_76' title="bbox 1105 2302 1850 2385; baseline -0.008 -16"><span class='ocrx_word' id='word_1_432' title='bbox 1105 2307 1227 2385; x_wconf 89' lang='lat' dir='ltr'><strong>regulis</strong></span> <span class='ocrx_word' id='word_1_433' title='bbox 1246 2307 1414 2384; x_wconf 89' lang='lat' dir='ltr'><strong>derogare.</strong></span> <span class='ocrx_word' id='word_1_434' title='bbox 1431 2304 1555 2368; x_wconf 79' lang='lat' dir='ltr'><strong>Verum</strong></span> <span class='ocrx_word' id='word_1_435' title='bbox 1570 2320 1629 2366; x_wconf 91' lang='lat' dir='ltr'><strong>nec</strong></span> <span class='ocrx_word' id='word_1_436' title='bbox 1643 2302 1850 2366; x_wconf 83' lang='lat' dir='ltr'><strong>enunciatum</strong></span> 
     </span>
     <span class='ocr_line' id='line_1_77' title="bbox 1105 2394 1851 2476; baseline -0.009 -14"><span class='ocrx_word' id='word_1_437' title='bbox 1105 2402 1208 2463; x_wconf 90' lang='lat' dir='ltr'><strong>Breve</strong></span> <span class='ocrx_word' id='word_1_438' title='bbox 1229 2417 1246 2460; x_wconf 96' lang='lat' dir='ltr'><strong>a</strong></span> <span class='ocrx_word' id='word_1_439' title='bbox 1267 2399 1357 2462; x_wconf 91' lang='lat' dir='ltr'><strong>nobis</strong></span> <span class='ocrx_word' id='word_1_440' title='bbox 1378 2405 1532 2476; x_wconf 91' lang='lat' dir='ltr'><strong>utsupra</strong></span> <span class='ocrx_word' id='word_1_441' title='bbox 1554 2398 1674 2468; x_wconf 91' lang='lat' dir='ltr'><strong>datum,</strong></span> <span class='ocrx_word' id='word_1_442' title='bbox 1691 2397 1772 2457; x_wconf 92' lang='lat' dir='ltr'><strong>circa</strong></span> <span class='ocrx_word' id='word_1_443' title='bbox 1787 2394 1851 2456; x_wconf 86' lang='grc' dir='ltr'><strong>Μο-</strong></span> 
     </span>
     <span class='ocr_line' id='line_1_78' title="bbox 1105 2488 1851 2572; baseline -0.009 -15"><span class='ocrx_word' id='word_1_444' title='bbox 1105 2495 1204 2557; x_wconf 92' lang='lat' dir='ltr'><strong>nlales</strong></span> <span class='ocrx_word' id='word_1_445' title='bbox 1223 2493 1305 2572; x_wconf 91' lang='lat' dir='ltr'><strong>apud</strong></span> <span class='ocrx_word' id='word_1_446' title='bbox 1320 2491 1535 2568; x_wconf 86' lang='lat' dir='ltr'><strong>Gannlngton,</strong></span> <span class='ocrx_word' id='word_1_447' title='bbox 1553 2505 1659 2567; x_wconf 90' lang='lat' dir='ltr'><strong>neque</strong></span> <span class='ocrx_word' id='word_1_448' title='bbox 1674 2491 1713 2552; x_wconf 92' lang='lat' dir='ltr'><strong>de</strong></span> <span class='ocrx_word' id='word_1_449' title='bbox 1728 2488 1851 2567; x_wconf 91' lang='lat' dir='ltr'><strong>templo</strong></span> 
     </span>
     <span class='ocr_line' id='line_1_79' title="bbox 1104 2582 1851 2660; baseline -0.008 -10"><span class='ocrx_word' id='word_1_450' title='bbox 1104 2587 1300 2651; x_wconf 91' lang='lat' dir='ltr'><strong>Londinensi</strong></span> <span class='ocrx_word' id='word_1_451' title='bbox 1315 2586 1439 2649; x_wconf 91' lang='lat' dir='ltr'><strong>lesuitis</strong></span> <span class='ocrx_word' id='word_1_452' title='bbox 1455 2583 1609 2646; x_wconf 90' lang='lat' dir='ltr'><strong>tradendo</strong></span> <span class='ocrx_word' id='word_1_453' title='bbox 1621 2582 1851 2660; x_wconf 85' lang='lat' dir='ltr'><strong>Congregatio-</strong></span> 
     </span>
     <span class='ocr_line' id='line_1_80' title="bbox 1105 2675 1848 2752; baseline -0.013 -8"><span class='ocrx_word' id='word_1_454' title='bbox 1105 2684 1154 2744; x_wconf 90' lang='lat' dir='ltr'><strong>nis</strong></span> <span class='ocrx_word' id='word_1_455' title='bbox 1175 2688 1288 2744; x_wconf 89' lang='lat' dir='ltr'><strong>votum</strong></span> <span class='ocrx_word' id='word_1_456' title='bbox 1310 2680 1495 2742; x_wconf 88' lang='lat' dir='ltr'><strong>adversatur</strong></span> <span class='ocrx_word' id='word_1_457' title='bbox 1513 2675 1700 2738; x_wconf 89' lang='lat' dir='ltr'><strong>huiusmodi</strong></span> <span class='ocrx_word' id='word_1_458' title='bbox 1714 2675 1848 2752; x_wconf 89' lang='lat' dir='ltr'><strong>regulis.</strong></span> 
     </span>
     <span class='ocr_line' id='line_1_81' title="bbox 1107 2768 1850 2852; baseline -0.011 -15"><span class='ocrx_word' id='word_1_459' title='bbox 1107 2775 1271 2852; x_wconf 89' lang='lat' dir='ltr'><strong>Siquidem</strong></span> <span class='ocrx_word' id='word_1_460' title='bbox 1294 2773 1333 2834; x_wconf 92' lang='lat' dir='ltr'><strong>de</strong></span> <span class='ocrx_word' id='word_1_461' title='bbox 1355 2770 1544 2833; x_wconf 89' lang='lat' dir='ltr'><strong>llonialibus</strong></span> <span class='ocrx_word' id='word_1_462' title='bbox 1567 2785 1621 2830; x_wconf 91' lang='lat' dir='ltr'><strong>eae</strong></span> <span class='ocrx_word' id='word_1_463' title='bbox 1638 2768 1770 2845; x_wconf 91' lang='lat' dir='ltr'><strong>regulae</strong></span> <span class='ocrx_word' id='word_1_464' title='bbox 1785 2783 1850 2830; x_wconf 94' lang='lat' dir='ltr'><strong>non</strong></span> 
     </span>
     <span class='ocr_line' id='line_1_82' title="bbox 1105 2860 1850 2945; baseline -0.013 -15"><span class='ocrx_word' id='word_1_465' title='bbox 1105 2869 1286 2945; x_wconf 90' lang='lat' dir='ltr'><strong>loquuntur</strong></span> <span class='ocrx_word' id='word_1_466' title='bbox 1308 2881 1367 2927; x_wconf 92' lang='lat' dir='ltr'><strong>nec</strong></span> <span class='ocrx_word' id='word_1_467' title='bbox 1389 2863 1478 2940; x_wconf 91' lang='lat' dir='ltr'><strong>loqui</strong></span> <span class='ocrx_word' id='word_1_468' title='bbox 1499 2866 1657 2940; x_wconf 92' lang='lat' dir='ltr'><strong>poterant,</strong></span> <span class='ocrx_word' id='word_1_469' title='bbox 1681 2861 1800 2940; x_wconf 91' lang='lat' dir='ltr'><strong>quippe</strong></span> <span class='ocrx_word' id='word_1_470' title='bbox 1814 2860 1850 2920; x_wconf 92' lang='lat' dir='ltr'><strong>il-</strong></span> 
     </span>
     <span class='ocr_line' id='line_1_83' title="bbox 1105 2954 1850 3024; baseline -0.012 -1"><span class='ocrx_word' id='word_1_471' title='bbox 1105 2961 1210 3024; x_wconf 91' lang='lat' dir='ltr'><strong>larum</strong></span> <span class='ocrx_word' id='word_1_472' title='bbox 1232 2975 1297 3021; x_wconf 91' lang='lat' dir='ltr'><strong>non</strong></span> <span class='ocrx_word' id='word_1_473' title='bbox 1320 2955 1470 3020; x_wconf 86' lang='lat' dir='ltr'><strong>extabant</strong></span> <span class='ocrx_word' id='word_1_474' title='bbox 1490 2955 1561 3016; x_wconf 90' lang='lat' dir='ltr'><strong>istic</strong></span> <span class='ocrx_word' id='word_1_475' title='bbox 1575 2954 1782 3016; x_wconf 88' lang='lat' dir='ltr'><strong>monasteria:</strong></span> <span class='ocrx_word' id='word_1_476' title='bbox 1801 2969 1850 3015; x_wconf 92' lang='lat' dir='ltr'><strong>re-</strong></span> 
     </span>
     <span class='ocr_line' id='line_1_84' title="bbox 1107 3049 1850 3132; baseline -0.009 -15"><span class='ocrx_word' id='word_1_477' title='bbox 1107 3054 1268 3132; x_wconf 86' lang='lat' dir='ltr'><strong>gularium</strong></span> <span class='ocrx_word' id='word_1_478' title='bbox 1296 3058 1404 3114; x_wconf 90' lang='lat' dir='ltr'><strong>autem</strong></span> <span class='ocrx_word' id='word_1_479' title='bbox 1430 3049 1670 3128; x_wconf 90' lang='lat' dir='ltr'><strong>exemptionem</strong></span> <span class='ocrx_word' id='word_1_480' title='bbox 1699 3063 1850 3126; x_wconf 90' lang='lat' dir='ltr'><strong>expresse</strong></span> 
     </span>
     <span class='ocr_line' id='line_1_85' title="bbox 1106 3141 1850 3218; baseline -0.009 -10"><span class='ocrx_word' id='word_1_481' title='bbox 1106 3148 1294 3218; x_wconf 91' lang='lat' dir='ltr'><strong>admittunt,</strong></span> <span class='ocrx_word' id='word_1_482' title='bbox 1324 3145 1425 3206; x_wconf 90' lang='lat' dir='ltr'><strong>immo</strong></span> <span class='ocrx_word' id='word_1_483' title='bbox 1454 3148 1486 3205; x_wconf 90' lang='lat' dir='ltr'><strong>et</strong></span> <span class='ocrx_word' id='word_1_484' title='bbox 1514 3141 1700 3204; x_wconf 88' lang='lat' dir='ltr'><strong>inviolatam</strong></span> <span class='ocrx_word' id='word_1_485' title='bbox 1728 3141 1850 3202; x_wconf 91' lang='lat' dir='ltr'><strong>servari</strong></span> 
     </span>
     <span class='ocr_line' id='line_1_86' title="bbox 1106 3234 1851 3318; baseline -0.009 -17"><span class='ocrx_word' id='word_1_486' title='bbox 1106 3240 1304 3318; x_wconf 88' lang='lat' dir='ltr'><strong>praecipiunt</strong></span> <span class='ocrx_word' id='word_1_487' title='bbox 1324 3239 1358 3300; x_wconf 93' lang='lat' dir='ltr'><strong>in</strong></span> <span class='ocrx_word' id='word_1_488' title='bbox 1378 3237 1427 3310; x_wconf 92' lang='lat' dir='ltr'><strong>iis,</strong></span> <span class='ocrx_word' id='word_1_489' title='bbox 1446 3251 1527 3314; x_wconf 88' lang='lat' dir='ltr'><strong>quae</strong></span> <span class='ocrx_word' id='word_1_490' title='bbox 1548 3236 1587 3298; x_wconf 90' lang='lat' dir='ltr'><strong>ad</strong></span> <span class='ocrx_word' id='word_1_491' title='bbox 1607 3234 1796 3310; x_wconf 89' lang='lat' dir='ltr'><strong>regularum</strong></span> <span class='ocrx_word' id='word_1_492' title='bbox 1818 3240 1851 3294; x_wconf 92' lang='lat' dir='ltr'><strong>et</strong></span> 
     </span>
     <span class='ocr_line' id='line_1_87' title="bbox 1105 3327 1851 3408; baseline -0.015 -10"><span class='ocrx_word' id='word_1_493' title='bbox 1105 3333 1371 3398; x_wconf 89' lang='lat' dir='ltr'><strong>constitutionum</strong></span> <span class='ocrx_word' id='word_1_494' title='bbox 1383 3328 1509 3392; x_wconf 86' lang='lat' dir='ltr'><strong>Ordinis</strong></span> <span class='ocrx_word' id='word_1_495' title='bbox 1523 3327 1694 3408; x_wconf 90' lang='lat' dir='ltr'><strong>respectivi</strong></span> <span class='ocrx_word' id='word_1_496' title='bbox 1707 3333 1851 3405; x_wconf 88' lang='lat' dir='ltr'><strong>spectant</strong></span> 
     </span>
     <span class='ocr_line' id='line_1_88' title="bbox 1107 3419 1850 3500; baseline -0.013 -8"><span class='ocrx_word' id='word_1_497' title='bbox 1107 3426 1342 3492; x_wconf 87' lang='lat' dir='ltr'><strong>observantiam</strong></span> <span class='ocrx_word' id='word_1_498' title='bbox 1364 3441 1398 3487; x_wconf 90' lang='lat' dir='ltr'><strong>ac</strong></span> <span class='ocrx_word' id='word_1_499' title='bbox 1413 3422 1623 3500; x_wconf 90' lang='lat' dir='ltr'><strong>disciplinam,</strong></span> <span class='ocrx_word' id='word_1_500' title='bbox 1641 3427 1673 3482; x_wconf 89' lang='lat' dir='ltr'><strong>et</strong></span> <span class='ocrx_word' id='word_1_501' title='bbox 1687 3419 1793 3483; x_wconf 91' lang='lat' dir='ltr'><strong>solum</strong></span> <span class='ocrx_word' id='word_1_502' title='bbox 1809 3437 1850 3483; x_wconf 91' lang='lat' dir='ltr'><strong>ne</strong></span> 
     </span>
     <span class='ocr_line' id='line_1_89' title="bbox 1106 3513 1850 3593; baseline -0.011 -9"><span class='ocrx_word' id='word_1_503' title='bbox 1106 3525 1275 3585; x_wconf 90' lang='lat' dir='ltr'><strong>nascantur</strong></span> <span class='ocrx_word' id='word_1_504' title='bbox 1302 3533 1376 3580; x_wconf 92' lang='lat' dir='ltr'><strong>cum</strong></span> <span class='ocrx_word' id='word_1_505' title='bbox 1397 3515 1529 3578; x_wconf 85' lang='lat' dir='ltr'><strong>Vicariis</strong></span> <span class='ocrx_word' id='word_1_506' title='bbox 1551 3513 1741 3593; x_wconf 79' lang='lat' dir='ltr'><strong>Apostolicls</strong></span> <span class='ocrx_word' id='word_1_507' title='bbox 1763 3515 1850 3576; x_wconf 92' lang='lat' dir='ltr'><strong>colli-</strong></span> 
     </span>
     <span class='ocr_line' id='line_1_90' title="bbox 1106 3607 1850 3689; baseline -0.009 -12"><span class='ocrx_word' id='word_1_508' title='bbox 1106 3615 1212 3677; x_wconf 91' lang='lat' dir='ltr'><strong>siones</strong></span> <span class='ocrx_word' id='word_1_509' title='bbox 1234 3619 1267 3675; x_wconf 93' lang='lat' dir='ltr'><strong>et</strong></span> <span class='ocrx_word' id='word_1_510' title='bbox 1287 3611 1392 3688; x_wconf 89' lang='lat' dir='ltr'><strong>iurgia</strong></span> <span class='ocrx_word' id='word_1_511' title='bbox 1414 3609 1577 3689; x_wconf 88' lang='lat' dir='ltr'><strong>aptissime</strong></span> <span class='ocrx_word' id='word_1_512' title='bbox 1592 3607 1803 3670; x_wconf 90' lang='lat' dir='ltr'><strong>moderantur</strong></span> <span class='ocrx_word' id='word_1_513' title='bbox 1816 3609 1850 3670; x_wconf 94' lang='lat' dir='ltr'><strong>in</strong></span> 
     </span>
     <span class='ocr_line' id='line_1_91' title="bbox 1105 3699 1851 3784; baseline -0.011 -14"><span class='ocrx_word' id='word_1_514' title='bbox 1105 3709 1143 3770; x_wconf 91' lang='lat' dir='ltr'><strong>iis</strong></span> <span class='ocrx_word' id='word_1_515' title='bbox 1165 3721 1246 3784; x_wconf 87' lang='lat' dir='ltr'><strong>quae</strong></span> <span class='ocrx_word' id='word_1_516' title='bbox 1274 3704 1404 3783; x_wconf 91' lang='lat' dir='ltr'><strong>proprie</strong></span> <span class='ocrx_word' id='word_1_517' title='bbox 1434 3700 1609 3779; x_wconf 90' lang='lat' dir='ltr'><strong>respiciunt</strong></span> <span class='ocrx_word' id='word_1_518' title='bbox 1633 3699 1797 3762; x_wconf 91' lang='lat' dir='ltr'><strong>lacultates</strong></span> <span class='ocrx_word' id='word_1_519' title='bbox 1818 3707 1851 3762; x_wconf 90' lang='lat' dir='ltr'><strong>et</strong></span> 
     </span>
     <span class='ocr_line' id='line_1_92' title="bbox 1106 3792 1847 3870; baseline -0.009 -9"><span class='ocrx_word' id='word_1_520' title='bbox 1106 3797 1304 3862; x_wconf 88' lang='lat' dir='ltr'><strong>missiouaria</strong></span> <span class='ocrx_word' id='word_1_521' title='bbox 1324 3811 1471 3858; x_wconf 92' lang='lat' dir='ltr'><strong>munera.</strong></span> <span class='ocrx_word' id='word_1_522' title='bbox 1495 3793 1639 3870; x_wconf 86' lang='lat' dir='ltr'><strong>Denique</strong></span> <span class='ocrx_word' id='word_1_523' title='bbox 1653 3793 1692 3854; x_wconf 91' lang='lat' dir='ltr'><strong>ad</strong></span> <span class='ocrx_word' id='word_1_524' title='bbox 1706 3792 1847 3866; x_wconf 93' lang='lat' dir='ltr'><strong>lesuitas,</strong></span> 
     </span>
     <span class='ocr_line' id='line_1_93' title="bbox 1106 3886 1851 3971; baseline -0.009 -16"><span class='ocrx_word' id='word_1_525' title='bbox 1106 3893 1192 3971; x_wconf 91' lang='lat' dir='ltr'><strong>quod</strong></span> <span class='ocrx_word' id='word_1_526' title='bbox 1213 3891 1337 3962; x_wconf 87' lang='lat' dir='ltr'><strong>attinet,</strong></span> <span class='ocrx_word' id='word_1_527' title='bbox 1360 3888 1419 3966; x_wconf 93' lang='lat' dir='ltr'><strong>ipsi</strong></span> <span class='ocrx_word' id='word_1_528' title='bbox 1440 3888 1526 3949; x_wconf 90' lang='lat' dir='ltr'><strong>inter</strong></span> <span class='ocrx_word' id='word_1_529' title='bbox 1544 3886 1731 3965; x_wconf 90' lang='lat' dir='ltr'><strong>praecipuos</strong></span> <span class='ocrx_word' id='word_1_530' title='bbox 1746 3886 1851 3963; x_wconf 90' lang='lat' dir='ltr'><strong>Regu-</strong></span> 
     </span>
     <span class='ocr_line' id='line_1_94' title="bbox 1105 3979 1850 4060; baseline -0.008 -12"><span class='ocrx_word' id='word_1_531' title='bbox 1105 3986 1187 4048; x_wconf 91' lang='lat' dir='ltr'><strong>lares</strong></span> <span class='ocrx_word' id='word_1_532' title='bbox 1210 3982 1342 4060; x_wconf 79' lang='lat' dir='ltr'><strong>angliae</strong></span> <span class='ocrx_word' id='word_1_533' title='bbox 1364 3981 1580 4042; x_wconf 89' lang='lat' dir='ltr'><strong>missiouarlos</strong></span> <span class='ocrx_word' id='word_1_534' title='bbox 1601 3980 1635 4042; x_wconf 93' lang='lat' dir='ltr'><strong>in</strong></span> <span class='ocrx_word' id='word_1_535' title='bbox 1651 3979 1740 4042; x_wconf 89' lang='lat' dir='ltr'><strong>dictis</strong></span> <span class='ocrx_word' id='word_1_536' title='bbox 1755 3996 1850 4058; x_wconf 92' lang='lat' dir='ltr'><strong>regu-</strong></span> 
     </span>
     <span class='ocr_line' id='line_1_95' title="bbox 1106 4071 1850 4150; baseline -0.005 -10"><span class='ocrx_word' id='word_1_537' title='bbox 1106 4078 1142 4140; x_wconf 91' lang='lat' dir='ltr'><strong>lis</strong></span> <span class='ocrx_word' id='word_1_538' title='bbox 1164 4081 1386 4140; x_wconf 91' lang='lat' dir='ltr'><strong>recensentur.</strong></span> <span class='ocrx_word' id='word_1_539' title='bbox 1411 4071 1505 4135; x_wconf 92' lang='lat' dir='ltr'><strong>Nulla</strong></span> <span class='ocrx_word' id='word_1_540' title='bbox 1527 4089 1605 4150; x_wconf 91' lang='lat' dir='ltr'><strong>ergo</strong></span> <span class='ocrx_word' id='word_1_541' title='bbox 1627 4071 1753 4135; x_wconf 85' lang='lat' dir='ltr'><strong>Ordinis</strong></span> <span class='ocrx_word' id='word_1_542' title='bbox 1776 4075 1850 4136; x_wconf 92' lang='lat' dir='ltr'><strong>mis-</strong></span> 
     </span>
     <span class='ocr_line' id='line_1_96' title="bbox 1104 4167 1850 4254; baseline -0.004 -21"><span class='ocrx_word' id='word_1_543' title='bbox 1104 4172 1231 4233; x_wconf 91' lang='lat' dir='ltr'><strong>sionum</strong></span> <span class='ocrx_word' id='word_1_544' title='bbox 1254 4171 1286 4232; x_wconf 92' lang='lat' dir='ltr'><strong>iii</strong></span> <span class='ocrx_word' id='word_1_545' title='bbox 1308 4168 1423 4246; x_wconf 78' lang='lat' dir='ltr'><strong>Anglia</strong></span> <span class='ocrx_word' id='word_1_546' title='bbox 1443 4167 1553 4229; x_wconf 89' lang='lat' dir='ltr'><strong>statuti</strong></span> <span class='ocrx_word' id='word_1_547' title='bbox 1573 4167 1653 4229; x_wconf 84' lang='lat' dir='ltr'><strong>lacta</strong></span> <span class='ocrx_word' id='word_1_548' title='bbox 1672 4173 1721 4254; x_wconf 81' lang='lat' dir='ltr'><strong>est</strong></span> <span class='ocrx_word' id='word_1_549' title='bbox 1733 4169 1850 4230; x_wconf 90' lang='lat' dir='ltr'><strong>immu-</strong></span> 
     </span>
     <span class='ocr_line' id='line_1_97' title="bbox 1104 4259 1849 4340; baseline -0.001 -14"><span class='ocrx_word' id='word_1_550' title='bbox 1104 4265 1191 4338; x_wconf 87' lang='lat' dir='ltr'><strong>tatio,</strong></span> <span class='ocrx_word' id='word_1_551' title='bbox 1215 4264 1354 4340; x_wconf 92' lang='lat' dir='ltr'><strong>ideoque</strong></span> <span class='ocrx_word' id='word_1_552' title='bbox 1382 4259 1641 4338; x_wconf 90' lang='lat' dir='ltr'><strong>necquidquam</strong></span> <span class='ocrx_word' id='word_1_553' title='bbox 1671 4261 1849 4325; x_wconf 90' lang='lat' dir='ltr'><strong>detractum</strong></span> 
     </span>
     <span class='ocr_line' id='line_1_98' title="bbox 1103 4353 1600 4437; baseline -0.008 -19"><span class='ocrx_word' id='word_1_554' title='bbox 1103 4356 1282 4437; x_wconf 90' lang='lat' dir='ltr'><strong>apostolicis</strong></span> <span class='ocrx_word' id='word_1_555' title='bbox 1304 4355 1350 4418; x_wconf 91' lang='lat' dir='ltr'><strong>Pii</strong></span> <span class='ocrx_word' id='word_1_556' title='bbox 1371 4353 1449 4417; x_wconf 84' lang='lat' dir='ltr'><strong>lllll.</strong></span> <span class='ocrx_word' id='word_1_557' title='bbox 1473 4353 1600 4415; x_wconf 90' lang='lat' dir='ltr'><strong>litteris.</strong></span> 
     </span>
    </p>

    <p class='ocr_par' dir='ltr' id='par_1_4' title="bbox 1101 4447 1850 6026">
     <span class='ocr_line' id='line_1_99' title="bbox 1143 4447 1849 4527; baseline -0.004 -14"><span class='ocrx_word' id='word_1_558' title='bbox 1143 4449 1250 4513; x_wconf 89' lang='lat' dir='ltr'><strong>Restat</strong></span> <span class='ocrx_word' id='word_1_559' title='bbox 1271 4455 1307 4511; x_wconf 90' lang='lat' dir='ltr'><strong>ut</strong></span> <span class='ocrx_word' id='word_1_560' title='bbox 1327 4449 1367 4510; x_wconf 91' lang='lat' dir='ltr'><strong>de</strong></span> <span class='ocrx_word' id='word_1_561' title='bbox 1388 4447 1536 4527; x_wconf 91' lang='lat' dir='ltr'><strong>precibus</strong></span> <span class='ocrx_word' id='word_1_562' title='bbox 1563 4463 1641 4525; x_wconf 90' lang='lat' dir='ltr'><strong>quas</strong></span> <span class='ocrx_word' id='word_1_563' title='bbox 1663 4448 1755 4510; x_wconf 92' lang='lat' dir='ltr'><strong>nobis</strong></span> <span class='ocrx_word' id='word_1_564' title='bbox 1777 4465 1849 4527; x_wconf 90' lang='lat' dir='ltr'><strong>por-</strong></span> 
     </span>
     <span class='ocr_line' id='line_1_100' title="bbox 1103 4540 1846 4622; baseline -0.003 -16"><span class='ocrx_word' id='word_1_565' title='bbox 1103 4545 1215 4622; x_wconf 87' lang='lat' dir='ltr'><strong>rigunt</strong></span> <span class='ocrx_word' id='word_1_566' title='bbox 1236 4542 1351 4605; x_wconf 78' lang='lat' dir='ltr'><strong>Vicaril</strong></span> <span class='ocrx_word' id='word_1_567' title='bbox 1373 4540 1547 4620; x_wconf 69' lang='lat' dir='ltr'><strong>apostolici</strong></span> <span class='ocrx_word' id='word_1_568' title='bbox 1576 4557 1673 4620; x_wconf 92' lang='lat' dir='ltr'><strong>pauca</strong></span> <span class='ocrx_word' id='word_1_569' title='bbox 1694 4542 1846 4604; x_wconf 91' lang='lat' dir='ltr'><strong>dicamus.</strong></span> 
     </span>
     <span class='ocr_line' id='line_1_101' title="bbox 1103 4635 1850 4715; baseline -0.005 -15"><span class='ocrx_word' id='word_1_570' title='bbox 1103 4639 1220 4700; x_wconf 89' lang='lat' dir='ltr'><strong>Petunt</strong></span> <span class='ocrx_word' id='word_1_571' title='bbox 1240 4635 1299 4715; x_wconf 91' lang='lat' dir='ltr'><strong>ipsi</strong></span> <span class='ocrx_word' id='word_1_572' title='bbox 1321 4641 1357 4697; x_wconf 86' lang='lat' dir='ltr'><strong>ut</strong></span> <span class='ocrx_word' id='word_1_573' title='bbox 1378 4641 1550 4696; x_wconf 89' lang='lat' dir='ltr'><strong>serventur</strong></span> <span class='ocrx_word' id='word_1_574' title='bbox 1578 4639 1694 4696; x_wconf 88' lang='lat' dir='ltr'><strong>statuta</strong></span> <span class='ocrx_word' id='word_1_575' title='bbox 1716 4635 1850 4698; x_wconf 90' lang='lat' dir='ltr'><strong>Benedi-</strong></span> 
     </span>
     <span class='ocr_line' id='line_1_102' title="bbox 1103 4727 1846 4801; baseline -0.005 -7"><span class='ocrx_word' id='word_1_576' title='bbox 1103 4732 1144 4795; x_wconf 89' lang='lat' dir='ltr'><strong>cti</strong></span> <span class='ocrx_word' id='word_1_577' title='bbox 1165 4729 1246 4792; x_wconf 86' lang='lat' dir='ltr'><strong>lllll.</strong></span> <span class='ocrx_word' id='word_1_578' title='bbox 1271 4735 1303 4792; x_wconf 87' lang='lat' dir='ltr'><strong>et</strong></span> <span class='ocrx_word' id='word_1_579' title='bbox 1321 4728 1366 4790; x_wconf 89' lang='lat' dir='ltr'><strong>Pii</strong></span> <span class='ocrx_word' id='word_1_580' title='bbox 1382 4727 1460 4801; x_wconf 85' lang='lat' dir='ltr'><strong>llll,</strong></span> <span class='ocrx_word' id='word_1_581' title='bbox 1477 4728 1575 4790; x_wconf 90' lang='lat' dir='ltr'><strong>simul</strong></span> <span class='ocrx_word' id='word_1_582' title='bbox 1590 4735 1622 4790; x_wconf 90' lang='lat' dir='ltr'><strong>et</strong></span> <span class='ocrx_word' id='word_1_583' title='bbox 1637 4744 1750 4790; x_wconf 91' lang='lat' dir='ltr'><strong>eorum</strong></span> <span class='ocrx_word' id='word_1_584' title='bbox 1765 4728 1846 4790; x_wconf 91' lang='lat' dir='ltr'><strong>iura.</strong></span> 
     </span>
     <span class='ocr_line' id='line_1_103' title="bbox 1102 4820 1849 4899; baseline -0.003 -13"><span class='ocrx_word' id='word_1_585' title='bbox 1102 4824 1261 4898; x_wconf 83' lang='lat' dir='ltr'><strong>Quorsum</strong></span> <span class='ocrx_word' id='word_1_586' title='bbox 1283 4821 1342 4883; x_wconf 91' lang='lat' dir='ltr'><strong>hae</strong></span> <span class='ocrx_word' id='word_1_587' title='bbox 1363 4827 1507 4899; x_wconf 90' lang='lat' dir='ltr'><strong>spectant</strong></span> <span class='ocrx_word' id='word_1_588' title='bbox 1527 4825 1658 4898; x_wconf 86' lang='lat' dir='ltr'><strong>precesl</strong></span> <span class='ocrx_word' id='word_1_589' title='bbox 1680 4820 1712 4883; x_wconf 91' lang='lat' dir='ltr'><strong>Si</strong></span> <span class='ocrx_word' id='word_1_590' title='bbox 1727 4827 1849 4884; x_wconf 88' lang='lat' dir='ltr'><strong>attento</strong></span> 
     </span>
     <span class='ocr_line' id='line_1_104' title="bbox 1103 4915 1849 4991; baseline 0 -13"><span class='ocrx_word' id='word_1_591' title='bbox 1103 4933 1187 4979; x_wconf 91' lang='lat' dir='ltr'><strong>novo</strong></span> <span class='ocrx_word' id='word_1_592' title='bbox 1216 4931 1328 4978; x_wconf 91' lang='lat' dir='ltr'><strong>rerum</strong></span> <span class='ocrx_word' id='word_1_593' title='bbox 1356 4920 1457 4986; x_wconf 87' lang='lat' dir='ltr'><strong>statu,</strong></span> <span class='ocrx_word' id='word_1_594' title='bbox 1489 4915 1681 4991; x_wconf 90' lang='lat' dir='ltr'><strong>attentisque</strong></span> <span class='ocrx_word' id='word_1_595' title='bbox 1703 4916 1794 4977; x_wconf 90' lang='lat' dir='ltr'><strong>novis</strong></span> <span class='ocrx_word' id='word_1_596' title='bbox 1817 4923 1849 4978; x_wconf 87' lang='lat' dir='ltr'><strong>et</strong></span> 
     </span>
     <span class='ocr_line' id='line_1_105' title="bbox 1102 5007 1849 5090; baseline 0 -19"><span class='ocrx_word' id='word_1_597' title='bbox 1102 5009 1293 5086; x_wconf 88' lang='lat' dir='ltr'><strong>urgentibus</strong></span> <span class='ocrx_word' id='word_1_598' title='bbox 1305 5007 1439 5079; x_wconf 92' lang='lat' dir='ltr'><strong>casibus,</strong></span> <span class='ocrx_word' id='word_1_599' title='bbox 1451 5007 1571 5084; x_wconf 93' lang='lat' dir='ltr'><strong>aliquid</strong></span> <span class='ocrx_word' id='word_1_600' title='bbox 1581 5013 1686 5070; x_wconf 88' lang='lat' dir='ltr'><strong>actum</strong></span> <span class='ocrx_word' id='word_1_601' title='bbox 1699 5015 1748 5070; x_wconf 90' lang='lat' dir='ltr'><strong>est</strong></span> <span class='ocrx_word' id='word_1_602' title='bbox 1755 5026 1849 5090; x_wconf 83' lang='lat' dir='ltr'><strong>proc-</strong></span> 
     </span>
     <span class='ocr_line' id='line_1_106' title="bbox 1103 5103 1848 5172; baseline 0.003 -8"><span class='ocrx_word' id='word_1_603' title='bbox 1103 5108 1161 5172; x_wconf 86' lang='lat' dir='ltr'><strong>tcr,</strong></span> <span class='ocrx_word' id='word_1_604' title='bbox 1184 5103 1265 5164; x_wconf 92' lang='lat' dir='ltr'><strong>nihil</strong></span> <span class='ocrx_word' id='word_1_605' title='bbox 1287 5109 1395 5165; x_wconf 90' lang='lat' dir='ltr'><strong>tamen</strong></span> <span class='ocrx_word' id='word_1_606' title='bbox 1416 5109 1522 5164; x_wconf 91' lang='lat' dir='ltr'><strong>actum</strong></span> <span class='ocrx_word' id='word_1_607' title='bbox 1544 5107 1593 5164; x_wconf 90' lang='lat' dir='ltr'><strong>est</strong></span> <span class='ocrx_word' id='word_1_608' title='bbox 1614 5107 1727 5165; x_wconf 84' lang='lat' dir='ltr'><strong>contro</strong></span> <span class='ocrx_word' id='word_1_609' title='bbox 1748 5103 1848 5166; x_wconf 89' lang='lat' dir='ltr'><strong>Bene-</strong></span> 
     </span>
     <span class='ocr_line' id='line_1_107' title="bbox 1102 5195 1848 5273; baseline 0.001 -14"><span class='ocrx_word' id='word_1_610' title='bbox 1102 5197 1176 5259; x_wconf 92' lang='lat' dir='ltr'><strong>dicti</strong></span> <span class='ocrx_word' id='word_1_611' title='bbox 1198 5195 1278 5258; x_wconf 86' lang='lat' dir='ltr'><strong>lllll.</strong></span> <span class='ocrx_word' id='word_1_612' title='bbox 1303 5201 1436 5271; x_wconf 81' lang='lat' dir='ltr'><strong>statuta3</strong></span> <span class='ocrx_word' id='word_1_613' title='bbox 1461 5196 1538 5273; x_wconf 91' lang='lat' dir='ltr'><strong>quin</strong></span> <span class='ocrx_word' id='word_1_614' title='bbox 1561 5197 1655 5258; x_wconf 88' lang='lat' dir='ltr'><strong>etiam</strong></span> <span class='ocrx_word' id='word_1_615' title='bbox 1670 5197 1704 5258; x_wconf 93' lang='lat' dir='ltr'><strong>in</strong></span> <span class='ocrx_word' id='word_1_616' title='bbox 1720 5197 1848 5260; x_wconf 88' lang='lat' dir='ltr'><strong>decreto</strong></span> 
     </span>
     <span class='ocr_line' id='line_1_108' title="bbox 1101 5289 1846 5369; baseline 0.001 -19"><span class='ocrx_word' id='word_1_617' title='bbox 1101 5290 1172 5369; x_wconf 93' lang='lat' dir='ltr'><strong>ipso</strong></span> <span class='ocrx_word' id='word_1_618' title='bbox 1185 5307 1201 5352; x_wconf 90' lang='lat' dir='ltr'><strong>a</strong></span> <span class='ocrx_word' id='word_1_619' title='bbox 1216 5289 1348 5352; x_wconf 78' lang='lat' dir='ltr'><strong>vicarlis</strong></span> <span class='ocrx_word' id='word_1_620' title='bbox 1363 5295 1542 5351; x_wconf 89' lang='lat' dir='ltr'><strong>memorato</strong></span> <span class='ocrx_word' id='word_1_621' title='bbox 1559 5289 1633 5351; x_wconf 91' lang='lat' dir='ltr'><strong>anni</strong></span> <span class='ocrx_word' id='word_1_622' title='bbox 1645 5306 1846 5352; x_wconf 87' lang='lat' dir='ltr'><strong>iiocccxviii.</strong></span> 
     </span>
     <span class='ocr_line' id='line_1_109' title="bbox 1102 5382 1848 5460; baseline 0 -15"><span class='ocrx_word' id='word_1_623' title='bbox 1102 5385 1212 5447; x_wconf 92' lang='lat' dir='ltr'><strong>eadem</strong></span> <span class='ocrx_word' id='word_1_624' title='bbox 1241 5383 1456 5460; x_wconf 85' lang='lat' dir='ltr'><strong>Congregatio</strong></span> <span class='ocrx_word' id='word_1_625' title='bbox 1477 5382 1563 5444; x_wconf 92' lang='lat' dir='ltr'><strong>salva</strong></span> <span class='ocrx_word' id='word_1_626' title='bbox 1593 5399 1663 5445; x_wconf 87' lang='lat' dir='ltr'><strong>esse</strong></span> <span class='ocrx_word' id='word_1_627' title='bbox 1684 5400 1720 5445; x_wconf 90' lang='lat' dir='ltr'><strong>ea</strong></span> <span class='ocrx_word' id='word_1_628' title='bbox 1742 5385 1848 5445; x_wconf 92' lang='lat' dir='ltr'><strong>omnia</strong></span> 
     </span>
     <span class='ocr_line' id='line_1_110' title="bbox 1102 5476 1848 5554; baseline 0.003 -16"><span class='ocrx_word' id='word_1_629' title='bbox 1102 5491 1253 5554; x_wconf 88' lang='lat' dir='ltr'><strong>expresse</strong></span> <span class='ocrx_word' id='word_1_630' title='bbox 1281 5476 1386 5538; x_wconf 92' lang='lat' dir='ltr'><strong>voluit</strong></span> <span class='ocrx_word' id='word_1_631' title='bbox 1414 5482 1445 5538; x_wconf 87' lang='lat' dir='ltr'><strong>et</strong></span> <span class='ocrx_word' id='word_1_632' title='bbox 1467 5477 1576 5538; x_wconf 92' lang='lat' dir='ltr'><strong>edixit.</strong></span> <span class='ocrx_word' id='word_1_633' title='bbox 1609 5476 1732 5538; x_wconf 87' lang='lat' dir='ltr'><strong>Verum</strong></span> <span class='ocrx_word' id='word_1_634' title='bbox 1753 5477 1780 5538; x_wconf 90' lang='lat' dir='ltr'><strong>si</strong></span> <span class='ocrx_word' id='word_1_635' title='bbox 1801 5478 1848 5540; x_wconf 92' lang='lat' dir='ltr'><strong>ln·</strong></span> 
     </span>
     <span class='ocr_line' id='line_1_111' title="bbox 1102 5569 1849 5648; baseline 0.004 -18"><span class='ocrx_word' id='word_1_636' title='bbox 1102 5569 1262 5647; x_wconf 89' lang='lat' dir='ltr'><strong>vestigare</strong></span> <span class='ocrx_word' id='word_1_637' title='bbox 1277 5569 1437 5632; x_wconf 89' lang='lat' dir='ltr'><strong>vellemus</strong></span> <span class='ocrx_word' id='word_1_638' title='bbox 1453 5585 1518 5648; x_wconf 94' lang='lat' dir='ltr'><strong>quo</strong></span> <span class='ocrx_word' id='word_1_639' title='bbox 1533 5570 1702 5648; x_wconf 91' lang='lat' dir='ltr'><strong>praecipue</strong></span> <span class='ocrx_word' id='word_1_640' title='bbox 1717 5573 1849 5633; x_wconf 90' lang='lat' dir='ltr'><strong>tendant</strong></span> 
     </span>
     <span class='ocr_line' id='line_1_112' title="bbox 1102 5663 1848 5741; baseline 0.004 -18"><span class='ocrx_word' id='word_1_641' title='bbox 1102 5663 1289 5725; x_wconf 89' lang='lat' dir='ltr'><strong>huiusmodi</strong></span> <span class='ocrx_word' id='word_1_642' title='bbox 1301 5679 1412 5741; x_wconf 92' lang='lat' dir='ltr'><strong>preces</strong></span> <span class='ocrx_word' id='word_1_643' title='bbox 1429 5669 1461 5724; x_wconf 90' lang='lat' dir='ltr'><strong>et</strong></span> <span class='ocrx_word' id='word_1_644' title='bbox 1472 5663 1672 5726; x_wconf 76' lang='lat' dir='ltr'><strong>vicariorum</strong></span> <span class='ocrx_word' id='word_1_645' title='bbox 1685 5669 1769 5737; x_wconf 89' lang='lat' dir='ltr'><strong>vota,</strong></span> <span class='ocrx_word' id='word_1_646' title='bbox 1783 5681 1848 5726; x_wconf 92' lang='lat' dir='ltr'><strong>non</strong></span> 
     </span>
     <span class='ocr_line' id='line_1_113' title="bbox 1102 5756 1848 5834; baseline 0.004 -17"><span class='ocrx_word' id='word_1_647' title='bbox 1102 5762 1225 5818; x_wconf 88' lang='lat' dir='ltr'><strong>temere</strong></span> <span class='ocrx_word' id='word_1_648' title='bbox 1248 5756 1355 5818; x_wconf 90' lang='lat' dir='ltr'><strong>lursau</strong></span> <span class='ocrx_word' id='word_1_649' title='bbox 1377 5757 1448 5834; x_wconf 90' lang='lat' dir='ltr'><strong>quis</strong></span> <span class='ocrx_word' id='word_1_650' title='bbox 1464 5757 1647 5832; x_wconf 91' lang='lat' dir='ltr'><strong>coniiceret,</strong></span> <span class='ocrx_word' id='word_1_651' title='bbox 1665 5771 1700 5819; x_wconf 94' lang='lat' dir='ltr'><strong>ea</strong></span> <span class='ocrx_word' id='word_1_652' title='bbox 1715 5759 1848 5820; x_wconf 90' lang='lat' dir='ltr'><strong>tendere</strong></span> 
     </span>
     <span class='ocr_line' id='line_1_114' title="bbox 1101 5849 1848 5929; baseline 0.004 -18"><span class='ocrx_word' id='word_1_653' title='bbox 1101 5850 1139 5911; x_wconf 89' lang='lat' dir='ltr'><strong>ad</strong></span> <span class='ocrx_word' id='word_1_654' title='bbox 1169 5849 1385 5912; x_wconf 90' lang='lat' dir='ltr'><strong>excludendos</strong></span> <span class='ocrx_word' id='word_1_655' title='bbox 1418 5851 1569 5929; x_wconf 89' lang='lat' dir='ltr'><strong>paulatim</strong></span> <span class='ocrx_word' id='word_1_656' title='bbox 1597 5869 1614 5912; x_wconf 87' lang='lat' dir='ltr'><strong>a</strong></span> <span class='ocrx_word' id='word_1_657' title='bbox 1641 5851 1848 5914; x_wconf 90' lang='lat' dir='ltr'><strong>missionibus</strong></span> 
     </span>
     <span class='ocr_line' id='line_1_115' title="bbox 1102 5943 1846 6026; baseline 0.005 -21"><span class='ocrx_word' id='word_1_658' title='bbox 1102 5943 1278 6022; x_wconf 83' lang='lat' dir='ltr'><strong>Regulares</strong></span> <span class='ocrx_word' id='word_1_659' title='bbox 1300 5945 1489 6025; x_wconf 85' lang='lat' dir='ltr'><strong>praesertim</strong></span> <span class='ocrx_word' id='word_1_660' title='bbox 1517 5945 1691 6008; x_wconf 86' lang='lat' dir='ltr'><strong>nationales</strong></span> <span class='ocrx_word' id='word_1_661' title='bbox 1713 5944 1846 6026; x_wconf 82' lang='lat' dir='ltr'><strong>Anglos,</strong></span> 
     </span>
    </p>
   </div>
   <div class='ocr_carea' id='block_1_4' title="bbox 0 0 2418 6965">
    <p class='ocr_par' dir='ltr' id='par_1_5' title="bbox 0 0 2418 6965">
     <span class='ocr_line' id='line_1_116' title="bbox 0 0 2418 6965; baseline 0 0"><span class='ocrx_word' id='word_1_662' title='bbox 0 0 2418 6965; x_wconf 95' lang='lat' dir='ltr'><strong> </strong></span> 
     </span>
    </p>
   </div>
   <div class='ocr_carea' id='block_1_5' title="bbox 1773 571 2069 648">
    <p class='ocr_par' dir='ltr' id='par_1_6' title="bbox 1773 571 2069 648">
     <span class='ocr_line' id='line_1_117' title="bbox 1773 571 2069 648; baseline 0.007 -13"><span class='ocrx_word' id='word_1_663' title='bbox 1773 571 1829 648; x_wconf 73' lang='lat'><strong>{33</strong></span> <span class='ocrx_word' id='word_1_664' title='bbox 1879 581 1933 636; x_wconf 80' lang='lat' dir='ltr'><strong>An.</strong></span> <span class='ocrx_word' id='word_1_665' title='bbox 1947 586 1977 638; x_wconf 83' lang='lat' dir='ltr'><strong>O.</strong></span> <span class='ocrx_word' id='word_1_666' title='bbox 1999 573 2069 638; x_wconf 75' lang='lat'>1835</span> 
     </span>
    </p>
   </div>
  </div>
 </body>
</html>
