4788 6980
1804 555 1861 622 {83
1910 557 1964 614 un.
1978 559 2008 614 0.
2030 559 2100 612 1837

331 693 517 757 distinctum
543 691 736 756 vicariatum
764 689 984 771 Apostolicum
1006 705 1077 753 esse
1132 689 1265 754 ralitatis
1286 707 1362 756 suae
1383 693 1586 757 consolamur
1607 709 1670 756 una
1692 700 1799 756 tecum
1826 693 1880 756 do-

332 787 530 866 erigendam.
1133 783 1237 847 lorem
1252 791 1400 848 nostrum
1416 787 1599 850 firmissima
1613 802 1681 866 spe,
1699 800 1761 864 qua
1780 785 1879 866 ipsius

370 880 440 956 §2-
464 879 550 943 ldolu
562 879 663 958 igitur
677 879 819 960 proprio,
832 885 928 955 atque
941 893 980 940 ex
992 877 1077 940 certa
1133 877 1270 939 animam
1292 878 1453 942 inlocum
1479 879 1590 942 salutis
1618 885 1780 958 receptam
1806 895 1880 942 con·

331 972 462 1035 scientia
483 979 516 1036 et
537 972 660 1036 maturi
692 971 941 1044 deliberatione,
973 971 1077 1048 deque
1133 969 1273 1032 fidimus.
1296 970 1362 1034 Nec
1382 987 1461 1034 vero
1483 973 1728 1036 intermittimus
1750 972 1880 1036 bomili-

330 1065 521 1145 apostolicae
545 1065 712 1146 potestatis
741 1065 941 1146 plenitudine
962 1065 1077 1126 harum
1133 1061 1193 1124 bos
1215 1064 1364 1142 precibus
1386 1072 1419 1128 et
1438 1066 1601 1129 incruenti
1628 1066 1773 1129 sacrificii
1795 1066 1879 1129 obla-

331 1159 500 1222 litorarum
528 1161 561 1220 vi
588 1159 742 1223 Guiauam
774 1157 988 1220 Britannicam
1019 1171 1077 1219 seu
1134 1155 1221 1218 tione
1232 1157 1352 1221 instare
1365 1159 1447 1236 apud
1459 1159 1686 1238 Deum,utper
1698 1157 1879 1222 misericor-

330 1251 558 1332 Demeraryam
577 1252 615 1315 ab
632 1251 854 1315 iurisdictione
868 1249 984 1314 Vioarii
996 1249 1077 1328 Apo·
1134 1247 1217 1310 diam
1229 1265 1319 1312 suam
1334 1252 1500 1329 indulgeat
1512 1251 1668 1330 quidquid
1679 1252 1709 1314 ei
1720 1253 1879 1315 humanae

330 1345 434 1408 stolici
445 1345 569 1408 insulae
582 1343 698 1408 SSrilae
711 1343 873 1406 Trinitatis
887 1342 1078 1406 subtraben·
1133 1340 1212 1404 labis
1245 1343 1438 1423 expiandum
1463 1345 1613 1425 supersit.
1646 1346 1694 1407 nd
1727 1345 1878 1408 Tabulam

330 1441 390 1510 tes,
413 1438 447 1499 in
461 1437 657 1517 peculiarem
679 1455 713 1500 ac
734 1437 920 1500 distinctum
942 1433 1077 1497 11111111-
1133 1434 1249 1499 deiude
1271 1438 1355 1514 quod
1378 1437 1515 1500 attinent
1540 1437 1774 1501 dedicationem
1796 1437 1878 1502 rele-

330 1539 400 1594 tum
422 1530 641 1610 Apostolicum
669 1531 841 1608 erigimus,
865 1534 961 1605 atque
983 1527 1016 1589 in
1038 1543 1077 1589 eo
1132 1535 1260 1590 rentem
1281 1547 1387 1594 sacrae
1401 1531 1487 1594 aedis
1502 1530 1726 1594 Sirdbanensis
1747 1537 1878 1610 sumptu

330 1621 492 1685 vicarium
514 1621 733 1702 Apostolicum
755 1619 992 1685 constituimus.
1016 1618 1076 1697 lpsi
1133 1622 1278 1686 eiusdem
1300 1623 1469 1687 deiunctae
1484 1624 1637 1703 Principis
1660 1625 1830 1702 magnifico
1846 1641 1878 1687 o-

330 1721 438 1778 autem
466 1715 606 1790 vicario,
635 1715 673 1778 ab
700 1716 757 1778 bac
785 1712 965 1793 Apostolici
994 1710 1076 1775 Sede
1132 1727 1210 1790 pere
1225 1730 1296 1778 esse
1311 1721 1503 1789 constructa,
1519 1716 1582 1778 iam
1599 1716 1730 1794 quidem
1750 1717 1879 1780 nuncia-

330 1807 527 1885 adlegendo,
551 1823 663 1871 omnes
685 1813 718 1870 et
738 1806 881 1884 singulas
911 1803 1075 1868 lacultates
1133 1811 1201 1868 tum
1224 1807 1316 1870 nobis
1337 1815 1386 1872 est
1398 1809 1486 1874 illam
1501 1810 1535 1872 in
1549 1809 1599 1871 111
1614 1825 1697 1884 esse,
1713 1826 1747 1872 ac
1761 1810 1878 1872 multas

330 1901 516 1964 huiusmodi
531 1900 663 1964 vicariis
677 1899 867 1979 Apostolicis
882 1897 1012 1961 concedi
1026 1913 1076 1958 so·
1132 1899 1189 1961 tibi
1211 1903 1327 1978 gratias
1350 1904 1577 1982 persolvimus,
1597 1904 1653 1983 qui
1674 1904 1755 1966 hanc
1776 1904 1879 1968 avitae

330 1995 412 2067 litas,
422 1993 533 2057 eadem
549 1993 736 2056 auctoritate
750 1999 859 2055 nostra
870 1991 1075 2054 concedimus
1132 1995 1371 2059 munificentiae
1387 1998 1578 2060 memoriam
1599 1999 1662 2060 cito
1676 1998 1715 2060 ad
1729 2015 1788 2061 uos
1805 1998 1877 2060 mit-

330 2093 362 2150 et
382 2087 599 2166 impertimur.
623 2085 706 2150 llaec
720 2086 891 2148 statuimus
912 2091 1007 2160 atque
1023 2083 1075 2144 de·
1131 2087 1260 2150 tendam
1282 2093 1410 2152 curasti.
1434 2090 1614 2153 Plurimum
1629 2106 1708 2152 vero
1731 2091 1878 2154 delectati

936 571 1111 618 ouuoofflus
1132 572 1183 618 ΡΡ.
1206 571 1272 619 XVI.

328 2181 491 2245 cernimus
503 2180 651 2244 volentes
663 2180 719 2242 luas
735 2185 860 2242 nostras
872 2175 980 2239 literas
992 2191 1075 2238 sem·

328 2291 386 2355 per
407 2276 516 2337 firmas
528 2275 647 2338 ualidas
663 2279 695 2336 et
706 2273 848 2337 efficaces
860 2270 999 2334 existere
1012 2276 1072 2332 eto.

327 2368 496 2432 contrariis
518 2368 786 2446 quibuscumque.

367 2460 482 2523 Datum
504 2459 622 2522 Romae
638 2460 720 2539 apud
743 2458 775 2522 S.
792 2458 924 2521 Petrum
946 2455 1006 2518 sub
1021 2469 1074 2516 an·

329 2555 406 2618 nolo
427 2555 552 2627 Piscat.‚
576 2553 802 2633 diex11.april.
825 2565 1072 2623 1111111111,

329 2648 530 2729 pontificatus
553 2649 656 2710 nostri
678 2663 762 2710 anno
776 2663 833 2709 111.

582 2829 822 2842 m

650 3021 744 3086 CXX.

328 3215 477 3280 Cocdolct
497 3229 570 3276 cum
584 3211 736 3292 Principe
751 3207 873 3274 Decide
894 3206 1022 3272 Sombre
1036 3208 1073 3271 de

366 3309 458 3373 ooiae
479 3307 547 3369 eius
568 3303 731 3385 Principis
750 3301 931 3366 Sirdbococ
952 3308 1072 3374 morte;

367 3402 434 3483 opit
448 3400 485 3462 de
500 3397 611 3462 tabule
631 3397 721 3478 picta
743 3411 838 3474 poem
860 3393 992 3457 Romam
1007 3395 1073 3475 ipse

364 3495 475 3564 mittit,
498 3493 535 3556 de
552 3490 698 3572 pecuniis
714 3487 903 3569 adelbricto
921 3488 985 3569 piis
1004 3505 1071 3568 ope-

363 3586 453 3652 ribus
481 3581 788 3656 destinationem
809 3581 959 3653 discessu,
982 3597 1071 3660 quem

365 3677 533 3761 improbat,
558 3676 597 3741 ab
624 3676 720 3739 lodie
745 3675 863 3738 Vicorii
885 3675 1069 3755 Apostolici,

365 3775 452 3853 cipue
472 3761 634 3853 sip'nipicot
663 3770 822 3849 cumipse
842 3769 988 3850 principe
1013 3767 1071 3830 llo-

365 3885 449 3932 mam
472 3865 649 3930 adventure
671 3863 708 3925 de
735 3862 937 3926 1111111111
962 3862 1002 3925 iis
1023 3879 1071 3924 re·

365 3957 512 4044 plebibus
532 3956 685 4038 relipiooe
705 3973 737 4017 ae
762 3959 913 4020 11111111
932 3955 989 4038 (1).

346 4145 550 4215 dilectissino
571 4143 599 4209 in
615 4139 814 4208 111111111ῐί11
831 4147 935 4209 nostro
951 4142 1050 4210 1111111

1131 2195 1243 2242 sumus
1265 2181 1533 2260 111111111111111
1556 2183 1726 2245 literarum
1748 2190 1878 2247 tuarum

1130 2273 1363 2350 significatione
1384 2289 1456 2353 qua,
1474 2275 1681 2339 dilectissime
1701 2277 1735 2339 in
1750 2275 1878 2340 Christo

1131 2367 1176 2428 srli
1198 2375 1319 2440 noster,
1343 2385 1408 2431 non
1436 2369 1640 2432 fortunarum
1666 2370 1761 2433 modo
1790 2371 1878 2434 aviae

1131 2465 1214 2534 tuae,
1228 2461 1284 2523 sed
1296 2461 1421 2540 pietatis
1434 2463 1529 2525 etiam
1542 2463 1715 2526 haeredem
1728 2470 1760 2527 te
1772 2471 1877 2528 osten·

1131 2554 1188 2616 dis.
1213 2554 1292 2617 Nam
1314 2561 1347 2618 et
1367 2556 1517 2634 pecunias
1539 2556 1598 2636 piis
1628 2556 1775 2635 pluribus
1803 2574 1877 2637 ope-

1130 2647 1219 2709 ribus
1241 2665 1257 2710 a
1279 2648 1427 2711 defuncti
1448 2649 1620 2726 assignatas
1645 2650 1785 2713 fideliter
1807 2667 1877 2714 ero-

1131 2741 1227 2818 gasti,
1251 2747 1283 2804 et
1304 2741 1455 2806 derebus
1478 2739 1702 2807 Sirdhauensis
1725 2744 1877 2808 ecclesiae

1129 2833 1172 2896 ita
1192 2835 1347 2912 loqueris,
1370 2841 1407 2898 ut
1430 2836 1543 2916 ipsam,
1566 2843 1598 2900 te
1621 2853 1715 2916 opem
1737 2837 1875 2912 terente,

1129 2927 1163 2990 in
1184 2928 1355 2991 meliorem
1376 2934 1495 2992 statum
1517 2929 1629 2993 adduci
1644 2947 1661 2992 1
1675 2929 1767 2992 nobis
1783 2947 1877 3010 posse

1129 3036 1194 3083 non
1222 3021 1433 3100 ambigamus.
1463 3022 1727 3086 llolestissimum
1752 3023 1876 3088 interea

1129 3115 1221 3178 uobis
1254 3115 1331 3190 luit,
1361 3117 1448 3194 quod
1474 3131 1549 3179 ven.
1574 3118 1672 3180 irater
1700 3118 1875 3198 Episcopus

1128 3207 1391 3282 Amathuntinus,
1408 3224 1506 3288 quom
1530 3211 1564 3272 in
1579 3215 1646 3274 toto
1668 3209 1877 3274 Sirdbaneusi

1128 3303 1306 3382 principatu
1328 3301 1490 3366 vicarium
1512 3303 1733 3382 Apostolicum
1759 3305 1876 3367 consti-

1128 3400 1312 3470 tueramus,
1343 3396 1434 3458 uobis
1461 3397 1651 3460 inconsultis
1679 3404 1777 3475 teque
1805 3399 1874 3477 ipso

1127 3505 1225 3566 aegre
1245 3489 1417 3553 admodum
1439 3489 1577 3564 ferente,
1593 3490 1631 3552 ab
1650 3490 1737 3554 ludii
1758 3492 1874 3554 disces-

1126 3583 1218 3646 serit:
1245 3589 1277 3645 et
1299 3599 1374 3645 eum
1396 3583 1527 3661 quidem
1549 3599 1607 3662 per
1622 3583 1730 3646 literas
1745 3591 1874 3648 nostrae

1126 3675 1393 3754 congregationis
1415 3676 1638 3756 Propagaudae
1659 3677 1747 3740 Fidei
1763 3685 1874 3741 nostro

1127 3769 1876 3848 nominereprehendendumcuravimus.Prae-

1127 3871 1215 3926 terea
1236 3862 1409 3925 certiorem
1424 3869 1456 3924 te
1471 3862 1614 3937 iacimus,
1639 3865 1785 3928 eamdem
1800 3883 1874 3928 con-

1128 3955 1350 4034 gregationem
1372 3955 1538 4035 scripsisse
1560 3956 1656 4018 etiam
1680 3972 1756 4020 ven.
1784 3959 1874 4022 lratri

1127 4051 1283 4130 Episcopo
1318 4049 1498 4112 Esbonensi
1531 4049 1656 4114 vicario
1690 4051 1873 4132 Apostolico

1127 4145 1232 4223 Agrae
1244 4143 1429 4216 constituto,
1439 4143 1516 4206 utei
1528 4145 1712 4208 mandatum
1724 4151 1873 4210 nostrum

1127 4239 1324 4317 significaret
1345 4237 1385 4300 de
1410 4235 1562 4316 pecunia,
1586 4252 1682 4316 quam
1703 4245 1738 4301 tu
1767 4240 1873 4303 eidem

1127 4349 1167 4395 ox
1190 4333 1378 4396 demortuae
1405 4331 1573 4394 voluntate
1600 4332 1767 4394 soluturus
1789 4348 1870 4408 eras,

1127 4431 1218 4488 caute
1246 4423 1440 4486 reservando
1460 4424 1494 4486 in
1523 4425 1612 4503 pium
1638 4439 1750 4498 usum,
1774 4439 1873 4504 quem

1127 4536 1186 4582 suo
1205 4519 1322 4582 deiude
1338 4523 1484 4596 tempore
1499 4532 1538 4579 ex
1553 4516 1621 4578 aliis
1636 4515 1740 4580 literis
1754 4533 1872 4596 cogno·

1126 4619 1204 4675 scet.
1234 4611 1410 4674 Enimvero
1438 4617 1509 4673 tum
1531 4611 1570 4673 de
1596 4610 1655 4673 hac
1675 4626 1712 4674 re
1736 4617 1806 4674 tum
1832 4613 1872 4676 de

1127 4706 1254 4779 ceteris,
1278 4720 1358 4783 quae
1380 4705 1418 4768 ad
1438 4705 1609 4768 iuvandam
1630 4706 1716 4769 inter
1736 4705 1872 4770 111111-

1126 4800 1256 4878 ligionis
1268 4813 1393 4861 causam
1405 4799 1597 4878 pertineant,
1608 4805 1787 4863 statuemus
1798 4817 1872 4864 con-

399 4239 529 4324 Principi
552 4234 733 4318 chlerlong
757 4234 837 4318 byee
861 4233 998 4317 Sonbre,

497 4421 717 4494 coenobitis
741 4422 801 4489 ΡΡ.
826 4421 899 4488 xvi.

560 4611 764 4678 dilectissime
786 4608 831 4677 lili

356 4711 484 4779 salutent
508 4713 539 4774 et
560 4703 760 4792 apostolicam
787 4701 1036 4772 benedictionem.

362 4899 536 4978 Singulari,
552 4903 589 4960 nt
610 4896 705 4968 nosti,
722 4901 873 4974 pateruae
895 4895 1070 4958 voluntatis
1126 4895 1243 4957 sultius
1265 4899 1434 4972 postquam
1455 4900 1581 4966 tecum,
1606 4894 1813 4958 dilectissime
1837 4895 1872 4958 in

321 4995 428 5058 studio
460 4989 737 5073 prosequebamur
769 4988 1009 5053 dilectissimam
1036 4991 1070 5053 in
1126 4987 1255 5051 Christo
1270 4985 1315 5050 lili
1330 4993 1452 5060 noster,
1466 4985 1592 5064 loquuti
1608 4987 1777 5051 luerimus.
1795 4987 1872 5069 Spe-

321 5089 450 5152 Cbristo
476 5086 574 5149 liliam
600 5089 744 5146 nostram
772 5081 924 5162 inclytam
953 5083 1070 5146 Priuoi-
1125 5097 1233 5144 ramus
1256 5083 1342 5144 enim
1364 5087 1406 5154 te,
1430 5087 1467 5143 ut
1491 5097 1719 5161 proposueras,
1743 5083 1805 5144 iam
1832 5099 1872 5145 ex

321 5197 395 5262 pem
417 5181 567 5243 loannam
590 5177 692 5240 aviam
714 5183 814 5249 tuam,
831 5193 865 5239 ac
887 5177 1022 5255 proinde
1040 5195 1069 5239 a·
1125 5175 1211 5238 ludii
1234 5174 1415 5254 proiectum
1430 5180 1463 5236 et
1476 5174 1609 5236 nomam
1624 5175 1657 5237 in
1677 5173 1779 5238 iuturi
1798 5177 1873 5239 enni

321 5274 528 5338 cerbissimus
549 5269 638 5334 cordi
659 5275 770 5332 nostro
792 5269 903 5332 accidit
924 5269 1069 5333 eiusdelu
1126 5270 1259 5332 exordio
1272 5269 1499 5331 adventurum.
1517 5267 1579 5330 Vix
1590 5276 1698 5331 autem
1712 5269 1872 5348 explicare

323 5369 439 5441 obitus,
457 5367 577 5444 dequo
593 5371 662 5427 tum
678 5363 802 5425 exaliis
824 5369 916 5425 antea
931 5365 1067 5438 nunciis,
1125 5362 1234 5424 verbis
1264 5377 1446 5440 possumus,
1473 5369 1592 5438 quanto
1621 5362 1745 5440 paterni
1773 5361 1872 5424 animi

322 5469 391 5524 tum
413 5475 519 5539 nuper
540 5475 581 5520 ex
603 5457 706 5521 literis
721 5457 933 5535 cognovimus
956 5457 1070 5520 nobili·
1125 5455 1239 5517 aflectu
1258 5460 1460 5534 exoptemus,
1478 5454 1678 5516 nobilitatem
1693 5460 1781 5518 tuam
1795 5455 1872 5518 allo-

321 5555 393 5618 tatis
415 5561 488 5617 luae
515 5553 595 5615 datis
617 5552 654 5614 ad
676 5566 734 5613 nos
763 5551 814 5613 die
835 5567 880 5613 xr.
904 5551 974 5613 iulii
995 5551 1070 5625 anni
1125 5551 1180 5628 qui
1201 5555 1405 5628 praesentem
1426 5555 1522 5626 atque
1544 5547 1723 5627 complecti.
1746 5547 1872 5611 Interea

322 5649 472 5728 proximi.
497 5645 561 5709 Sed
581 5645 682 5724 probe
711 5661 873 5707 memores
902 5645 1069 5723 religionis
1124 5659 1190 5706 nou
1212 5643 1412 5714 desistimus
1443 5641 1545 5704 Deum
1574 5657 1632 5720 per
1659 5641 1775 5704 merita
1799 5640 1871 5704 lesu

323 5751 355 5805 et
375 5741 494 5806 edusae
515 5741 549 5804 iu
577 5739 726 5804 ecclesias
748 5755 782 5803 11
811 5754 968 5818 pauperes
990 5739 1069 5803 libe·
1124 5738 1244 5801 Christi
1266 5737 1323 5799 tilii
1342 5737 1411 5800 eius
1426 5735 1614 5815 suppliciter
1636 5735 1872 5809 obsecrarent

363 5953 390 6013 11)
405 5957 442 6000 lox
456 5957 519 6012 neg.
534 5957 590 6002 vat.
607 5965 645 6010 op.
660 5953 694 6000 ad
708 5953 841 6013 Principes
855 5957 903 6000 111.
