4770 6982
340 513 393 570 dn.
408 518 438 572 o.
461 519 527 570 1841
579 513 639 583 274

343 2909 376 2952 lio
391 2906 471 2963 prolis
482 2906 543 2952 edu·

329 2961 437 3006 catione.
481 2981 485 2990 ·

330 4316 427 4370 Quibus
439 4317 545 4362 sitPon·

332 4371 368 4415 tii.
391 4371 485 4417 ductus
507 4381 544 4416 ra-

331 4424 453 4470 tionibus.

561 658 667 737 doque
682 659 854 736 contingat,
871 664 907 719 ut
921 657 1162 720 matrimonium
1185 658 1309 720 acatho-

561 752 613 815 lici
634 753 696 814 riri
719 767 793 815 cum
815 751 967 814 catholici
993 751 1141 824 muliere,
1167 758 1199 815 et
1219 753 1310 814 vicis-

560 846 633 918 sim,
658 845 878 908 deficientibus
893 845 969 908 licet
983 846 1183 932 cautionibus
1198 846 1236 908 ab
1253 847 1310 909 Ec-

560 938 654 1000 clesia
686 938 909 1016 praescriptis,
931 939 1049 1017 absque
1075 939 1205 1002 maioris
1233 940 1309 1002 mali

560 1031 762 1110 scandalique
791 1031 934 1111 periculo
955 1033 989 1095 in
1010 1034 1178 1111 religionis
1204 1035 1309 1113 perni-

560 1125 641 1188 ciem
656 1125 827 1188 interverti
843 1127 974 1189 omnino
990 1143 1056 1189 non
1071 1128 1181 1209 possit,
1198 1129 1309 1190 simul-

560 1234 623 1297 que
648 1219 770 1299 (verbis
798 1219 922 1282 utimur
951 1221 1109 1298 gloriosae
1134 1221 1308 1283 memoriae

559 1312 604 1374 Pii
626 1311 690 1376 Vll.
713 1313 958 1390 supranunciati
981 1314 1112 1392 epistola
1127 1315 1163 1376 ad
1179 1314 1309 1376 hrclrie-

560 1407 724 1486 piscopum
747 1406 988 1486 lioguntinum)
1009 1408 1042 1469 in
1064 1408 1222 1470 Ecclesiae
1247 1407 1309 1468 uti—

558 1501 681 1563 litatem
694 1505 909 1564 etcommune
924 1501 1046 1564 bonum
1063 1517 1201 1578 vergere
1217 1517 1308 1579 posse

560 1595 777 1684 dignoscatur,
801 1595 827 1656 si
849 1595 1032 1657 huiusmodi
1054 1595 1192 1673 nuptiae,
1211 1610 1309 1672 quan-

559 1688 711 1752 tumlibet
731 1689 849 1751 vetitae
864 1694 896 1750 et
910 1688 1050 1761 illicitae,
1075 1705 1181 1751 coram
1204 1689 1309 1751 catho-

561 1783 621 1844 lico
643 1783 782 1862 parocho
798 1783 902 1861 potius
925 1797 1021 1860 quam
1038 1798 1144 1844 coram
1160 1782 1309 1844 ministro

560 1876 732 1950 haeretico,
756 1877 794 1938 ad
823 1891 920 1953 quem
950 1882 1055 1955 partes
1084 1875 1174 1936 facile
1199 1874 1309 1936 conlu-

561 1977 686 2047 gerent,
701 1970 925 2044 celebrentur3
942 1977 1019 2032 tunc
1034 1968 1190 2048 parochus
1205 1969 1309 2030 catho-

561 2059 651 2132 licus,
669 2059 792 2121 aliusve
805 2060 950 2121 sacerdos
966 2059 1034 2120 eius
1056 2059 1141 2120 vices
1157 2057 1307 2134 iungens,

560 2154 679 2230 poterit
706 2153 819 2216 iisdem
848 2153 968 2232 nuptiis
998 2152 1156 2215 materiali
1185 2158 1309 2214 tantum

560 2247 749 2325 praesentia,
764 2249 893 2310 excluso
908 2248 1023 2324 quovis
1046 2246 1258 2309 ecclesiastico
1270 2247 1311 2307 ri-

561 2341 736 2413 tu,adesse,
747 2341 882 2419 perinde
893 2357 927 2402 ac
939 2341 966 2402 si
977 2347 1083 2418 partes
1094 2323 1189 2401 unice
1200 2345 1312 2416 ageret

560 2435 642 2496 meri
664 2435 764 2508 testis,
787 2441 825 2497 ut
845 2435 951 2508 aiunt,
976 2433 1153 2515 qualificati
1173 2449 1230 2495 seu
1253 2449 1310 2496 aa·

560 2525 765 2600 ctorisahiiis,
788 2530 832 2591 ita
852 2529 973 2591 scilicet
987 2533 1033 2600 ut,
1050 2527 1222 2605 utriusque
1237 2543 1310 2588 con-

559 2623 644 2701 iugis
671 2623 779 2685 audito
800 2639 976 2695 consensu,
1000 2622 1149 2700 deinceps
1171 2637 1229 2700 pro
1252 2637 1310 2683 suo

561 2717 663 2780 officio
684 2723 790 2778 actum
811 2715 915 2778 valide
942 2723 1068 2792 gestum
1091 2716 1124 2776 in
1146 2715 1310 2776 matrimo-

561 2810 691 2872 niorum
712 2809 832 2872 librum
855 2809 979 2872 reterre
1002 2815 1107 2886 queat.

600 2906 619 2979 ἓ
641 2902 670 2965 7.
693 2902 748 2966 His
777 2904 941 2966 tamenin
970 2903 1235 2974 circumstantiis,
1263 2901 1311 2963 uti

560 2997 647 3059 idem
670 2997 817 3060 decessor
843 3002 951 3058 noster
977 2996 1119 3074 apposite
1147 3011 1311 3057 commen-

562 3091 664 3164 dabat,
682 3091 765 3154 haud
787 3092 900 3170 impari
923 3091 989 3152 imo
1011 3089 1124 3151 maiori
1147 3089 1242 3150 etiam
1261 3105 1310 3150 co-

562 3192 638 3247 natu
660 3191 693 3247 et
713 3185 819 3248 studio
841 3201 898 3263 per
920 3183 1093 3262 Episcopos
1109 3191 1142 3244 et
1156 3183 1311 3260 parochos

562 3279 792 3343 elaborandum
808 3285 947 3350 astuta
962 3277 1115 3342 catholica
1138 3281 1227 3354 parte
1239 3291 1310 3354 per-

561 3373 717 3436 versionis
739 3371 937 3451 periculum,
961 3372 1066 3448 quoad
1087 3371 1158 3432 lieri
1180 3370 1307 3448 poterit,

561 3473 758 3538 amoveatur,
773 3472 808 3528 ut
823 3465 921 3544 prolis
936 3465 1108 3542 utriusque
1123 3479 1219 3525 sexus
1235 3464 1310 3526 edu-

561 3561 676 3624 cationi
691 3561 724 3622 in
739 3559 907 3636 Religione
919 3558 1090 3630 Catholici,
1105 3573 1170 3634 quo
1182 3557 1309 3620 meliori

561 3655 657 3717 modo
678 3655 723 3716 las
746 3653 818 3726 erit,
843 3659 969 3715 cautum
994 3653 1044 3725 sit,
1062 3658 1158 3728 atque
1180 3657 1216 3714 ut
1237 3668 1310 3714 con-

561 3750 617 3811 iux
644 3748 816 3811 catholicae
845 3746 919 3809 lidei
948 3746 1124 3808 adhaerens
1152 3745 1237 3808 serio
1258 3746 1310 3809 ad-

562 3848 730 3905 moneatur
745 3842 785 3905 de
801 3841 1005 3918 obligatione,
1023 3855 1084 3917 qua
1101 3846 1241 3912 tenetur,
1258 3857 1310 3902 cu-

562 3937 652 3998 randi
673 3951 732 4016 pro
753 3935 877 3997 viribus
889 3933 1054 3996 acatholici
1075 3933 1221 4010 coniugis
1237 3949 1310 3995 con·

562 4030 763 4102 versionem,
787 4029 873 4106 quod
895 4027 1082 4089 adveniam
1112 4032 1310 4104 patratorum

562 4123 734 4188 ariminum
757 4121 879 4184 lacilius
900 4139 917 4183 a
938 4120 1004 4184 Deo
1026 4120 1233 4182 obtinendam
1250 4119 1312 4180 erit

564 4216 885 4297 opportunissimum.

601 4315 620 4387 5
638 4311 841 4384 Scotorum,
852 4309 966 4372 intime
978 4309 1124 4371 dolentes
1136 4309 1223 4386 quod
1235 4309 1312 4370 haec

562 4405 750 4468 tolerantiae
770 4406 851 4466 ratio
867 4419 943 4482 erga
957 4419 1096 4480 regnum
1112 4403 1311 4482 professione

562 4499 742 4562 Catholicae
763 4498 939 4575 Religionis
967 4497 1095 4575 insigne
1121 4496 1220 4559 luerit
1244 4497 1311 4559 ine-

563 4593 658 4666 unda,
671 4591 887 4656 sincerissime
903 4607 1010 4654 coram
1024 4591 1090 4654 Deo
1105 4592 1308 4670 profitemur,

562 4703 620 4750 nos
642 4688 680 4751 ad
694 4689 795 4767 ipsam
816 4687 909 4750 unica
931 4688 971 4750 de
993 4689 1083 4749 causa
1105 4687 1229 4760 adduci,
1253 4703 1310 4748 seu

562 4782 672 4844 verius
695 4781 848 4861 pertrahi,
862 4797 903 4844 ne
920 4781 1066 4858 graviora
1081 4781 1240 4844 Ecclesiae
1255 4779 1311 4844 da-

563 4875 909 4939 thelicaeincommoda
918 4875 1101 4938 obveniant.
1113 4876 1308 4948 idcircovos,

562 4985 660 5032 venn.
675 4969 800 5042 iratres,
818 4976 1016 5047 cunctosque
1031 4969 1169 5047 collegas
1185 4977 1310 5032 vestros

562 5079 620 5142 per
640 5064 763 5124 viscera
783 5062 855 5126 lesu
877 5063 1007 5136 Christi,
1025 5063 1116 5126 cuius
1141 5078 1310 5141 personam

561 5158 772 5220 immerentes
783 5159 897 5236 utique
912 5158 1056 5235 gerimus
1077 5157 1232 5232 interris,
1246 5159 1311 5220 toti

517 5322 521 5331 ,
562 5252 660 5314 animi
684 5254 892 5316 contentione
914 5252 1124 5324 obtestamur,
1147 5257 1184 5313 ut
1204 5252 1235 5314 id
1258 5253 1310 5314 de-

562 5363 653 5410 mum
675 5348 708 5408 in
731 5353 795 5408 tam
815 5347 905 5425 gravi
927 5347 1059 5425 negotio
1074 5361 1172 5424 agere
1186 5347 1311 5409 studea-

562 5443 613 5515 tis,
637 5442 734 5520 quod,
759 5441 930 5520 implorato
953 5440 1090 5521 Spiritus
1114 5439 1146 5504 S.
1173 5440 1308 5515 lumine,

562 5535 744 5598 istiusmodi
766 5535 821 5597 lini
843 5551 957 5600 revera
973 5536 1164 5598 censueritis
1179 5551 1311 5614 respon·

562 5631 651 5692 dere.
675 5628 781 5706 Atque
802 5627 882 5692 illud
905 5646 968 5691 una
989 5629 1088 5692 simul
1108 5629 1251 5707 satagite,
1270 5645 1311 5691 ne

563 5721 617 5785 tali
637 5723 826 5785 tolerantiae
847 5723 970 5785 ratione
992 5739 1068 5800 erga
1083 5723 1231 5785 homines
1253 5723 1312 5785 mi-

563 5823 615 5878 xta
636 5817 794 5879 connubia
815 5817 925 5879 illicite
947 5823 1166 5880 contracturos
1188 5817 1252 5890 dat,
1275 5823 1312 5878 ut

563 5911 596 5973 in
618 5910 774 5974 catholico
795 5911 913 5991 populo
935 5918 1132 5976 extenuetur
1154 5913 1311 5974 memoria

1079 533 1144 583 lun.
1169 531 1261 584 PONE.
1284 531 1325 582 tte
1347 532 1377 583 P.
1401 535 1432 584 F.
1455 533 1540 583 PARS
1561 535 1583 583 1.

1365 674 1524 721 canonum
1547 675 1583 720 ea
1605 655 1809 719 matrimonia
1831 653 2061 717 detestantium
2083 660 2114 716 et

1365 752 1622 814 constantissime
1651 766 1762 822 curae,
1790 764 1852 825 qua
1879 754 1985 810 sancta
2013 753 2114 809 mater

1365 845 1504 908 Ecclesia
1527 843 1609 907 lilios
1631 859 1706 906 suos
1728 849 1876 904 avertere
1897 841 2007 903 studet
2027 841 2064 902 ab
2080 842 2115 904 il-

1364 939 1402 1000 lis
1417 940 1450 1002 in
1466 953 1598 1002 suarum
1621 937 1800 999 animarum
1817 937 1969 998 iacturam
1993 941 2116 997 contra-

1364 1033 1490 1095 hendis.
1509 1033 1562 1094 Eis
1578 1037 1726 1094 vestrum
1742 1029 1946 1106 aliorumque
1958 1028 2115 1090 sodalium

1365 1127 1554 1190 Antistitum
1582 1133 1613 1188 et
1641 1125 1857 1203 parochorum
1886 1123 1959 1194 erit,
1984 1123 2018 1184 in
2045 1139 2117 1185 eru·

1366 1221 1489 1283 diendis
1511 1221 1580 1282 sive
1603 1219 1752 1298 privatim
1774 1218 1843 1280 sive
1866 1217 1994 1295 publice
2017 1217 2118 1278 fideli-

1365 1315 1434 1388 hus,
1459 1313 1655 1391 flagrantiori
1677 1312 1891 1390 inposterum
1915 1311 1987 1372 zelo
2002 1311 2119 1373 doctri-

1366 1423 1438 1470 nam
1461 1414 1493 1469 et
1515 1407 1605 1484 leges
1631 1407 1668 1468 ad
1690 1405 1849 1468 connubia
1879 1405 1990 1466 eadem
2021 1405 2118 1482 perti-

1366 1507 1480 1562 nentes
1503 1515 1774 1571 aommemorare,
1802 1503 2048 1574 accuratamque
2070 1513 2118 1560 ea-

1365 1611 1439 1656 rum
1455 1595 1631 1658 custodiam
1648 1594 1831 1669 iniungere.
1857 1591 1939 1653 Haec
1955 1590 2063 1652 omnia
2079 1607 2134 1651 es·

1365 1689 1503 1767 spectati
1524 1687 1630 1749 vestri
1653 1685 1824 1762 religione,
1843 1685 1905 1748 side
1928 1691 1960 1745 et
1981 1683 2015 1746 iu
2038 1684 2119 1745 hanc

1365 1783 1399 1843 Β.
1424 1782 1509 1844 Petri
1532 1781 1715 1842 cathedram
1737 1778 1920 1840 reverentii
1943 1777 2036 1840 nobis
2052 1793 2119 1838 cer-

1366 1877 1490 1938 tissime
1511 1875 1711 1954 pollicentes,
1729 1872 1875 1936 eaelestis
1890 1873 2002 1934 auxilii
2017 1872 2120 1950 auspi-

1366 1985 1437 2032 cem
1459 1975 1492 2031 et
1513 1975 1663 2047 paternae
1685 1972 1813 2028 nostrae
1836 1966 1974 2028 caritatis
2003 1973 2119 2027 testem

1366 2063 1571 2140 apostolicam
1594 2059 1854 2122 benedictionem
1873 2059 1964 2120 vobis
1988 2060 2120 2121 univer-

1367 2157 1475 2233 sisque
1497 2155 1629 2230 collegis
1658 2153 1789 2224 vestris,
1814 2169 1886 2214 cum
1914 2154 2046 2232 proprio
2069 2170 2121 2214 cu-

1367 2251 1482 2327 iusque
1505 2264 1606 2326 grege
1625 2247 1934 2319 communicandam,
1953 2263 2121 2324 peraman-

1368 2352 1417 2406 ter
1438 2343 1656 2420 impertimur.

1407 2438 1520 2499 Datum
1542 2435 1672 2508 Romae,
1691 2437 1772 2514 apud
1789 2434 1820 2497 S.
1840 2435 1971 2498 Petrum
1990 2436 2052 2497 sub
2068 2453 2121 2498 an-

1367 2531 1444 2594 nulo
1456 2530 1624 2593 Piscatoris
1637 2529 1689 2591 die
1705 2545 1782 2590 aas.
1800 2529 1909 2606 aprilis
1929 2545 2119 2602 dccccxci,

1367 2625 1569 2705 pontificatus
1591 2623 1694 2685 nostri
1715 2639 1799 2684 anno
1821 2640 1865 2684 xi.

1675 2905 1807 2970 cxcvi.

1368 3093 1542 3175 Respondet
1574 3094 1670 3156 Areia.
1705 3093 1884 3157 Parisieasi
1916 3097 2028 3154 aotam
2060 3089 2122 3154 sibi

1407 3203 1471 3248 esse
1491 3203 1607 3250 adoaia
1627 3187 1814 3250 Societatem
1833 3203 1892 3267 pro
1912 3184 2121 3248 missionibus

1407 3281 1442 3342 ia
1457 3279 1534 3342 iocis
1550 3280 1783 3342 haereticoram
1798 3279 1945 3360 Europae
1959 3279 2044 3348 sitis,
2058 3277 2122 3340 dis-

1407 3374 1553 3438 iaactaaa
1576 3371 1614 3436 ab
1637 3373 1695 3436 iiia
1710 3373 1949 3451 Propagationis
1964 3372 2055 3435 Eidei
2075 3373 2121 3434 di-

1407 3473 1479 3540 cta;
1501 3473 1536 3530 at
1557 3465 1593 3530 eb
1615 3483 1727 3548 praees
1748 3467 1890 3528 rationes
1909 3473 2122 3548 coaptarent

1407 3563 1514 3625 eadem
1536 3561 1677 3624 Societas
1699 3562 1822 3623 eaiiaia
1842 3577 1906 3622 aaa
1923 3559 2058 3634 haheat;
2074 3578 2121 3622 re-

1406 3673 1518 3738 sponso
1542 3655 1684 3719 adnectit
1705 3656 1816 3718 literas
1839 3653 1869 3716 S.
1896 3653 2122 3735 Goaprepatie-

1406 3751 1458 3813 aia
1480 3749 1516 3812 de
1537 3767 1572 3812 re
1600 3754 1728 3830 egentes
1757 3755 1786 3810 et
1813 3748 2013 3818 iudicantes,
2045 3749 2121 3827 qaid

1408 3861 1428 3906 a
1448 3841 1591 3925 fidelibus
1609 3841 1829 3924 peragendam
1848 3843 1902 3904 ait.

1437 4029 1607 4095 Venerabili
1631 4029 1719 4096 tratri
1743 4028 1884 4112 dionysio
1909 4029 2048 4112 Augusto

1522 4123 1759 4207 archiepiscopo
1784 4123 1961 4202 Parisiensi,

1542 4307 1762 4376 caesonius
1786 4310 1846 4376 ΡΡ.
1872 4309 1945 4376 xit.

1583 4495 1774 4564 Venerabilis
1796 4497 1904 4571 irater,

1401 4591 1531 4660 salutern
1554 4598 1585 4658 et
1608 4592 1806 4676 apostolicam
1830 4591 2083 4659 benedictionem.

1408 4783 1455 4844 Ex
1477 4783 1590 4856 literis,
1622 4797 1699 4860 quas
1728 4781 1787 4843 snb
1814 4781 1865 4843 die
1893 4798 1981 4843 xxvi.
2013 4782 2117 4843 martii

1368 4879 1464 4941 huius
1486 4879 1560 4941 anni
1592 4879 1773 4941 fraternitas
1803 4885 1855 4940 tua
1877 4879 1915 4940 ad
1937 4895 1995 4941 nos
2019 4879 2115 4951 misit,

1368 4973 1600 5045 intelleximus,
1625 4973 1657 5034 id
1678 4973 1762 5049 quod
1792 4979 1920 5049 gratum
1942 4973 2117 5035 vehemen-

1368 5073 1419 5128 ter
1440 5067 1551 5128 accidit
1572 5065 1675 5139 nobis,
1699 5065 1875 5128 desiderari
1897 5066 2021 5129 scilicet
2041 5083 2057 5128 a
2075 5073 2114 5138 te,

1368 5167 1404 5223 ut
1426 5176 1489 5238 quo
1512 5175 1655 5223 essemus
1677 5161 1784 5222 animo
1805 5175 1881 5238 erga
1897 5163 2116 5244 nuperrimam

1368 5270 1426 5334 pro
1448 5253 1610 5316 catholicis
1633 5255 1841 5316 missionibus
1861 5255 2116 5317 constituendam

1369 5349 1559 5412 Societatem
1581 5348 1640 5410 tibi
1662 5349 1929 5426 significaremus.
1948 5348 2015 5411 Etsi
2031 5349 2115 5410 enim

1368 5448 1459 5504 autea
1478 5441 1611 5504 minime
1627 5441 1861 5514 dubitabamus,
1878 5442 1957 5519 quin
1971 5441 2116 5504 fraterni-

1368 5543 1414 5598 tas
1431 5542 1484 5598 tua
1500 5551 1545 5609 ea,
1560 5549 1622 5613 qua
1637 5551 1692 5614 par
1708 5541 1803 5607 esset,
1819 5535 2021 5598 observantia
2032 5533 2115 5596 Petri

1368 5629 1558 5693 Cathedram
1581 5636 1848 5708 prosequeretur,
1872 5629 1930 5692 hac
1945 5635 2053 5692 tamen
2068 5645 2115 5691 oc·

1368 5725 1493 5787 rasione
1517 5725 1562 5786 tui
1585 5741 1661 5802 erga
1683 5741 1742 5786 nos
1765 5723 1977 5801 Sanctamque
2001 5723 2113 5786 Sedem

1369 5817 1515 5895 obsequii
1543 5818 1841 5896 splendidissimam
1870 5817 2049 5897 accepimus
2070 5823 2114 5878 te-

1368 5911 1569 5974 stimoniam.
1600 5911 1757 5974 Novimus
1786 5911 1918 5988 quidem
1945 5911 2025 5975 illud
2046 5927 2062 5972 a
2082 5915 2113 5972 te

2140 522 2187 573 An.
2201 527 2226 576 (i.
2247 535 2293 585 tan
