4770 6982
103 569 150 616 113.
165 566 195 615 C.
217 564 283 614 1843

928 575 1103 622 baudonius
1125 576 1176 622 ΡΡ.
1200 577 1266 622 uvl.

583 693 783 788 ,331111.

321 879 442 943 Novom
471 879 677 962 episcopatem
706 883 808 946 ecdem
834 883 1015 946 Petricrolne
1036 885 1071 946 im

360 971 536 1054 foederatis
553 975 717 1040 Amoricoe
734 975 1009 1057 Septemtrtouolis
1024 993 1072 1039 rc-

361 1066 509 1150 piortibtts
529 1071 707 1141 cootstitrtit,
725 1072 817 1133 coires
836 1071 986 1134 dioecesis
1007 1077 1072 1134 sta·

363 1168 430 1224 tom
453 1161 621 1226 ,11133131
643 1165 884 1246 complectatur.

494 1335 717 1406 essecutus
742 1338 803 1405 ΡΡ.
828 1338 900 1404 titt.

433 1461 469 1526 ad
493 1467 669 1543 perpetuam
693 1462 737 1528 rei
760 1465 944 1530 memoriam.

363 1635 398 1698 iu
413 1639 564 1716 suprema
576 1638 742 1701 militantis
757 1639 917 1702 Ecclesiae
932 1641 1072 1720 speculi,

323 1729 388 1791 Deo
410 1731 455 1792 sic
477 1731 620 1806 volente,
637 1733 793 1804 collocati,
818 1740 913 1810 atque
928 1734 1075 1796 universi

324 1823 478 1887 dominici
501 1828 610 1904 gregis
637 1844 746 1888 curam
777 1834 943 1904 gerentes,
968 1844 1006 1890 eo
1028 1828 1075 1889 in-

324 1919 459 1981 tendere
481 1921 585 1984 3131113
606 1927 715 1984 nostra
737 1921 905 1990 debemus,
919 1930 955 1983 ut
976 1937 1075 1984 novas

324 2027 382 2089 per
403 2019 566 2074 terrarum
589 2014 700 2076 orbem
723 2014 885 2076 dioeceses
905 2015 1076 2076 constitua-

325 2121 408 2178 rnus,
433 2115 530 2184 prout
551 2124 663 2170 rerum
679 2125 713 2170 ac
728 2115 912 2186 temporum
935 2109 1076 2170 1311313-

324 2207 472 2278 ratque
501 2203 647 2280 pluribus
672 2202 853 2266 constitutis
883 2201 1074 2280 pastoribus,

324 2294 445 2356 rectius
467 2302 563 2374 atque
579 2296 760 2374 expeditius
782 2295 947 2357 christiani
967 2295 1076 2374 gregis

325 2388 538 2452 incolumitati
562 2389 760 2452 consulatur.

364 2483 383 2558 ἓ
407 2483 435 2544 1.
459 2483 611 2557 Quocirca
632 2501 705 2546 curn
728 2485 761 2546 in
783 2484 926 2547 Concilio
948 2484 985 2546 V.
1009 2485 1077 2546 Bai·

326 2577 496 2641 timorensi
520 2597 632 2642 mense
655 2579 739 2642 maio
764 2596 847 2641 anno
874 2596 1074 2642 3333313111.

326 2671 412 2734 13131
434 2679 541 2736 331313
561 2675 643 2737 illud
672 2689 802 2752 [quoque
824 2691 899 2736 313
925 2673 1077 2736 catholici

327 2782 398 2828 esse
421 2767 718 2840 1311331331133111,
736 2775 773 2830 ut
787 2767 825 2830 ad
847 2767 991 2829 stabilius
1004 2785 1077 2830 con-

327 2861 516 2923 firmandam
534 2877 568 2923 ac
584 2861 679 2923 latius
694 2860 922 2940 proferendam
934 2861 1078 2924 christia-

327 2971 400 3015 nam
413 2955 511 3018 iidem
527 2956 745 3018 infoederatis
761 2955 927 3018 1113311333
939 2963 1078 3034 septem-

328 3049 472 3113 trionalis
501 3049 690 3128 regionibus
720 3055 857 3128 quatuor
885 3065 987 3112 novae
1014 3050 1078 3127 epi-

326 3145 469 3222 scopales
485 3145 578 3206 sedes
596 3145 774 3221 erigantur,
792 3158 929 3220 quarum
945 3160 1009 3204 3113
1024 3143 1078 3204 Pe-

327 3237 461 3300 tricuiae
484 3255 541 3300 seu
564 3238 768 3300 Little-llock
791 3243 963 3309 statuatur,
988 3237 1078 3300 cuius

328 3331 483 3394 dioecesis
499 3338 617 3394 statum
638 3331 1076 3410 11133333331331311331131,

272 3505 275 3512 .
328 3442 386 3487 nos
414 3427 493 3488 tanti
521 3425 679 3488 momenti
708 3441 777 3487 rem
804 3441 902 3486 venn.
926 3424 1079 3487 fratribus

328 3520 447 3582 nostris
464 3519 495 3583 S.
510 3519 545 3584 R.
560 3521 596 3582 Ε.
613 3520 835 3584 Cardinalibus
851 3519 989 3596 negotiis
1004 3518 1079 3582 Pro-

329 3616 492 3692 pagandae
506 3615 595 3677 Fidei
610 3614 801 3694 praepositis
816 3613 1078 3692 perpendendam

328 3710 561 3772 commisimus.
586 3709 706 3772 Matura
727 3708 828 3785 igitur
847 3707 1079 3770 deliberatione

329 3803 479 3876 adhibite,
504 3805 543 3866 de
573 3803 753 3866 eorundem
776 3802 912 3864 11311313
945 3801 1079 3864 consilio

330 3905 541 3963 memoratam
569 3897 748 3959 Petriculae
781 3895 980 3975 episcopatus
1011 3911 1080 3957 ere-

329 3991 470 4052 ctionem
492 3991 608 4054 utilem
630 3991 853 4068 cognorimus.

370 4085 440 4159 52.
464 4084 551 4146 biotu
579 4085 680 4162 igitur
709 4085 840 4163 proprio
867 4091 900 4146 et
928 4085 1080 4147 3133113

329 4178 472 4250 scientia,
496 4178 601 4255 deque
624 4178 993 4260 apostolicaepotestatis
1015 4179 1081 4257 ple-

330 4272 477 4334 nitudine
506 4289 623 4335 novam
652 4272 865 4350 episcopalem
892 4273 1001 4334 sedern
1025 4271 1081 4334 Pe-

330 4365 464 4426 triculae
485 4382 543 4426 seu
565 4364 787 4436 billis-Book,
812 4365 902 4426 cuius
926 4365 1080 4426 dioecesis

330 4463 448 4520 statum
471 4458 631 4520 Arkansas
653 4457 901 4536 complectatur,
926 4457 1081 4535 cuiusque

332 4553 444 4615 titulus
466 4569 483 4614 a
504 4554 586 4616 dicta
604 4553 782 4615 Petriculae
798 4552 878 4614 urbe
900 4551 1079 4623 derivetur,

331 4645 364 4706 vi
395 4645 614 4724 praesentium
647 4645 814 4710 literarum
844 4644 1019 4722 erigimus,
1050 4651 1082 4707 et

331 4738 571 4802 constituimus

371 4836 390 4909 5
410 4833 439 4894 3.
464 4834 682 4897 Decernentes
701 4834 757 4896 bas
773 4839 959 4912 praesentes
973 4833 1081 4896 literas

332 4929 451 5002 firmas,
467 4929 587 4992 validas
600 4935 632 4992 et
644 4929 785 4992 efficaces
801 4928 940 4990 existere
953 4943 987 4988 ac
999 4927 1079 5000 iore,

333 5039 473 5100 suosque
489 5023 650 5101 plenarios
663 5030 695 5084 et
706 5023 851 5099 integros
867 5022 999 5083 effectus
1015 5037 1081 5082 sor-

333 5115 385 5176 tiri
408 5121 440 5178 et
462 5115 620 5189 obtinere,
645 5133 679 5178 ac
703 5114 776 5176 ilios
796 5115 832 5177 ad
856 5129 936 5192 quos
961 5119 1083 5193 spectat

333 5217 366 5272 et
390 5209 555 5288 spectabit,
581 5210 642 5272 boc
664 5209 847 5286 futurisque
870 5208 1080 5287 temporibus,

334 5302 520 5382 plenissime
542 5303 721 5380 suflragari.
746 5302 923 5365 Contrariis
944 5318 1010 5363 non
1030 5302 1083 5364 ob·

334 5397 490 5458 stantibus
513 5395 782 5474 quibuscumque.

374 5492 488 5555 ilatum
510 5492 629 5555 Romae
650 5492 735 5571 apud
757 5490 789 5554 S.
806 5491 939 5554 Petrum
954 5491 1014 5553 sub
1030 5507 1083 5553 an·

334 5587 412 5649 uuio
424 5587 549 5660 Piscat,
571 5587 622 5648 die
644 5602 759 5648 xxvru.
774 5600 849 5646 nor.
867 5601 1080 5657 3333311113,

334 5681 537 5759 pontificatus
559 5681 662 5743 nostri
683 5696 767 5742 anno
783 5696 854 5742 1111.
879 5677 935 5760 (1).

1405 698 1596 762 cdxxxvi.

1129 882 1236 964 Eripit
1260 885 1457 950 Vicoriotom
1483 889 1698 970 apostolicum
1722 889 1878 969 1313313-

1168 976 1262 1040 nibus
1291 980 1530 1044 transilientes
1559 981 1679 1045 Soucos
1701 983 1824 1063 positos
1851 987 1880 1043 ct

1171 1071 1367 1136 Columbiom
1395 1093 1451 1136 oco
1483 1075 1605 1156 Orcqoo
1638 1077 1814 1157 oppcllotos
1844 1077 1879 1138 io

1169 1167 1318 1229 Americd
1341 1167 1617 1248 Septemtrioouti,
1641 1187 1780 1249 quorum
1800 1187 1879 1251 poro

1168 1259 1210 1322 od
1231 1259 1512 1342 archiepiscopum
1544 1261 1779 1338 robcccoseoo,
1794 1279 1880 1344 ,poro

1170 1353 1211 1416 od
1228 1354 1419 1436 Episcopum
1431 1356 1462 1418 S.
1477 1357 1632 1420 Lodooioi
1643 1357 1799 1420 booteous
1814 1375 1880 1437 spc-

1169 1453 1314 1511 otoruot.

1303 1647 1523 1718 sesebutus
1547 1651 1608 1717 ΡΡ.
1633 1651 1704 1718 litt.

1251 1809 1287 1878 ad
1310 1819 1486 1895 perpetuam
1509 1814 1552 1880 rei
1577 1815 1759 1882 memoriam.

1171 2016 1331 2080 Pastorale
1368 2020 1507 2082 officium
1541 2020 1648 2082 divina
1680 2022 1881 2099 providentia

1132 2117 1260 2172 nostrae
1276 2111 1449 2175 humilitati
1467 2115 1654 2192 impositum
1674 2116 1806 2178 omnino
1829 2133 1882 2176 ex-

1132 2205 1242 2281 quirit,
1266 2211 1303 2266 31
1328 2206 1392 2268 iilis
1421 2208 1612 2285 praesertim
1643 2208 1775 2279 ovibus,
1801 2225 1882 2286 quae

1132 2295 1284 2373 regiones
1307 2297 1344 2358 ab
1367 2298 1424 2360 bac
1446 2299 1626 2377 apostolica
1647 2298 1740 2372 Sede,
1764 2300 1817 2362 ubi
1835 2318 1883 2362 ca-

1132 2390 1269 2452 13311333
1292 2399 1442 2454 33311313
1464 2401 1513 2455 est
1534 2393 1676 2466 unitatis,
1701 2394 1799 2471 longe
1821 2395 1883 2456 dis-

1133 2485 1206 2546 sitas
1228 2485 1385 2558 incolunt,
1409 2489 1518 2550 nostra
1540 2487 1709 2551 sedulitate
1739 2489 1883 2552 cousula-

1134 2595 1216 2652 rnus,
1241 2587 1276 2641 ut
1298 2581 1330 2642 in
1352 2581 1492 2644 adventu
1522 2566 1658 2644 Pastoris
1687 2584 1810 2644 aeterni
1833 2600 1882 2644 re-

1133 2680 1259 2752 pertae,
1294 2675 1377 2738 sicut
1408 2683 1553 2754 oportet,
1587 2693 1646 2755 per
1678 2677 1882 2755 apostolicam

1134 2784 1242 2830 curam
1265 2768 1349 2830 intra
1370 2785 1487 2832 verum
1510 2770 1655 2844 ovile,ad
1679 2787 1791 2848 pascua
1813 2787 1883 2832 coe·
1940 2791 1946 2798 ·

1134 2861 1223 2924 lestia
1248 2862 1384 2924 feliciter
1407 2864 1636 2942 perducantur.

1173 2957 1192 3030 5
1215 2955 1242 3018 1.
1265 2955 1369 3030 Quare
1391 2973 1465 3019 cum
1480 2958 1513 3019 in
1530 2957 1673 3020 Concilio
1695 2959 1884 3037 provinciali

1134 3048 1361 3112 Baltimorensi
1374 3050 1410 3112 V.
1425 3051 1592 3128 religionis
1605 3053 1690 3114 bono
1703 3054 1884 3114 conducere

1134 3143 1240 3204 visum
1263 3145 1314 3216 sit,
1337 3151 1374 3206 ut
1395 3144 1571 3207 vicariatus
1598 3145 1801 3224 Apostolicus
1824 3145 1885 3208 eri-

1135 3239 1570 3318 gatur,quicomprel1endat
1583 3239 1782 3303 territorium
1797 3246 1884 3301 trans

1135 3338 1262 3392 montes
1284 3349 1405 3404 saxeos,
1430 3332 1529 3410 vulgo
1552 3334 1594 3395 tes
1619 3331 1804 3413 Montopaes
1827 3331 1885 3393 lio-

1134 3424 1272 3494 cbeoses,
1296 3425 1405 3498 situm,
1423 3444 1456 3490 33
1473 3427 1674 3488 territorium
1695 3427 1884 3489 Colunrbiae

1134 3534 1192 3580 seu
1214 3516 1343 3596 Oregon
1365 3519 1518 3598 appellari
1540 3519 1682 3592 solitum,
1707 3521 1823 3598 partim
1847 3521 1884 3582 ad

1134 3610 1373 3684 Ouebecensem
1398 3613 1513 3690 partim
1529 3614 1565 3674 ad
1583 3613 1613 3675 S.
1629 3613 1781 3676 Ludovici
1798 3614 1884 3675 dioe-

1135 3705 1233 3766 cesim
1249 3705 1311 3768 buc
1325 3722 1430 3783 usque
1444 3708 1621 3786 pertinens,
1635 3725 1669 3770 33
1683 3707 1884 3770 territorium

1135 3799 1233 3860 simul
1255 3800 1428 3870 contineat.
1452 3802 1538 3878 quod
1560 3807 1647 3863 trans
1663 3817 1715 3864 eas
1731 3803 1883 3879 regiones

1135 3893 1346 3955 constitutum
1381 3902 1446 3966 est,
1481 3895 1632 3972 quodque
1664 3897 1818 3958 hactenus
1847 3898 1885 3960 ad

1136 3987 1308 4050 dioecesim
1335 3987 1575 4062 Quebecensetn
1605 3991 1802 4068 pertinebat,
1826 4007 1885 4052 nos

1136 4081 1282 4143 eiusdem
1298 4081 1431 4144 Concilii
1450 4082 1691 4145 Baltimorensis
1713 4083 1797 4148 votis
1813 4099 1884 4163 pre-

1136 4175 1291 4252 cibusque
1303 4183 1494 4248 annuentes
1512 4177 1551 4238 de
1563 4193 1661 4238 venn.
1676 4177 1813 4239 11311313
1829 4195 1886 4240 33-

1136 4275 1280 4330 31131331
1314 4269 1345 4330 S.
1370 4269 1405 4331 li.
1430 4269 1465 4330 E.
1496 4269 1713 4332 Cardinalium
1742 4271 1885 4348 negociis

1136 4361 1360 4440 Propagandae
1368 4363 1456 4425 Fidei
1470 4365 1723 4442 praepositorum
1738 4365 1883 4438 consilio,

1137 4456 1233 4517 rebus
1255 4448 1382 4518 mature
1399 4458 1577 4536 perpensis,
1595 4455 1903 4521 331311333113111111Ι

1137 4565 1328 4622 cousensus,
1353 4565 1450 4628 quern
1473 4551 1553 4612 31133
1575 4551 1830 4614 iurisdictionem
1853 4553 1886 4613 in

1137 4649 1330 4705 memoratas
1366 4644 1516 4721 regiones
1557 4644 1780 4708 dimittendam
1816 4653 1886 4708 tum

1137 4753 1211 4800 ren.
1242 4739 1341 4800 113131
1362 4736 1629 4818 archiepiscopus
1654 4738 1884 4814 Quebecensis,

1138 4838 1205 4894 1313
1227 4847 1301 4894 ven.
1320 4832 1419 4894 irater
1434 4831 1608 4911 Episcopus
1625 4833 1656 4895 S.
1671 4833 1822 4897 Ludorici
1839 4835 1887 4897 ul·
1910 4869 1912 4874 ·

1136 4933 1187 4988 tro
1221 4926 1397 5000 dederunt,
1423 4933 1512 4988 motu
1545 4928 1692 5006 proprio,
1725 4936 1820 5006 atque
1847 4945 1887 4991 31

1137 5021 1222 5082 certa
1237 5020 1367 5082 scientia
1383 5039 1417 5083 ac
1434 5023 1558 5083 matura
1574 5023 1816 5094 deliberatione,
1834 5024 1886 5084 de·
1968 5059 1971 5068 ·

1137 5129 1200 5191 que
1222 5114 1412 5192 apostolicae
1429 5115 1594 5193 potestatis
1618 5115 1818 5194 plenitudine
1835 5116 1887 5178 ba-

1137 5223 1211 5269 rum
1228 5208 1396 5270 literarum
1408 5209 1438 5269 vi
1457 5225 1578 5272 novum
1595 5209 1788 5272 vicariatum
1805 5210 1887 5291 Apo-

1137 5302 1286 5365 stolicum
1317 5302 1473 5380 erigimus
1503 5320 1537 5366 33
1565 5304 1800 5376 constituimus,
1832 5307 1887 5382 qui

1138 5395 1307 5474 complecti
1330 5395 1444 5457 debeat
1465 5396 1667 5458 territorium
1690 5403 1777 5458 trans
1801 5397 1887 5459 bion-

1138 5497 1185 5553 tes
1196 5505 1316 5562 saxeos,
1331 5490 1432 5567 vulgo
1444 5491 1486 5552 los
1499 5489 1687 5571 Mootopocs
1701 5489 1885 5562 llocbooooe,

1138 5584 1248 5656 situm,
1266 5601 1299 5645 ac
1314 5583 1516 5646 territorium
1532 5583 1719 5646 Columbiae
1740 5601 1798 5646 seu
1813 5582 1888 5647 013-

1140 5694 1203 5755 gon
1225 5677 1431 5756 appellatum,
1450 5677 1565 5756 partim
1587 5677 1625 5739 ad
1646 5677 1888 5752 Quebecensern

376 5924 404 5980 (l)
420 5925 518 5972 Eadem
532 5924 575 5970 die
595 5935 643 5982 per
663 5923 764 5970 similes
778 5923 872 5969 literas
892 5927 925 5969 1n
939 5935 1070 5977 suprema
1090 5922 1231 5969 constituit
1252 5921 1343 5968 eccles.
1358 5921 1522 5976 Milreclaien,
1539 5919 1723 5976 startsordien,
1738 5919 1887 5978 calcegieu.

335 5991 398 6038 Vide
411 5992 481 6040 inire
496 5996 669 6038 arctissimae
683 5995 765 6036 nobis.
