4864 6994
115 606 173 658 Au.
185 607 214 657 0.
237 607 318 686 111311

335 735 573 816 Archiepiscopi
595 738 1080 816 Tuameusisutisullraganeam

334 829 532 902 subiicimus,
549 847 583 891 ac
597 831 630 892 in
652 848 688 892 ea
708 833 828 904 sedem,
843 833 1025 896 cathedram
1049 839 1081 894 et

336 922 524 999 dignitatem
540 924 750 1003 episcopalem
774 941 832 1004 pro
847 941 912 986 utto
932 926 1085 1004 deinceps*

335 1016 490 1094 Episcopo
505 1017 664 1079 Galriensi
680 1020 903 1097 rruncupando,
923 1019 978 1096 qui
995 1019 1080 1080 dioe-

335 1109 430 1169 cesim
447 1110 561 1172 babeat
582 1127 621 1171 ex
644 1111 708 1189 ipsa
727 1112 854 1174 civitate
876 1129 909 1172 ac
935 1112 1079 1173 districtu

334 1201 493 1264 Galviensi
509 1204 749 1276 ellormandam,
764 1205 819 1282 qui
832 1205 991 1277 ecclesiae,
1006 1205 1080 1266 civi-

337 1295 391 1356 tati
406 1301 438 1356 et
456 1297 592 1358 dioecesi
612 1297 770 1358 Galviensi
790 1298 905 1376 praesit
923 1315 956 1358 ac
975 1299 1081 1360 omnia

336 1393 368 1448 et
380 1387 506 1464 singula
518 1389 597 1462 iura,
616 1390 715 1451 obicia
730 1396 762 1452 et
773 1391 882 1451 munia
894 1390 1080 1468 episcopalia

335 1489 492 1556 exerceat,
507 1483 618 1544 eadem
635 1484 803 1561 apostolica
818 1483 1004 1545 auctoritate
1020 1485 1080 1544 eri-

336 1573 441 1650 gimus
464 1581 496 1636 et
516 1576 750 1638 constituimus

139 1675 316 1737 3131111313-
374 1665 443 1741 58.
467 1667 588 1730 Futuro
609 1669 733 1731 interea
745 1669 899 1748 Episcopo
921 1669 1080 1732 Galriensi

107 1731 316 1844 ξ’ᾃῖᾖιῑξξὸῗωὲἓ
335 1759 517 1822 facultatem
546 1761 719 1824 tribuimus
749 1779 870 1824 norum
899 1762 1080 1824 cathedrale

106 1835 213 1932 H'r‘aiffm
231 1835 317 1880 ⁰³¹·h‘·
335 1851 508 1928 capitulum
529 1854 721 1927 stabiliendi,
735 1857 772 1916 iis
795 1858 889 1918 modo
912 1864 944 1918 et
965 1857 1077 1928 forma,

336 1944 450 2020 quibus
471 1962 530 2023 pro
550 1947 614 2008 suis
636 1948 752 2010 iudicio
775 1956 807 2011 et
828 1951 997 2028 prudentia
1017 1966 1080 2012 ma-

336 2036 384 2112 gis
405 2038 438 2098 in
459 2039 596 2102 Domino
618 2042 771 2118 expedire
793 2043 992 2104 iudicaverit.

133 2135 231 2218 potatio
247 2145 316 2199 uren·
374 2131 393 2206 5
414 2129 443 2190 9.
467 2131 508 2192 ut
529 2139 637 2194 autem
659 2150 820 2212 congruae
833 2153 866 2198 ac
878 2137 1005 2198 decenti
1021 2153 1078 2215 pro

108 2201 145 2233 Μ
155 2189 315 2245 ⁰⁰¹⁵⁰⁰⁰³¹¹⁵'
337 2227 481 2300 tempore
494 2225 658 2288 existentis
673 2228 817 2306 Episcopi
829 2228 1003 2291 Galviensis
1014 2246 1080 2291 sus-

336 2317 502 2378 tentationi
529 2325 561 2379 31
579 2321 784 2396 pastoralium
806 2338 979 2384 munerum
995 2339 1079 2385 com·

335 2409 431 2472 modo
443 2412 597 2474 exercitio
612 2415 806 2487 consulatur,
823 2432 898 2493 prae
913 2417 1010 2477 oculis
1026 2418 1078 2478 ha-

335 2502 446 2566 bentes
468 2505 612 2568 eiusdem
628 2507 824 2586 episcopatus
837 2525 958 2570 annuos
974 2511 1077 2573 reddi·

336 2603 386 2656 tus
397 2597 434 2658 ad
445 2597 625 2660 biscentum
643 2601 805 2684 dumtaxat
820 2602 915 2662 libras
930 2610 1078 2666 monetae

335 2687 526 2765 snglicanae
548 2707 638 2770 posse
660 2693 829 2766 aestimari,
847 2701 879 2756 et
899 2695 971 2756 ideo
987 2697 1078 2758 valde

335 2796 472 2858 aequum
495 2799 563 2845 esse
577 2785 636 2846 alia
656 2786 715 2864 ipsi
730 2803 914 2866 comparare
928 2789 1075 2862 subsidia,

335 2874 548 2950 decernimus,
571 2885 607 2939 ut
635 2895 706 2941 cum
737 2880 891 2960 Episcopo
919 2882 1077 2945 Galviensi

335 2986 403 3030 mos
424 2969 478 3032 ille
501 2973 677 3034 servandus
698 2975 748 3044 sit,
773 2989 870 3050 quem
899 2975 1077 3054 Apostolica

335 3062 432 3125 Sedes
453 3079 529 3140 erga
551 3065 693 3142 reliquos
718 3067 887 3130 Hiberniae
910 3070 1077 3148 Episcopos

333 3163 449 3228 serrat,
480 3157 618 3234 aliquam
648 3159 769 3221 scilicet
793 3163 971 3240 paroeciam
1001 3170 1077 3224 tam-

335 3263 428 3324 quam
451 3250 627 3312 mensalem
650 3253 687 3313 iis
704 3253 910 3326 conterendo,
928 3271 991 3332 quo
1008 3273 1078 3335 pos-

332 3341 396 3402 sint
417 3357 457 3402 ex
478 3344 710 3420 parochialibus
721 3347 899 3410 redditibus
921 3355 1078 3427 tempora-

333 3434 415 3496 libus
438 3451 609 3499 occurrere
630 3439 882 3502 necessitatibus.
905 3442 1077 3520 11111113111-

333 3527 417 3590 circo
439 3529 652 3605 parochialem
679 3531 851 3594 Ecclesiam
874 3535 1076 3600 Galviensem

334 3621 372 3681 de
384 3619 516 3682 llahoon
530 3629 755 3700 nuncupatam,
773 3643 788 3684 a
802 3637 1077 3703 supramemorato

333 3713 479 3790 praesule
499 3713 623 3777 Erench
645 3715 678 3776 in
702 3733 849 3794 praesens
866 3720 1028 3783 obtentam
1045 3730 1077 3785 et

333 3805 370 3866 ab
392 3821 430 3866 eo
451 3807 675 3882 resignandam
692 3825 765 3870 cum
782 3811 818 3871 ad
835 3813 977 3890 proprias
992 3815 1077 3877 dioe-

333 3913 418 3959 ceses
440 3914 510 3960 sese
525 3901 677 3970 conferat,
694 3912 857 3964 reservata
871 3905 930 3966 sibi
945 3907 1008 3968 vita
1022 3923 1077 3969 sua

332 3991 468 4052 naturali
489 3991 624 4055 durante
647 3995 800 4070 pensione
821 4013 924 4059 annua
946 4015 1077 4078 respon·

334 4083 429 4146 dente
452 4085 564 4146 tertiae
585 4087 667 4164 parti
689 4088 875 4150 lructuuum
898 4093 951 4153 rel
974 4094 1077 4156 reddi-

334 4185 426 4240 tuum
447 4179 545 4258 ipsius
567 4182 740 4258 paroeciae,
764 4183 851 4245 illam
874 4185 983 4248 luturo
1006 4187 1077 4265 Epi-

332 4287 427 4348 scopo
448 4272 605 4334 Galvieusi
621 4291 683 4336 nna
703 4291 776 4336 cum
792 4277 961 4356 episcopali
979 4281 1077 4342 eccle·
1119 4285 1123 4294 '

333 4365 377 4424 sia
398 4366 598 4428 retinendam
622 4369 688 4444 pari
707 4371 876 4446 apostolica
891 4373 1077 4434 auctoritate

333 4472 373 4516 ex
392 4474 478 4519 nunc
493 4475 551 4536 pro
568 4465 642 4520 tunc
664 4461 873 4523 conferendas
894 4465 1073 4527 statuimus.

120 4561 313 4606 3333311133-
372 4552 391 4624 5
415 4549 461 4612 lo.
486 4552 672 4614 Praesentes
694 4569 773 4615 vero
795 4555 914 4627 literas,
932 4563 964 4618 et
985 4558 1017 4619 in
1033 4560 1076 4619 eis

103 4615 151 4713 {³3¹ss
169 4616 314 4714 tssffiassffiffe'
332 4649 481 4705 contenta
497 4657 729 4722 quaecumque,
741 4648 831 4710 nullo
843 4663 984 4726 uuquam
998 4657 1076 4712 tem·

333 4750 410 4814 pore
426 4737 465 4798 de
481 4737 698 4815 subreptionis
718 4741 770 4801 vel
784 4740 981 4820 obreptionis
997 4745 1076 4806 ritio

332 4835 385 4890 aut
407 4830 552 4908 quolibet
573 4832 633 4892 alio
653 4835 857 4908 quantumvis
878 4836 1076 4900 substantiali

333 4921 459 4984 deiectu
481 4925 594 4996 notari,
618 4925 802 5003 impugnari
823 4929 875 4988 vel
898 4929 931 4990 in
952 4937 1077 4992 contro-

332 5016 469 5076 versiam
485 5017 591 5078 vocari
607 5018 740 5080 minime
761 5036 864 5098 posse,
880 5023 935 5083 sed
949 5039 1077 5101 semper

333 5114 366 5167 et
386 5115 544 5186 perpetuo
571 5110 688 5172 validas
711 5118 743 5173 et
769 5113 908 5175 efficaces
939 5116 1077 5178 existere

333 5205 366 5260 et
387 5199 467 5265 lore.
491 5207 524 5263 et
545 5203 582 5264 ab
604 5205 770 5275 omnibus,
796 5207 833 5268 ad
855 5222 935 5284 quos
958 5216 1078 5286 spectat

334 5299 366 5354 et
392 5295 546 5372 spectabit
578 5298 821 5373 quomodolibet
848 5300 880 5361 in
910 5301 1074 5376 luturum,

289 5459 296 5470 ¹
334 5385 496 5448 observari
519 5389 650 5462 debere,
675 5392 751 5451 etsi
773 5409 863 5454 secus
878 5409 975 5472 super
996 5395 1077 5458 hisa

333 5493 495 5556 quoquam
517 5483 690 5558 contigerit
711 5486 870 5558 attentari,
894 5487 1022 5549 irritum
1046 5495 1078 5550 et

332 5573 427 5635 inane
450 5575 663 5636 decernimus.

92 5677 314 5773 ἵ33313331133311-
373 5667 461 5741 5ll.
485 5666 556 5729 Non
578 5669 775 5732 obstantibus
803 5672 1003 5736 laudatorum
1029 5675 1077 5738 ln-

143 5739 245 5774 ¹⁰‘¹¹¹¹²·
334 5761 475 5823 notanus
496 5761 573 5823 riu.
592 5763 813 5826 accrementis
830 5766 908 5839 xri,
927 5767 1076 5830 aliorum-

334 5868 397 5929 que
417 5853 634 5917 Romanorum
657 5857 847 5920 Pontificum
868 5860 981 5935 literis,
1004 5879 1076 5924 con-

332 5946 550 6011 stitutionibus
566 5955 598 6011 et
613 5950 864 6014 ordinationibus
886 5953 1074 6032 apostolicis,

438 6093 490 6140 lor.
508 6094 577 6140 Pout.
594 6096 624 6142 de
638 6097 713 6157 Prop.
731 6097 791 6144 Fide
805 6100 885 6145 Partis
900 6103 918 6146 1.
934 6100 987 6146 vol.
1003 6102 1028 6148 i'.
1061 6136 1064 6141 .

941 619 1115 666 GREGORIUS
1136 621 1186 666 PP.
1210 623 1275 666 XVl.

1843 602 1863 664 9
1913 599 1966 654 Au.
1981 604 2011 656 G.
2032 603 2099 656 1831

1136 739 1340 818 caeterisque
1366 740 1461 801 etiam
1491 738 1619 818 speciali
1652 746 1684 800 et
1715 738 1880 801 individua

1136 833 1301 894 mentione
1314 833 1417 908 dignis
1430 831 1595 894 contrariis
1608 831 1877 908 quibuscumque.

1176 927 1194 999 5
1218 925 1264 986 la.
1288 924 1375 986 Nulli
1397 940 1476 1001 ergo
1499 925 1630 986 omnino
1653 924 1822 986 bominum
1845 925 1881 985 li·
1902 929 2039 1028 nap'lgnetlo
2054 941 2111 986 roe·

1135 1023 1203 1079 ceat
1225 1018 1304 1084 lianc
1324 1017 1470 1095 paginam
1487 1025 1669 1080 nostrarum
1684 1018 1880 1095 suppressio·
1972 1019 1976 1027 '

1136 1109 1194 1179 nia,
1219 1109 1399 1179 erectionis,
1423 1110 1542 1180 statuti,
1566 1108 1731 1180 facultatis,
1747 1109 1878 1180 decreti,

1136 1202 1351 1278 derogationis
1372 1219 1406 1262 ac
1427 1203 1601 1264 voluntatis
1626 1201 1805 1278 infringere
1828 1203 1881 1264 rel

1136 1295 1165 1354 ei
1187 1311 1264 1356 ausu
1287 1295 1459 1356 temerario
1486 1296 1655 1357 contraire.
1682 1293 1713 1356 Si
1736 1295 1806 1372 quis
1828 1313 1880 1358 au-

1135 1395 1200 1449 tem
1217 1389 1277 1450 boc
1292 1395 1448 1450 attentare
1460 1388 1719 1466 praesumpserit,
1737 1389 1881 1466 indigna-

1136 1481 1256 1542 tionem
1280 1481 1508 1560 omnipotentis
1524 1481 1579 1542 Dei
1594 1497 1629 1541 ac
1643 1480 1809 1542 beatorum
1826 1483 1881 1543 Pe-

1137 1573 1176 1634 tri
1199 1581 1230 1635 et
1252 1575 1338 1636 Pauli
1360 1572 1589 1652 Apostolorum
1613 1573 1680 1634 eius
1701 1589 1735 1634 se
1753 1575 1882 1636 noverit

1135 1667 1352 1728 incursurum.

1174 1759 1288 1822 Datum
1303 1760 1421 1822 Romae
1436 1762 1516 1839 apud
1534 1759 1565 1822 S.
1584 1760 1712 1822 Mariam
1729 1761 1879 1823 Maiorem

1134 1869 1217 1914 anno
1232 1853 1458 1915 incarnationis
1474 1854 1650 1916 dominicae
1667 1870 1878 1926 1133331111,

1135 1964 1176 2006 vr.
1194 1946 1343 2008 kalendas
1359 1947 1444 2018 maii,
1459 1946 1660 2026 pontificatus
1676 1947 1777 2008 nostri
1792 1963 1841 2009 an.
1857 1965 1878 2008 1.

1420 2107 1629 2116 ---—-.--—--

1478 2227 1529 2288 lv.

1132 2413 1269 2494 Deputot
1291 2415 1489 2477 visitatorem
1511 2414 1730 2493 apostolicum,
1749 2413 1802 2493 qui
1825 2429 1879 2472 no-

1171 2506 1255 2566 mios
1278 2505 1308 2566 S.
1333 2505 1419 2568 Sedis
1447 2504 1637 2585 pubertatum
1664 2509 1876 2566 3133313133-

1172 2599 1284 2660 clesiae
1306 2603 1335 2658 et
1356 2599 1505 2659 dioecesis
1527 2597 1715 2660 Nccieosis.

1368 2779 1537 2846 Venerabili
1560 2781 1647 2847 tratri

1134 2875 1236 2940 lucae
1259 2875 1293 2940 de
1318 2873 1422 2958 Sigata
1451 2873 1601 2958 Episcopo
1633 2874 1876 2952 Saneterioeosi,

1197 3103 1201 3109 -
1303 3059 1519 3127 efleuoutus
1543 3061 1603 3126 ΡΡ.
1629 3059 1701 3126 titt.

1346 3249 1532 3316 venerabilis
1558 3249 1664 3327 trater,

1166 3345 1294 3410 salutem
1316 3347 1348 3408 et
1370 3343 1566 3426 apostolicam
1591 3343 1840 3410 benedictionem.

1172 3536 1239 3612 5l.
1264 3536 1424 3598 Pastorale
1453 3535 1592 3597 officium
1625 3535 1716 3598 nobis
1746 3551 1785 3598 er
1814 3537 1878 3598 alto
1919 3536 2086 3590 Prooemium·

1132 3635 1338 3695 commissum
1375 3631 1455 3692 nihil
1488 3645 1544 3690 nos
1577 3631 1677 3706 magis
1708 3630 1878 3703 sollicitat,

1132 3743 1227 3803 quam
1250 3725 1520 3797 christifidelibus,
1539 3732 1575 3786 ut
1596 3725 1629 3786 in
1650 3725 1735 3785 viam
1751 3726 1877 3787 manda-

1132 3827 1240 3881 torum
1262 3820 1318 3881 Dei
1340 3820 1529 3896 dirigantur,
1547 3826 1642 3897 atque
1657 3821 1694 3881 ad
1714 3829 1874 3882 aeternam

1132 3913 1310 3974 animarum
1332 3929 1463 3974 suarum
1486 3915 1713 3990 assequendam
1739 3914 1876 3995 salutem

1133 4007 1321 4083 opportunis
1354 4007 1516 4084 praesidiis
1547 4007 1757 4092 adiuventur,
1789 4008 1877 4069 omni

1132 4115 1196 4177 quo
1218 4115 1291 4161 cum
1321 4098 1456 4163 Domino
1485 4117 1652 4178 possumus
1678 4101 1784 4163 studio
1805 4117 1876 4179 pro-

1132 4193 1254 4254 videre.

1172 4289 1190 4362 5
1212 4287 1240 4346 2.
1265 4286 1346 4349 Gum
1368 4287 1459 4348 nobis
1485 4287 1623 4349 relatum
1644 4287 1685 4349 sit
1706 4288 1877 4350 dioecesim
1896 4289 1996 4386 §332⁰
2011 4297 2109 4334 eonces-

1133 4380 1323 4441 Naxienseru
1338 4381 1371 4441 in
1387 4397 1425 4441 eo
1438 4381 1633 4458 deplorando
1646 4383 1765 4443 versari
1780 4389 1874 4456 statu,
1979 4376 1983 4384 ’

1132 4478 1169 4532 111
1190 4473 1360 4549 apostolico
1384 4479 1492 4534 nostro
1511 4474 1647 4535 sollicito
1669 4475 1811 4552 indigeat
1826 4477 1877 4538 ad·

1132 4564 1289 4636 iumento,
1322 4573 1539 4644 opportunum
1568 4568 1672 4628 visum
1699 4575 1745 4630 est
1774 4570 1874 4643 nobis,

1134 4674 1174 4718 ne
1197 4659 1305 4734 gravia
1327 4660 1359 4720 in
1382 4660 1448 4721 dios
1470 4661 1663 4724 detrimenta
1684 4679 1735 4724 res
1757 4663 1875 4726 ibidem

1132 4765 1217 4812 sacra
1239 4752 1301 4829 pati
1324 4752 1430 4830 possit,
1448 4752 1646 4815 visitatorem
1667 4755 1877 4832 apostolicum

1132 4841 1164 4918 in
1189 4859 1224 4904 ea
1246 4845 1451 4916 constituere,
1477 4845 1531 4921 qui
1554 4845 1591 4906 ad
1613 4847 1732 4908 maiora
1753 4863 1877 4925 praeca-

1133 4936 1236 4996 venda
1258 4937 1339 4998 mala
1360 4940 1491 4999 nomine
1521 4938 1615 5000 huius
1638 4937 1669 5000 S.
1695 4939 1783 5002 Sedis
1806 4958 1877 5019 pro-

1133 5029 1331 5090 curationem
1345 5029 1430 5091 illius
1447 5032 1596 5092 ecclesiae
1611 5032 1644 5093 in
1658 5032 1877 5110 spiritualibus

1134 5125 1166 5179 et
1187 5122 1416 5199 temporalibus
1439 5132 1538 5200 gerat.
2144 5189 2146 5194 .

1173 5215 1191 5286 5
1213 5213 1242 5274 3.
1265 5215 1327 5276 Nos
1350 5217 1449 5292 igitur
1472 5218 1576 5280 audita
1597 5219 1752 5281 relatione
1774 5235 1877 5282 secre·
1897 5216 2061 5314 siffigffiliffl
2077 5216 2109 5261 vr-

1133 5309 1204 5369 tarii
1238 5307 1504 5386 congregationis
1539 5312 1774 5375 venerabilium
1818 5314 1877 5374 lra-

1134 5407 1220 5462 trum
1257 5408 1442 5464 nostrorum
1476 5401 1507 5464 S.
1530 5403 1566 5466 R.
1591 5403 1626 5464 E.
1660 5407 1877 5468 cardinalium

1133 5494 1275 5570 negociis
1308 5495 1531 5572 Propagandae
1564 5495 1652 5558 Fidei
1684 5501 1877 5576 praeposito·

1133 5602 1217 5658 rum,
1243 5587 1340 5658 dete,
1357 5587 1550 5649 venerabilis
1572 5589 1680 5660 irater,
1700 5591 1738 5651 ob
1759 5598 1878 5668 specta-

1133 5685 1197 5738 tam
1230 5679 1399 5756 pietatem,
1434 5681 1626 5754 doctrinam,
1661 5683 1875 5760 prudentiam,

1133 5771 1272 5848 aliasque
1303 5772 1457 5845 virtutes,
1492 5773 1607 5849 quibus
1636 5783 1668 5836 te
1697 5778 1877 5854 praeditum

1133 5881 1200 5924 esse
1223 5864 1382 5936 novimus,
1406 5865 1575 5942 specialem
1591 5867 1625 5928 in
1640 5868 1776 5932 Domino
1798 5872 1877 5934 lidu-

1133 5957 1212 6018 ciam
1234 5956 1398 6030 babentes,
1415 5963 1512 6035 teque
1534 5976 1550 6020 a
1572 5959 1736 6037 quibusvis
1752 5979 1878 6028 excom-

1758 6111 1772 6153 2
