<?xml version="1.0" encoding="UTF-8"?>
<!DOCTYPE html PUBLIC "-//W3C//DTD XHTML 1.0 Transitional//EN"
    "http://www.w3.org/TR/xhtml1/DTD/xhtml1-transitional.dtd">
<html xmlns="http://www.w3.org/1999/xhtml" xml:lang="en" lang="en">
 <head>
  <title>
</title>
<meta http-equiv="Content-Type" content="text/html;charset=utf-8" />
  <meta name='ocr-system' content='tesseract 3.04.00' />
  <meta name='ocr-capabilities' content='ocr_page ocr_carea ocr_par ocr_line ocrx_word'/>
</head>
<body>
  <div class='ocr_page' id='page_1' title='image "./iurispontificii01martgoog_0339.png"; bbox 0 0 4770 6982; ppageno 0'>
   <div class='ocr_carea' id='block_1_1' title="bbox 93 570 268 625">
    <p class='ocr_par' dir='ltr' id='par_1_1' title="bbox 93 570 268 625">
     <span class='ocr_line' id='line_1_1' title="bbox 93 570 268 625; baseline 0 -5"><span class='ocrx_word' id='word_1_1' title='bbox 93 573 140 625; x_wconf 76' lang='lat' dir='ltr'>An.</span> <span class='ocrx_word' id='word_1_2' title='bbox 154 572 182 620; x_wconf 77' lang='lat' dir='ltr'>(l.</span> <span class='ocrx_word' id='word_1_3' title='bbox 206 570 268 620; x_wconf 76' lang='lat'>1844</span> 
     </span>
    </p>
   </div>
   <div class='ocr_carea' id='block_1_2' title="bbox 911 590 1248 640">
    <p class='ocr_par' dir='ltr' id='par_1_2' title="bbox 911 590 1248 640">
     <span class='ocr_line' id='line_1_2' title="bbox 911 590 1248 640; baseline -0.006 0"><span class='ocrx_word' id='word_1_4' title='bbox 911 592 1086 640; x_wconf 75' lang='lat' dir='ltr'>enodemus</span> <span class='ocrx_word' id='word_1_5' title='bbox 1108 593 1159 640; x_wconf 82' lang='grc' dir='ltr'>ΡΡ.</span> <span class='ocrx_word' id='word_1_6' title='bbox 1183 590 1248 640; x_wconf 75' lang='lat' dir='ltr'>xvi.</span> 
     </span>
    </p>
   </div>
   <div class='ocr_carea' id='block_1_3' title="bbox 302 698 1057 4909">
    <p class='ocr_par' dir='ltr' id='par_1_3' title="bbox 302 698 1057 4628">
     <span class='ocr_line' id='line_1_3' title="bbox 302 698 1053 790; baseline 0.011 -24"><span class='ocrx_word' id='word_1_7' title='bbox 302 698 448 766; x_wconf 84' lang='lat' dir='ltr'>stolioum</span> <span class='ocrx_word' id='word_1_8' title='bbox 484 713 644 782; x_wconf 79' lang='lat' dir='ltr'>statuere,</span> <span class='ocrx_word' id='word_1_9' title='bbox 675 727 831 790; x_wconf 89' lang='lat' dir='ltr'>suspenso</span> <span class='ocrx_word' id='word_1_10' title='bbox 859 712 990 774; x_wconf 78' lang='lat' dir='ltr'>interim</span> <span class='ocrx_word' id='word_1_11' title='bbox 1020 729 1053 774; x_wconf 89' lang='lat' dir='ltr'>ac</span> 
     </span>
     <span class='ocr_line' id='line_1_4' title="bbox 303 799 1053 868; baseline 0.011 -10"><span class='ocrx_word' id='word_1_12' title='bbox 303 799 428 859; x_wconf 87' lang='lat' dir='ltr'>remoto</span> <span class='ocrx_word' id='word_1_13' title='bbox 450 813 527 863; x_wconf 90' lang='lat' dir='ltr'>ven.</span> <span class='ocrx_word' id='word_1_14' title='bbox 545 801 643 865; x_wconf 88' lang='lat' dir='ltr'>fratre</span> <span class='ocrx_word' id='word_1_15' title='bbox 659 802 827 868; x_wconf 85' lang='lat' dir='ltr'>Vincentio</span> <span class='ocrx_word' id='word_1_16' title='bbox 842 805 980 868; x_wconf 89' lang='lat' dir='ltr'>Battucoi</span> <span class='ocrx_word' id='word_1_17' title='bbox 996 804 1053 867; x_wconf 81' lang='lat' dir='ltr'>Ar-</span> 
     </span>
     <span class='ocr_line' id='line_1_5' title="bbox 305 890 1054 978; baseline 0.015 -27"><span class='ocrx_word' id='word_1_18' title='bbox 305 890 506 972; x_wconf 84' lang='lat' dir='ltr'>cbiepiseopo</span> <span class='ocrx_word' id='word_1_19' title='bbox 521 896 559 958; x_wconf 92' lang='lat' dir='ltr'>ab</span> <span class='ocrx_word' id='word_1_20' title='bbox 578 897 730 960; x_wconf 89' lang='lat' dir='ltr'>exercitio</span> <span class='ocrx_word' id='word_1_21' title='bbox 753 899 939 978; x_wconf 87' lang='lat' dir='ltr'>episcopalis</span> <span class='ocrx_word' id='word_1_22' title='bbox 960 899 1054 962; x_wconf 88' lang='lat' dir='ltr'>iuris-</span> 
     </span>
     <span class='ocr_line' id='line_1_6' title="bbox 306 986 1052 1058; baseline 0.009 -10"><span class='ocrx_word' id='word_1_23' title='bbox 306 986 463 1058; x_wconf 79' lang='lat' dir='ltr'>dictionis,</span> <span class='ocrx_word' id='word_1_24' title='bbox 478 1007 536 1052; x_wconf 94' lang='lat' dir='ltr'>nos</span> <span class='ocrx_word' id='word_1_25' title='bbox 549 991 588 1052; x_wconf 91' lang='lat' dir='ltr'>de</span> <span class='ocrx_word' id='word_1_26' title='bbox 604 1007 702 1053; x_wconf 92' lang='lat' dir='ltr'>venn.</span> <span class='ocrx_word' id='word_1_27' title='bbox 716 992 852 1055; x_wconf 81' lang='lat' dir='ltr'>fratrum</span> <span class='ocrx_word' id='word_1_28' title='bbox 866 1001 1052 1056; x_wconf 90' lang='lat' dir='ltr'>nostrorum</span> 
     </span>
     <span class='ocr_line' id='line_1_7' title="bbox 306 1077 1054 1166; baseline 0.012 -26"><span class='ocrx_word' id='word_1_29' title='bbox 306 1077 337 1140; x_wconf 87' lang='lat' dir='ltr'>S.</span> <span class='ocrx_word' id='word_1_30' title='bbox 348 1080 384 1142; x_wconf 82' lang='lat' dir='ltr'>b.</span> <span class='ocrx_word' id='word_1_31' title='bbox 395 1081 430 1142; x_wconf 88' lang='lat' dir='ltr'>E.</span> <span class='ocrx_word' id='word_1_32' title='bbox 450 1082 666 1146; x_wconf 89' lang='lat' dir='ltr'>Cardinalium</span> <span class='ocrx_word' id='word_1_33' title='bbox 679 1087 818 1164; x_wconf 87' lang='lat' dir='ltr'>negotiis</span> <span class='ocrx_word' id='word_1_34' title='bbox 830 1087 1054 1166; x_wconf 87' lang='lat' dir='ltr'>Propagandae</span> 
     </span>
     <span class='ocr_line' id='line_1_8' title="bbox 304 1173 1053 1255; baseline 0.012 -22"><span class='ocrx_word' id='word_1_35' title='bbox 304 1173 392 1235; x_wconf 82' lang='lat' dir='ltr'>Fidei</span> <span class='ocrx_word' id='word_1_36' title='bbox 415 1177 671 1255; x_wconf 89' lang='lat' dir='ltr'>praepositorum</span> <span class='ocrx_word' id='word_1_37' title='bbox 694 1181 837 1252; x_wconf 89' lang='lat' dir='ltr'>consilio,</span> <span class='ocrx_word' id='word_1_38' title='bbox 855 1188 886 1242; x_wconf 93' lang='lat' dir='ltr'>te</span> <span class='ocrx_word' id='word_1_39' title='bbox 909 1182 947 1244; x_wconf 91' lang='lat' dir='ltr'>de</span> <span class='ocrx_word' id='word_1_40' title='bbox 963 1182 1053 1243; x_wconf 91' lang='lat' dir='ltr'>cuius</span> 
     </span>
     <span class='ocr_line' id='line_1_9' title="bbox 305 1268 1053 1351; baseline 0.011 -23"><span class='ocrx_word' id='word_1_41' title='bbox 305 1268 431 1344; x_wconf 87' lang='lat' dir='ltr'>pietate,</span> <span class='ocrx_word' id='word_1_42' title='bbox 457 1270 610 1344; x_wconf 90' lang='lat' dir='ltr'>doctrina,</span> <span class='ocrx_word' id='word_1_43' title='bbox 628 1275 798 1351; x_wconf 87' lang='lat' dir='ltr'>prudentia</span> <span class='ocrx_word' id='word_1_44' title='bbox 813 1292 846 1336; x_wconf 89' lang='lat' dir='ltr'>ao</span> <span class='ocrx_word' id='word_1_45' title='bbox 862 1275 936 1337; x_wconf 88' lang='lat' dir='ltr'>fidei</span> <span class='ocrx_word' id='word_1_46' title='bbox 949 1275 1053 1336; x_wconf 90' lang='lat' dir='ltr'>catbo-</span> 
     </span>
     <span class='ocr_line' id='line_1_10' title="bbox 304 1360 1054 1448; baseline 0.013 -26"><span class='ocrx_word' id='word_1_47' title='bbox 304 1360 383 1424; x_wconf 89' lang='lat' dir='ltr'>licae</span> <span class='ocrx_word' id='word_1_48' title='bbox 415 1368 655 1441; x_wconf 77' lang='lat' dir='ltr'>promovendae</span> <span class='ocrx_word' id='word_1_49' title='bbox 684 1369 790 1430; x_wconf 92' lang='lat' dir='ltr'>studio</span> <span class='ocrx_word' id='word_1_50' title='bbox 820 1371 977 1448; x_wconf 89' lang='lat' dir='ltr'>praeclara</span> <span class='ocrx_word' id='word_1_51' title='bbox 1007 1388 1054 1432; x_wconf 92' lang='lat' dir='ltr'>ac-</span> 
     </span>
     <span class='ocr_line' id='line_1_11' title="bbox 304 1458 1054 1533; baseline 0.009 -18"><span class='ocrx_word' id='word_1_52' title='bbox 304 1461 393 1533; x_wconf 92' lang='lat' dir='ltr'>cepta</span> <span class='ocrx_word' id='word_1_53' title='bbox 405 1463 481 1518; x_wconf 88' lang='lat' dir='ltr'>sunt</span> <span class='ocrx_word' id='word_1_54' title='bbox 496 1458 689 1532; x_wconf 88' lang='lat' dir='ltr'>testimonia,</span> <span class='ocrx_word' id='word_1_55' title='bbox 706 1461 739 1522; x_wconf 93' lang='lat' dir='ltr'>in</span> <span class='ocrx_word' id='word_1_56' title='bbox 755 1459 941 1523; x_wconf 91' lang='lat' dir='ltr'>huiusmodi</span> <span class='ocrx_word' id='word_1_57' title='bbox 956 1463 1054 1524; x_wconf 93' lang='lat' dir='ltr'>admi-</span> 
     </span>
     <span class='ocr_line' id='line_1_12' title="bbox 304 1549 1052 1633; baseline 0.009 -24"><span class='ocrx_word' id='word_1_58' title='bbox 304 1549 510 1612; x_wconf 90' lang='lat' dir='ltr'>nistratorem</span> <span class='ocrx_word' id='word_1_59' title='bbox 534 1553 655 1629; x_wconf 83' lang='lat' dir='ltr'>eligere</span> <span class='ocrx_word' id='word_1_60' title='bbox 677 1555 857 1616; x_wconf 85' lang='lat' dir='ltr'>statuimus.</span> <span class='ocrx_word' id='word_1_61' title='bbox 883 1557 925 1617; x_wconf 87' lang='lat' dir='ltr'>Te</span> <span class='ocrx_word' id='word_1_62' title='bbox 941 1556 1052 1633; x_wconf 90' lang='lat' dir='ltr'>igitur,</span> 
     </span>
     <span class='ocr_line' id='line_1_13' title="bbox 306 1645 1053 1728; baseline 0.007 -23"><span class='ocrx_word' id='word_1_63' title='bbox 306 1659 403 1720; x_wconf 92' lang='lat' dir='ltr'>quem</span> <span class='ocrx_word' id='word_1_64' title='bbox 432 1645 622 1724; x_wconf 78' lang='lat' dir='ltr'>Episcopum</span> <span class='ocrx_word' id='word_1_65' title='bbox 651 1648 825 1710; x_wconf 88' lang='lat' dir='ltr'>Maronicn.</span> <span class='ocrx_word' id='word_1_66' title='bbox 849 1649 882 1710; x_wconf 94' lang='lat' dir='ltr'>in</span> <span class='ocrx_word' id='word_1_67' title='bbox 912 1649 1053 1728; x_wconf 87' lang='lat' dir='ltr'>partibus</span> 
     </span>
     <span class='ocr_line' id='line_1_14' title="bbox 305 1735 1054 1819; baseline 0.012 -24"><span class='ocrx_word' id='word_1_68' title='bbox 305 1735 484 1798; x_wconf 88' lang='lat' dir='ltr'>infidelium</span> <span class='ocrx_word' id='word_1_69' title='bbox 507 1739 707 1814; x_wconf 90' lang='lat' dir='ltr'>persimiles</span> <span class='ocrx_word' id='word_1_70' title='bbox 731 1742 916 1819; x_wconf 87' lang='lat' dir='ltr'>apostolicas</span> <span class='ocrx_word' id='word_1_71' title='bbox 933 1742 1054 1804; x_wconf 87' lang='lat' dir='ltr'>litteras</span> 
     </span>
     <span class='ocr_line' id='line_1_15' title="bbox 305 1829 1054 1914; baseline 0.009 -25"><span class='ocrx_word' id='word_1_72' title='bbox 305 1829 366 1890; x_wconf 89' lang='lat' dir='ltr'>boc</span> <span class='ocrx_word' id='word_1_73' title='bbox 386 1831 455 1908; x_wconf 89' lang='lat' dir='ltr'>ipso</span> <span class='ocrx_word' id='word_1_74' title='bbox 477 1831 528 1893; x_wconf 91' lang='lat' dir='ltr'>die</span> <span class='ocrx_word' id='word_1_75' title='bbox 550 1833 635 1894; x_wconf 90' lang='lat' dir='ltr'>datas</span> <span class='ocrx_word' id='word_1_76' title='bbox 658 1835 925 1908; x_wconf 80' lang='lat' dir='ltr'>renuntiavimus,</span> <span class='ocrx_word' id='word_1_77' title='bbox 949 1855 965 1897; x_wconf 89' lang='lat' dir='ltr'>a</span> <span class='ocrx_word' id='word_1_78' title='bbox 985 1837 1054 1914; x_wconf 93' lang='lat' dir='ltr'>qui-</span> 
     </span>
     <span class='ocr_line' id='line_1_16' title="bbox 308 1923 1055 2008; baseline 0.013 -26"><span class='ocrx_word' id='word_1_79' title='bbox 308 1923 415 1984; x_wconf 88' lang='lat' dir='ltr'>busvis</span> <span class='ocrx_word' id='word_1_80' title='bbox 445 1926 804 2001; x_wconf 90' lang='lat' dir='ltr'>excommunicationis,</span> <span class='ocrx_word' id='word_1_81' title='bbox 836 1931 1055 2008; x_wconf 88' lang='lat' dir='ltr'>suspensionis</span> 
     </span>
     <span class='ocr_line' id='line_1_17' title="bbox 306 2017 1054 2098; baseline 0.011 -21"><span class='ocrx_word' id='word_1_82' title='bbox 306 2022 338 2077; x_wconf 92' lang='lat' dir='ltr'>et</span> <span class='ocrx_word' id='word_1_83' title='bbox 359 2017 531 2091; x_wconf 86' lang='lat' dir='ltr'>interdicti,</span> <span class='ocrx_word' id='word_1_84' title='bbox 556 2020 691 2098; x_wconf 90' lang='lat' dir='ltr'>aliisque</span> <span class='ocrx_word' id='word_1_85' title='bbox 707 2021 927 2085; x_wconf 86' lang='lat' dir='ltr'>ecclesiasticis</span> <span class='ocrx_word' id='word_1_86' title='bbox 942 2040 1054 2086; x_wconf 87' lang='lat' dir='ltr'>censu-</span> 
     </span>
     <span class='ocr_line' id='line_1_18' title="bbox 304 2110 1056 2192; baseline 0.013 -23"><span class='ocrx_word' id='word_1_87' title='bbox 304 2110 360 2182; x_wconf 90' lang='lat' dir='ltr'>ris,</span> <span class='ocrx_word' id='word_1_88' title='bbox 385 2113 554 2174; x_wconf 88' lang='lat' dir='ltr'>sententiis</span> <span class='ocrx_word' id='word_1_89' title='bbox 570 2121 603 2175; x_wconf 90' lang='lat' dir='ltr'>et</span> <span class='ocrx_word' id='word_1_90' title='bbox 627 2114 739 2192; x_wconf 89' lang='lat' dir='ltr'>poenis</span> <span class='ocrx_word' id='word_1_91' title='bbox 762 2116 876 2191; x_wconf 90' lang='lat' dir='ltr'>quovis</span> <span class='ocrx_word' id='word_1_92' title='bbox 900 2116 996 2178; x_wconf 91' lang='lat' dir='ltr'>modo</span> <span class='ocrx_word' id='word_1_93' title='bbox 1023 2125 1056 2180; x_wconf 89' lang='lat' dir='ltr'>et</span> 
     </span>
     <span class='ocr_line' id='line_1_19' title="bbox 305 2207 1054 2286; baseline 0.009 -22"><span class='ocrx_word' id='word_1_94' title='bbox 305 2218 508 2282; x_wconf 81' lang='lat' dir='ltr'>quacumque</span> <span class='ocrx_word' id='word_1_95' title='bbox 531 2207 570 2268; x_wconf 89' lang='lat' dir='ltr'>de</span> <span class='ocrx_word' id='word_1_96' title='bbox 591 2225 683 2270; x_wconf 86' lang='lat' dir='ltr'>causa</span> <span class='ocrx_word' id='word_1_97' title='bbox 709 2209 790 2280; x_wconf 92' lang='lat' dir='ltr'>latis,</span> <span class='ocrx_word' id='word_1_98' title='bbox 815 2209 941 2286; x_wconf 87' lang='lat' dir='ltr'>siquas</span> <span class='ocrx_word' id='word_1_99' title='bbox 970 2211 1054 2272; x_wconf 91' lang='lat' dir='ltr'>forte</span> 
     </span>
     <span class='ocr_line' id='line_1_20' title="bbox 305 2297 1054 2380; baseline 0.013 -23"><span class='ocrx_word' id='word_1_100' title='bbox 305 2297 479 2370; x_wconf 90' lang='lat' dir='ltr'>incurristi,</span> <span class='ocrx_word' id='word_1_101' title='bbox 497 2299 593 2362; x_wconf 89' lang='lat' dir='ltr'>buius</span> <span class='ocrx_word' id='word_1_102' title='bbox 616 2308 740 2364; x_wconf 89' lang='lat' dir='ltr'>tantum</span> <span class='ocrx_word' id='word_1_103' title='bbox 762 2303 810 2365; x_wconf 92' lang='lat' dir='ltr'>rei</span> <span class='ocrx_word' id='word_1_104' title='bbox 833 2305 932 2380; x_wconf 88' lang='lat' dir='ltr'>gratia</span> <span class='ocrx_word' id='word_1_105' title='bbox 952 2306 1054 2367; x_wconf 88' lang='lat' dir='ltr'>absol-</span> 
     </span>
     <span class='ocr_line' id='line_1_21' title="bbox 304 2395 1054 2470; baseline 0.016 -21"><span class='ocrx_word' id='word_1_106' title='bbox 304 2400 418 2454; x_wconf 81' lang='lat' dir='ltr'>ventes</span> <span class='ocrx_word' id='word_1_107' title='bbox 439 2401 471 2454; x_wconf 89' lang='lat' dir='ltr'>et</span> <span class='ocrx_word' id='word_1_108' title='bbox 492 2395 676 2458; x_wconf 90' lang='lat' dir='ltr'>absolutum</span> <span class='ocrx_word' id='word_1_109' title='bbox 701 2398 770 2459; x_wconf 93' lang='lat' dir='ltr'>fore</span> <span class='ocrx_word' id='word_1_110' title='bbox 797 2405 978 2470; x_wconf 84' lang='lat' dir='ltr'>censentes,</span> <span class='ocrx_word' id='word_1_111' title='bbox 1003 2401 1054 2462; x_wconf 91' lang='lat' dir='ltr'>ad-</span> 
     </span>
     <span class='ocr_line' id='line_1_22' title="bbox 305 2487 1053 2569; baseline 0.009 -23"><span class='ocrx_word' id='word_1_112' title='bbox 305 2487 557 2550; x_wconf 88' lang='lat' dir='ltr'>ministratorem</span> <span class='ocrx_word' id='word_1_113' title='bbox 579 2491 788 2569; x_wconf 91' lang='lat' dir='ltr'>apostolicum</span> <span class='ocrx_word' id='word_1_114' title='bbox 811 2492 1053 2555; x_wconf 87' lang='lat' dir='ltr'>arcbidioecesis</span> 
     </span>
     <span class='ocr_line' id='line_1_23' title="bbox 305 2579 1054 2662; baseline 0.011 -22"><span class='ocrx_word' id='word_1_115' title='bbox 305 2579 535 2653; x_wconf 79' lang='lat' dir='ltr'>Antibarensis,</span> <span class='ocrx_word' id='word_1_116' title='bbox 553 2600 710 2662; x_wconf 86' lang='lat' dir='ltr'>suspenso</span> <span class='ocrx_word' id='word_1_117' title='bbox 732 2585 862 2647; x_wconf 90' lang='lat' dir='ltr'>interim</span> <span class='ocrx_word' id='word_1_118' title='bbox 878 2605 912 2650; x_wconf 89' lang='lat' dir='ltr'>ac</span> <span class='ocrx_word' id='word_1_119' title='bbox 927 2593 1054 2649; x_wconf 90' lang='lat' dir='ltr'>remoto</span> 
     </span>
     <span class='ocr_line' id='line_1_24' title="bbox 305 2673 1051 2759; baseline 0.011 -25"><span class='ocrx_word' id='word_1_120' title='bbox 305 2673 342 2734; x_wconf 93' lang='lat' dir='ltr'>ab</span> <span class='ocrx_word' id='word_1_121' title='bbox 366 2676 518 2738; x_wconf 89' lang='lat' dir='ltr'>exercitio</span> <span class='ocrx_word' id='word_1_122' title='bbox 533 2677 761 2740; x_wconf 84' lang='lat' dir='ltr'>iurisdictionis</span> <span class='ocrx_word' id='word_1_123' title='bbox 778 2681 963 2759; x_wconf 88' lang='lat' dir='ltr'>episcopalis</span> <span class='ocrx_word' id='word_1_124' title='bbox 978 2697 1051 2742; x_wconf 93' lang='lat' dir='ltr'>ven.</span> 
     </span>
     <span class='ocr_line' id='line_1_25' title="bbox 305 2767 1051 2852; baseline 0.011 -24"><span class='ocrx_word' id='word_1_125' title='bbox 305 2767 403 2830; x_wconf 89' lang='lat' dir='ltr'>fratre</span> <span class='ocrx_word' id='word_1_126' title='bbox 427 2767 595 2833; x_wconf 87' lang='lat' dir='ltr'>Vincentio</span> <span class='ocrx_word' id='word_1_127' title='bbox 624 2773 764 2834; x_wconf 88' lang='lat' dir='ltr'>Battucci</span> <span class='ocrx_word' id='word_1_128' title='bbox 793 2773 1051 2852; x_wconf 70' lang='lat' dir='ltr'>archiepiscopo,</span> 
     </span>
     <span class='ocr_line' id='line_1_26' title="bbox 305 2863 1054 2946; baseline 0.008 -24"><span class='ocrx_word' id='word_1_129' title='bbox 305 2877 379 2922; x_wconf 90' lang='lat' dir='ltr'>cum</span> <span class='ocrx_word' id='word_1_130' title='bbox 402 2863 551 2925; x_wconf 89' lang='lat' dir='ltr'>omnibus</span> <span class='ocrx_word' id='word_1_131' title='bbox 564 2871 596 2926; x_wconf 91' lang='lat' dir='ltr'>et</span> <span class='ocrx_word' id='word_1_132' title='bbox 611 2866 746 2942; x_wconf 87' lang='lat' dir='ltr'>singulis</span> <span class='ocrx_word' id='word_1_133' title='bbox 768 2866 970 2930; x_wconf 89' lang='lat' dir='ltr'>facultatibus</span> <span class='ocrx_word' id='word_1_134' title='bbox 986 2868 1054 2946; x_wconf 92' lang='lat' dir='ltr'>qui-</span> 
     </span>
     <span class='ocr_line' id='line_1_27' title="bbox 305 2955 1054 3038; baseline 0.012 -23"><span class='ocrx_word' id='word_1_135' title='bbox 305 2955 365 3018; x_wconf 90' lang='lat' dir='ltr'>bus</span> <span class='ocrx_word' id='word_1_136' title='bbox 387 2956 454 3038; x_wconf 89' lang='lat' dir='ltr'>ipse</span> <span class='ocrx_word' id='word_1_137' title='bbox 478 2957 665 3020; x_wconf 86' lang='lat' dir='ltr'>Vincentius</span> <span class='ocrx_word' id='word_1_138' title='bbox 694 2961 886 3038; x_wconf 91' lang='lat' dir='ltr'>potiebatur,</span> <span class='ocrx_word' id='word_1_139' title='bbox 918 2963 1054 3024; x_wconf 88' lang='lat' dir='ltr'>auotori-</span> 
     </span>
     <span class='ocr_line' id='line_1_28' title="bbox 306 3053 1054 3134; baseline 0.011 -24"><span class='ocrx_word' id='word_1_140' title='bbox 306 3055 369 3111; x_wconf 86' lang='lat' dir='ltr'>tate</span> <span class='ocrx_word' id='word_1_141' title='bbox 391 3058 498 3112; x_wconf 91' lang='lat' dir='ltr'>nostra</span> <span class='ocrx_word' id='word_1_142' title='bbox 527 3053 698 3130; x_wconf 87' lang='lat' dir='ltr'>apostolica</span> <span class='ocrx_word' id='word_1_143' title='bbox 727 3054 814 3116; x_wconf 89' lang='lat' dir='ltr'>bisce</span> <span class='ocrx_word' id='word_1_144' title='bbox 836 3055 937 3117; x_wconf 87' lang='lat' dir='ltr'>literis</span> <span class='ocrx_word' id='word_1_145' title='bbox 964 3057 1054 3134; x_wconf 91' lang='lat' dir='ltr'>eligi-</span> 
     </span>
     <span class='ocr_line' id='line_1_29' title="bbox 306 3146 1055 3226; baseline 0.011 -22"><span class='ocrx_word' id='word_1_146' title='bbox 306 3159 389 3216; x_wconf 90' lang='lat' dir='ltr'>mus,</span> <span class='ocrx_word' id='word_1_147' title='bbox 414 3146 638 3209; x_wconf 89' lang='lat' dir='ltr'>constituimus</span> <span class='ocrx_word' id='word_1_148' title='bbox 654 3153 686 3208; x_wconf 88' lang='lat' dir='ltr'>et</span> <span class='ocrx_word' id='word_1_149' title='bbox 706 3149 906 3226; x_wconf 88' lang='lat' dir='ltr'>deputamus.</span> <span class='ocrx_word' id='word_1_150' title='bbox 932 3151 1055 3214; x_wconf 89' lang='lat' dir='ltr'>blanda-</span> 
     </span>
     <span class='ocr_line' id='line_1_30' title="bbox 305 3241 1054 3321; baseline 0.011 -23"><span class='ocrx_word' id='word_1_151' title='bbox 305 3253 378 3299; x_wconf 93' lang='lat' dir='ltr'>mus</span> <span class='ocrx_word' id='word_1_152' title='bbox 400 3246 571 3317; x_wconf 92' lang='lat' dir='ltr'>propterea</span> <span class='ocrx_word' id='word_1_153' title='bbox 601 3241 750 3303; x_wconf 88' lang='lat' dir='ltr'>omnibus</span> <span class='ocrx_word' id='word_1_154' title='bbox 780 3249 812 3304; x_wconf 92' lang='lat' dir='ltr'>et</span> <span class='ocrx_word' id='word_1_155' title='bbox 840 3243 992 3321; x_wconf 92' lang='lat' dir='ltr'>singulis,</span> <span class='ocrx_word' id='word_1_156' title='bbox 1017 3245 1054 3306; x_wconf 92' lang='lat' dir='ltr'>ad</span> 
     </span>
     <span class='ocr_line' id='line_1_31' title="bbox 306 3335 1055 3417; baseline 0.011 -25"><span class='ocrx_word' id='word_1_157' title='bbox 306 3346 387 3408; x_wconf 90' lang='lat' dir='ltr'>quos</span> <span class='ocrx_word' id='word_1_158' title='bbox 402 3340 532 3410; x_wconf 88' lang='lat' dir='ltr'>spectat,</span> <span class='ocrx_word' id='word_1_159' title='bbox 543 3341 578 3394; x_wconf 93' lang='lat' dir='ltr'>ut</span> <span class='ocrx_word' id='word_1_160' title='bbox 590 3340 621 3396; x_wconf 91' lang='lat' dir='ltr'>te</span> <span class='ocrx_word' id='word_1_161' title='bbox 634 3335 666 3397; x_wconf 93' lang='lat' dir='ltr'>in</span> <span class='ocrx_word' id='word_1_162' title='bbox 678 3335 969 3400; x_wconf 87' lang='lat' dir='ltr'>administratorem</span> <span class='ocrx_word' id='word_1_163' title='bbox 982 3355 1055 3417; x_wconf 92' lang='lat' dir='ltr'>apo-</span> 
     </span>
     <span class='ocr_line' id='line_1_32' title="bbox 305 3425 1051 3507; baseline 0.011 -22"><span class='ocrx_word' id='word_1_164' title='bbox 305 3425 454 3487; x_wconf 90' lang='lat' dir='ltr'>stolicum</span> <span class='ocrx_word' id='word_1_165' title='bbox 467 3426 650 3489; x_wconf 86' lang='lat' dir='ltr'>huiusmodi</span> <span class='ocrx_word' id='word_1_166' title='bbox 663 3429 818 3507; x_wconf 90' lang='lat' dir='ltr'>recipiant</span> <span class='ocrx_word' id='word_1_167' title='bbox 830 3437 862 3491; x_wconf 89' lang='lat' dir='ltr'>et</span> <span class='ocrx_word' id='word_1_168' title='bbox 874 3431 1051 3504; x_wconf 89' lang='lat' dir='ltr'>admittant,</span> 
     </span>
     <span class='ocr_line' id='line_1_33' title="bbox 306 3517 1051 3602; baseline 0.013 -24"><span class='ocrx_word' id='word_1_169' title='bbox 306 3517 428 3595; x_wconf 87' lang='lat' dir='ltr'>tibique</span> <span class='ocrx_word' id='word_1_170' title='bbox 450 3519 591 3592; x_wconf 89' lang='lat' dir='ltr'>faveant,</span> <span class='ocrx_word' id='word_1_171' title='bbox 617 3529 746 3598; x_wconf 90' lang='lat' dir='ltr'>pareant</span> <span class='ocrx_word' id='word_1_172' title='bbox 772 3539 806 3584; x_wconf 89' lang='lat' dir='ltr'>ac</span> <span class='ocrx_word' id='word_1_173' title='bbox 828 3531 954 3602; x_wconf 89' lang='lat' dir='ltr'>praesto</span> <span class='ocrx_word' id='word_1_174' title='bbox 977 3526 1051 3597; x_wconf 91' lang='lat' dir='ltr'>sint,</span> 
     </span>
     <span class='ocr_line' id='line_1_34' title="bbox 306 3615 1055 3696; baseline 0.013 -24"><span class='ocrx_word' id='word_1_175' title='bbox 306 3618 424 3688; x_wconf 90' lang='lat' dir='ltr'>tuaque</span> <span class='ocrx_word' id='word_1_176' title='bbox 439 3615 584 3676; x_wconf 87' lang='lat' dir='ltr'>mandata</span> <span class='ocrx_word' id='word_1_177' title='bbox 600 3616 769 3678; x_wconf 86' lang='lat' dir='ltr'>efficaciter</span> <span class='ocrx_word' id='word_1_178' title='bbox 785 3617 990 3696; x_wconf 91' lang='lat' dir='ltr'>adimpleant,</span> <span class='ocrx_word' id='word_1_179' title='bbox 1007 3637 1055 3682; x_wconf 91' lang='lat' dir='ltr'>se-</span> 
     </span>
     <span class='ocr_line' id='line_1_35' title="bbox 306 3707 1055 3788; baseline 0.012 -23"><span class='ocrx_word' id='word_1_180' title='bbox 306 3721 362 3765; x_wconf 89' lang='lat' dir='ltr'>ous</span> <span class='ocrx_word' id='word_1_181' title='bbox 383 3707 591 3780; x_wconf 91' lang='lat' dir='ltr'>sententiam,</span> <span class='ocrx_word' id='word_1_182' title='bbox 616 3724 673 3770; x_wconf 86' lang='lat' dir='ltr'>seu</span> <span class='ocrx_word' id='word_1_183' title='bbox 696 3724 850 3786; x_wconf 88' lang='lat' dir='ltr'>poenam,</span> <span class='ocrx_word' id='word_1_184' title='bbox 875 3726 970 3788; x_wconf 94' lang='lat' dir='ltr'>quam</span> <span class='ocrx_word' id='word_1_185' title='bbox 993 3713 1055 3775; x_wconf 91' lang='lat' dir='ltr'>rite</span> 
     </span>
     <span class='ocr_line' id='line_1_36' title="bbox 307 3800 1055 3876; baseline 0.012 -17"><span class='ocrx_word' id='word_1_186' title='bbox 307 3800 420 3862; x_wconf 91' lang='lat' dir='ltr'>tuleris</span> <span class='ocrx_word' id='word_1_187' title='bbox 432 3818 488 3864; x_wconf 87' lang='lat' dir='ltr'>seu</span> <span class='ocrx_word' id='word_1_188' title='bbox 502 3803 651 3864; x_wconf 90' lang='lat' dir='ltr'>statueris</span> <span class='ocrx_word' id='word_1_189' title='bbox 668 3803 700 3865; x_wconf 93' lang='lat' dir='ltr'>in</span> <span class='ocrx_word' id='word_1_190' title='bbox 715 3803 866 3876; x_wconf 89' lang='lat' dir='ltr'>rebelles,</span> <span class='ocrx_word' id='word_1_191' title='bbox 887 3813 986 3867; x_wconf 90' lang='lat' dir='ltr'>ratam</span> <span class='ocrx_word' id='word_1_192' title='bbox 1003 3807 1055 3868; x_wconf 90' lang='lat' dir='ltr'>ba-</span> 
     </span>
     <span class='ocr_line' id='line_1_37' title="bbox 306 3893 1055 3962; baseline 0.011 -8"><span class='ocrx_word' id='word_1_193' title='bbox 306 3893 453 3956; x_wconf 81' lang='lat' dir='ltr'>bebimus</span> <span class='ocrx_word' id='word_1_194' title='bbox 478 3913 512 3957; x_wconf 88' lang='lat' dir='ltr'>ao</span> <span class='ocrx_word' id='word_1_195' title='bbox 535 3896 686 3958; x_wconf 85' lang='lat' dir='ltr'>faciemus</span> <span class='ocrx_word' id='word_1_196' title='bbox 709 3904 893 3960; x_wconf 90' lang='lat' dir='ltr'>auctorante</span> <span class='ocrx_word' id='word_1_197' title='bbox 919 3899 1055 3962; x_wconf 87' lang='lat' dir='ltr'>Domino</span> 
     </span>
     <span class='ocr_line' id='line_1_38' title="bbox 306 3990 1055 4070; baseline 0.011 -22"><span class='ocrx_word' id='word_1_198' title='bbox 306 4003 409 4065; x_wconf 91' lang='lat' dir='ltr'>usque</span> <span class='ocrx_word' id='word_1_199' title='bbox 424 3990 462 4050; x_wconf 91' lang='lat' dir='ltr'>ad</span> <span class='ocrx_word' id='word_1_200' title='bbox 477 3990 724 4052; x_wconf 85' lang='lat' dir='ltr'>satisfactionem</span> <span class='ocrx_word' id='word_1_201' title='bbox 747 3993 938 4070; x_wconf 89' lang='lat' dir='ltr'>condignam</span> <span class='ocrx_word' id='word_1_202' title='bbox 953 3993 1055 4056; x_wconf 91' lang='lat' dir='ltr'>invio-</span> 
     </span>
     <span class='ocr_line' id='line_1_39' title="bbox 306 4081 1055 4166; baseline 0.012 -25"><span class='ocrx_word' id='word_1_203' title='bbox 306 4081 446 4145; x_wconf 91' lang='lat' dir='ltr'>labiliter</span> <span class='ocrx_word' id='word_1_204' title='bbox 469 4083 644 4145; x_wconf 88' lang='lat' dir='ltr'>observari.</span> <span class='ocrx_word' id='word_1_205' title='bbox 669 4084 739 4146; x_wconf 87' lang='lat' dir='ltr'>Non</span> <span class='ocrx_word' id='word_1_206' title='bbox 763 4087 961 4148; x_wconf 91' lang='lat' dir='ltr'>obstantibus</span> <span class='ocrx_word' id='word_1_207' title='bbox 983 4104 1055 4166; x_wconf 92' lang='lat' dir='ltr'>apo-</span> 
     </span>
     <span class='ocr_line' id='line_1_40' title="bbox 306 4176 1055 4258; baseline 0.009 -23"><span class='ocrx_word' id='word_1_208' title='bbox 306 4176 427 4238; x_wconf 90' lang='lat' dir='ltr'>stolicis</span> <span class='ocrx_word' id='word_1_209' title='bbox 442 4195 475 4240; x_wconf 93' lang='lat' dir='ltr'>ac</span> <span class='ocrx_word' id='word_1_210' title='bbox 490 4178 523 4238; x_wconf 92' lang='lat' dir='ltr'>in</span> <span class='ocrx_word' id='word_1_211' title='bbox 538 4178 777 4240; x_wconf 91' lang='lat' dir='ltr'>universalibus</span> <span class='ocrx_word' id='word_1_212' title='bbox 793 4180 1055 4258; x_wconf 90' lang='lat' dir='ltr'>provincialibus-</span> 
     </span>
     <span class='ocr_line' id='line_1_41' title="bbox 307 4271 1055 4352; baseline 0.009 -23"><span class='ocrx_word' id='word_1_213' title='bbox 307 4285 370 4346; x_wconf 90' lang='lat' dir='ltr'>que</span> <span class='ocrx_word' id='word_1_214' title='bbox 393 4277 425 4332; x_wconf 90' lang='lat' dir='ltr'>et</span> <span class='ocrx_word' id='word_1_215' title='bbox 446 4271 655 4349; x_wconf 83' lang='lat' dir='ltr'>synodalibus</span> <span class='ocrx_word' id='word_1_216' title='bbox 678 4273 820 4334; x_wconf 93' lang='lat' dir='ltr'>conciliis</span> <span class='ocrx_word' id='word_1_217' title='bbox 843 4274 936 4336; x_wconf 88' lang='lat' dir='ltr'>editis</span> <span class='ocrx_word' id='word_1_218' title='bbox 959 4291 1055 4352; x_wconf 88' lang='lat' dir='ltr'>gene-</span> 
     </span>
     <span class='ocr_line' id='line_1_42' title="bbox 306 4363 1057 4444; baseline 0.009 -22"><span class='ocrx_word' id='word_1_219' title='bbox 306 4363 425 4426; x_wconf 91' lang='lat' dir='ltr'>ralibus</span> <span class='ocrx_word' id='word_1_220' title='bbox 448 4367 501 4428; x_wconf 89' lang='lat' dir='ltr'>vel</span> <span class='ocrx_word' id='word_1_221' title='bbox 523 4366 713 4444; x_wconf 90' lang='lat' dir='ltr'>specialibus</span> <span class='ocrx_word' id='word_1_222' title='bbox 728 4368 1011 4429; x_wconf 88' lang='lat' dir='ltr'>constitutionibus</span> <span class='ocrx_word' id='word_1_223' title='bbox 1024 4375 1057 4429; x_wconf 91' lang='lat' dir='ltr'>et</span> 
     </span>
     <span class='ocr_line' id='line_1_43' title="bbox 308 4457 1055 4538; baseline 0.007 -22"><span class='ocrx_word' id='word_1_224' title='bbox 308 4457 573 4532; x_wconf 90' lang='lat' dir='ltr'>ordinationibus,</span> <span class='ocrx_word' id='word_1_225' title='bbox 588 4459 788 4537; x_wconf 90' lang='lat' dir='ltr'>caeterisque</span> <span class='ocrx_word' id='word_1_226' title='bbox 803 4461 971 4524; x_wconf 87' lang='lat' dir='ltr'>contrariis</span> <span class='ocrx_word' id='word_1_227' title='bbox 987 4461 1055 4538; x_wconf 93' lang='lat' dir='ltr'>qui-</span> 
     </span>
     <span class='ocr_line' id='line_1_44' title="bbox 307 4549 519 4628; baseline 0.014 -18"><span class='ocrx_word' id='word_1_228' title='bbox 307 4549 519 4628; x_wconf 89' lang='lat' dir='ltr'>buscumque.</span> 
     </span>
    </p>

    <p class='ocr_par' dir='ltr' id='par_1_4' title="bbox 306 4643 1055 4909">
     <span class='ocr_line' id='line_1_45' title="bbox 346 4643 1055 4724; baseline 0.008 -20"><span class='ocrx_word' id='word_1_229' title='bbox 346 4643 459 4706; x_wconf 90' lang='lat' dir='ltr'>Datum</span> <span class='ocrx_word' id='word_1_230' title='bbox 482 4645 600 4708; x_wconf 87' lang='lat' dir='ltr'>Romae</span> <span class='ocrx_word' id='word_1_231' title='bbox 623 4647 706 4724; x_wconf 91' lang='lat' dir='ltr'>apud</span> <span class='ocrx_word' id='word_1_232' title='bbox 728 4646 759 4709; x_wconf 90' lang='lat' dir='ltr'>S.</span> <span class='ocrx_word' id='word_1_233' title='bbox 781 4647 911 4710; x_wconf 87' lang='lat' dir='ltr'>Petrum</span> <span class='ocrx_word' id='word_1_234' title='bbox 928 4648 988 4712; x_wconf 89' lang='lat' dir='ltr'>sub</span> <span class='ocrx_word' id='word_1_235' title='bbox 1003 4665 1055 4710; x_wconf 93' lang='lat' dir='ltr'>an-</span> 
     </span>
     <span class='ocr_line' id='line_1_46' title="bbox 306 4737 1053 4816; baseline 0.007 -19"><span class='ocrx_word' id='word_1_236' title='bbox 306 4737 384 4799; x_wconf 94' lang='lat' dir='ltr'>nulo</span> <span class='ocrx_word' id='word_1_237' title='bbox 395 4737 562 4800; x_wconf 90' lang='lat' dir='ltr'>Piscatoris</span> <span class='ocrx_word' id='word_1_238' title='bbox 575 4739 625 4802; x_wconf 91' lang='lat' dir='ltr'>die</span> <span class='ocrx_word' id='word_1_239' title='bbox 638 4757 731 4802; x_wconf 87' lang='lat' dir='ltr'>xxm.</span> <span class='ocrx_word' id='word_1_240' title='bbox 743 4741 823 4802; x_wconf 83' lang='lat' dir='ltr'>febr.</span> <span class='ocrx_word' id='word_1_241' title='bbox 845 4758 1053 4816; x_wconf 75' lang='lat' dir='ltr'>muccosum,</span> 
     </span>
     <span class='ocr_line' id='line_1_47' title="bbox 306 4831 823 4909; baseline 0.004 -17"><span class='ocrx_word' id='word_1_242' title='bbox 306 4831 508 4909; x_wconf 85' lang='lat' dir='ltr'>pontificatus</span> <span class='ocrx_word' id='word_1_243' title='bbox 529 4832 631 4894; x_wconf 89' lang='lat' dir='ltr'>nostri</span> <span class='ocrx_word' id='word_1_244' title='bbox 653 4849 736 4895; x_wconf 91' lang='lat' dir='ltr'>anno</span> <span class='ocrx_word' id='word_1_245' title='bbox 758 4851 823 4895; x_wconf 90' lang='lat' dir='ltr'>xrv.</span> 
     </span>
    </p>
   </div>
   <div class='ocr_carea' id='block_1_4' title="bbox 563 5081 802 5093">
    <p class='ocr_par' dir='ltr' id='par_1_5' title="bbox 563 5081 802 5093">
     <span class='ocr_line' id='line_1_48' title="bbox 563 5081 802 5093; baseline 0.008 -3"><span class='ocrx_word' id='word_1_246' title='bbox 563 5081 802 5093; x_wconf 54' lang='lat' dir='ltr'>u—*m-</span> 
     </span>
    </p>
   </div>
   <div class='ocr_carea' id='block_1_5' title="bbox 614 5303 743 5366">
    <p class='ocr_par' dir='ltr' id='par_1_6' title="bbox 614 5303 743 5366">
     <span class='ocr_line' id='line_1_49' title="bbox 614 5303 743 5366; baseline -0.016 0"><span class='ocrx_word' id='word_1_247' title='bbox 614 5303 743 5366; x_wconf 73' lang='lat' dir='ltr'>ccxxi.</span> 
     </span>
    </p>
   </div>
   <div class='ocr_carea' id='block_1_6' title="bbox 310 5488 1055 5759">
    <p class='ocr_par' dir='ltr' id='par_1_7' title="bbox 310 5488 1055 5759">
     <span class='ocr_line' id='line_1_50' title="bbox 310 5488 1055 5553; baseline 0.004 -3"><span class='ocrx_word' id='word_1_248' title='bbox 310 5488 422 5552; x_wconf 85' lang='lat' dir='ltr'>Gorolo</span> <span class='ocrx_word' id='word_1_249' title='bbox 445 5489 563 5552; x_wconf 86' lang='lat' dir='ltr'>Poeten</span> <span class='ocrx_word' id='word_1_250' title='bbox 590 5490 851 5553; x_wconf 81' lang='lat' dir='ltr'>administratori</span> <span class='ocrx_word' id='word_1_251' title='bbox 880 5490 1055 5553; x_wconf 75' lang='lat' dir='ltr'>orchidioe-</span> 
     </span>
     <span class='ocr_line' id='line_1_51' title="bbox 345 5581 1055 5650; baseline 0.008 -6"><span class='ocrx_word' id='word_1_252' title='bbox 345 5585 423 5645; x_wconf 80' lang='lat' dir='ltr'>cesis</span> <span class='ocrx_word' id='word_1_253' title='bbox 445 5581 669 5647; x_wconf 78' lang='lat' dir='ltr'>Antibarenais</span> <span class='ocrx_word' id='word_1_254' title='bbox 681 5584 812 5646; x_wconf 81' lang='lat' dir='ltr'>titolum</span> <span class='ocrx_word' id='word_1_255' title='bbox 828 5585 975 5648; x_wconf 81' lang='lat' dir='ltr'>ecclesiae</span> <span class='ocrx_word' id='word_1_256' title='bbox 990 5585 1055 5650; x_wconf 88' lang='lat' dir='ltr'>Mo·</span> 
     </span>
     <span class='ocr_line' id='line_1_52' title="bbox 345 5676 1055 5759; baseline 0.006 -21"><span class='ocrx_word' id='word_1_257' title='bbox 345 5677 469 5740; x_wconf 82' lang='lat' dir='ltr'>ronien.</span> <span class='ocrx_word' id='word_1_258' title='bbox 486 5676 544 5741; x_wconf 84' lang='lat' dir='ltr'>sub</span> <span class='ocrx_word' id='word_1_259' title='bbox 566 5676 662 5738; x_wconf 83' lang='lat' dir='ltr'>Arcb.</span> <span class='ocrx_word' id='word_1_260' title='bbox 684 5677 959 5759; x_wconf 77' lang='lat' dir='ltr'>llot‘onopoliton.</span> <span class='ocrx_word' id='word_1_261' title='bbox 984 5697 1055 5742; x_wconf 85' lang='lat' dir='ltr'>cort-</span> 
     </span>
    </p>
   </div>
   <div class='ocr_carea' id='block_1_7' title="bbox 345 5771 486 5852">
    <p class='ocr_par' dir='ltr' id='par_1_8' title="bbox 345 5771 486 5852">
     <span class='ocr_line' id='line_1_53' title="bbox 345 5771 486 5852; baseline 0 -18"><span class='ocrx_word' id='word_1_262' title='bbox 345 5771 411 5852; x_wconf 75' lang='lat' dir='ltr'>sert</span> <span class='ocrx_word' id='word_1_263' title='bbox 431 5771 486 5852; x_wconf 79' lang='lat' dir='ltr'>(a).</span> 
     </span>
    </p>
   </div>
   <div class='ocr_carea' id='block_1_8' title="bbox 350 5988 1039 6175">
    <p class='ocr_par' dir='ltr' id='par_1_9' title="bbox 350 5988 1039 6175">
     <span class='ocr_line' id='line_1_54' title="bbox 350 5988 953 6048; baseline 0.003 -16"><span class='ocrx_word' id='word_1_264' title='bbox 350 5988 380 6045; x_wconf 85' lang='lat'>(1)</span> <span class='ocrx_word' id='word_1_265' title='bbox 392 5989 430 6032; x_wconf 82' lang='lat' dir='ltr'>Ex</span> <span class='ocrx_word' id='word_1_266' title='bbox 443 5989 507 6046; x_wconf 78' lang='lat' dir='ltr'>Reg.</span> <span class='ocrx_word' id='word_1_267' title='bbox 522 5988 645 6038; x_wconf 77' lang='lat' dir='ltr'>brevium</span> <span class='ocrx_word' id='word_1_268' title='bbox 659 5990 709 6036; x_wconf 87' lang='lat' dir='ltr'>vol.</span> <span class='ocrx_word' id='word_1_269' title='bbox 725 5993 763 6046; x_wconf 75' lang='lat' dir='ltr'>V,</span> <span class='ocrx_word' id='word_1_270' title='bbox 777 6001 836 6048; x_wconf 78' lang='lat' dir='ltr'>pag.</span> <span class='ocrx_word' id='word_1_271' title='bbox 851 5993 953 6037; x_wconf 74' lang='lat' dir='ltr'>lte-146.</span> 
     </span>
     <span class='ocr_line' id='line_1_55' title="bbox 414 6111 1039 6175; baseline 0.005 -19"><span class='ocrx_word' id='word_1_272' title='bbox 414 6111 464 6158; x_wconf 81' lang='lat' dir='ltr'>latr.</span> <span class='ocrx_word' id='word_1_273' title='bbox 484 6111 552 6158; x_wconf 83' lang='lat' dir='ltr'>Pont.</span> <span class='ocrx_word' id='word_1_274' title='bbox 568 6111 599 6158; x_wconf 83' lang='lat' dir='ltr'>de</span> <span class='ocrx_word' id='word_1_275' title='bbox 616 6112 687 6172; x_wconf 83' lang='lat' dir='ltr'>l’rop.</span> <span class='ocrx_word' id='word_1_276' title='bbox 706 6111 767 6159; x_wconf 78' lang='lat' dir='ltr'>Fide</span> <span class='ocrx_word' id='word_1_277' title='bbox 781 6115 862 6161; x_wconf 87' lang='lat' dir='ltr'>Partis</span> <span class='ocrx_word' id='word_1_278' title='bbox 876 6117 894 6162; x_wconf 89' lang='lat' dir='ltr'>l.</span> <span class='ocrx_word' id='word_1_279' title='bbox 910 6113 963 6159; x_wconf 81' lang='lat' dir='ltr'>Vol.</span> <span class='ocrx_word' id='word_1_280' title='bbox 978 6115 1005 6159; x_wconf 84' lang='lat' dir='ltr'>v.</span> <span class='ocrx_word' id='word_1_281' title='bbox 1036 6167 1039 6175; x_wconf 33' lang='lat'>¹</span> 
     </span>
    </p>
   </div>
   <div class='ocr_carea' id='block_1_9' title="bbox 1140 710 1827 796">
    <p class='ocr_par' dir='ltr' id='par_1_10' title="bbox 1140 710 1827 796">
     <span class='ocr_line' id='line_1_56' title="bbox 1140 710 1827 796; baseline 0.003 -22"><span class='ocrx_word' id='word_1_282' title='bbox 1140 710 1257 778; x_wconf 85' lang='lat' dir='ltr'>bileoto</span> <span class='ocrx_word' id='word_1_283' title='bbox 1280 711 1345 778; x_wconf 91' lang='lat' dir='ltr'>filio</span> <span class='ocrx_word' id='word_1_284' title='bbox 1368 712 1546 796; x_wconf 81' lang='lat' dir='ltr'>presbytero</span> <span class='ocrx_word' id='word_1_285' title='bbox 1568 711 1678 779; x_wconf 76' lang='lat' dir='ltr'>carolo</span> <span class='ocrx_word' id='word_1_286' title='bbox 1701 711 1827 790; x_wconf 83' lang='lat' dir='ltr'>Pooten,</span> 
     </span>
    </p>
   </div>
   <div class='ocr_carea' id='block_1_10' title="bbox 1283 883 1680 955">
    <p class='ocr_par' dir='ltr' id='par_1_11' title="bbox 1283 883 1680 955">
     <span class='ocr_line' id='line_1_57' title="bbox 1283 883 1680 955; baseline 0 -3"><span class='ocrx_word' id='word_1_287' title='bbox 1283 883 1502 954; x_wconf 77' lang='lat' dir='ltr'>exeeotbus</span> <span class='ocrx_word' id='word_1_288' title='bbox 1526 887 1585 955; x_wconf 91' lang='grc' dir='ltr'>ΡΡ.</span> <span class='ocrx_word' id='word_1_289' title='bbox 1608 885 1680 953; x_wconf 74' lang='grc' dir='ltr'>ΧνΙ.</span> 
     </span>
    </p>
   </div>
   <div class='ocr_carea' id='block_1_11' title="bbox 1144 1076 1826 1256">
    <p class='ocr_par' dir='ltr' id='par_1_12' title="bbox 1144 1076 1826 1256">
     <span class='ocr_line' id='line_1_58' title="bbox 1144 1076 1826 1256; baseline -0.001 -21"><span class='ocrx_word' id='word_1_290' title='bbox 1144 1169 1273 1236; x_wconf 86' lang='lat' dir='ltr'>salutem</span> <span class='ocrx_word' id='word_1_291' title='bbox 1297 1175 1329 1236; x_wconf 87' lang='lat' dir='ltr'>el</span> <span class='ocrx_word' id='word_1_292' title='bbox 1351 1076 1826 1256; x_wconf 47' lang='lat' dir='ltr'>apg&#39;s&#39;reo‘iigair&#39;inbenedictionem.</span> 
     </span>
    </p>
   </div>
   <div class='ocr_carea' id='block_1_12' title="bbox 1109 1359 1861 2472">
    <p class='ocr_par' dir='ltr' id='par_1_13' title="bbox 1109 1359 1861 2472">
     <span class='ocr_line' id='line_1_59' title="bbox 1150 1359 1860 1438; baseline 0 -16"><span class='ocrx_word' id='word_1_293' title='bbox 1150 1361 1218 1435; x_wconf 66' lang='lat' dir='ltr'>§b</span> <span class='ocrx_word' id='word_1_294' title='bbox 1243 1359 1447 1438; x_wconf 76' lang='lat' dir='ltr'>Apostolatus</span> <span class='ocrx_word' id='word_1_295' title='bbox 1475 1361 1626 1434; x_wconf 86' lang='lat' dir='ltr'>officium,</span> <span class='ocrx_word' id='word_1_296' title='bbox 1651 1361 1773 1423; x_wconf 88' lang='lat' dir='ltr'>meritis</span> <span class='ocrx_word' id='word_1_297' title='bbox 1785 1361 1860 1424; x_wconf 86' lang='lat' dir='ltr'>licet</span> 
     </span>
     <span class='ocr_line' id='line_1_60' title="bbox 1109 1454 1859 1533; baseline 0.005 -19"><span class='ocrx_word' id='word_1_298' title='bbox 1109 1454 1295 1533; x_wconf 90' lang='lat' dir='ltr'>imparibus,</span> <span class='ocrx_word' id='word_1_299' title='bbox 1321 1456 1412 1518; x_wconf 89' lang='lat' dir='ltr'>nobis</span> <span class='ocrx_word' id='word_1_300' title='bbox 1427 1472 1467 1517; x_wconf 92' lang='lat' dir='ltr'>ex</span> <span class='ocrx_word' id='word_1_301' title='bbox 1482 1456 1546 1518; x_wconf 90' lang='lat' dir='ltr'>alto</span> <span class='ocrx_word' id='word_1_302' title='bbox 1561 1457 1780 1528; x_wconf 88' lang='lat' dir='ltr'>commissum,</span> <span class='ocrx_word' id='word_1_303' title='bbox 1795 1471 1859 1533; x_wconf 95' lang='lat' dir='ltr'>quo</span> 
     </span>
     <span class='ocr_line' id='line_1_61' title="bbox 1110 1549 1859 1636; baseline 0 -26"><span class='ocrx_word' id='word_1_304' title='bbox 1110 1549 1318 1636; x_wconf 87' lang='lat' dir='ltr'>ecclesiarum</span> <span class='ocrx_word' id='word_1_305' title='bbox 1340 1551 1486 1612; x_wconf 91' lang='lat' dir='ltr'>omnium</span> <span class='ocrx_word' id='word_1_306' title='bbox 1509 1549 1661 1628; x_wconf 91' lang='lat' dir='ltr'>regimini</span> <span class='ocrx_word' id='word_1_307' title='bbox 1677 1550 1783 1612; x_wconf 89' lang='lat' dir='ltr'>divina</span> <span class='ocrx_word' id='word_1_308' title='bbox 1798 1549 1859 1612; x_wconf 88' lang='lat' dir='ltr'>dis-</span> 
     </span>
     <span class='ocr_line' id='line_1_62' title="bbox 1111 1642 1859 1720; baseline 0.004 -17"><span class='ocrx_word' id='word_1_309' title='bbox 1111 1642 1268 1718; x_wconf 89' lang='lat' dir='ltr'>positione</span> <span class='ocrx_word' id='word_1_310' title='bbox 1283 1643 1513 1720; x_wconf 88' lang='lat' dir='ltr'>praesidemus,</span> <span class='ocrx_word' id='word_1_311' title='bbox 1528 1643 1651 1704; x_wconf 88' lang='lat' dir='ltr'>utiliter</span> <span class='ocrx_word' id='word_1_312' title='bbox 1666 1643 1794 1720; x_wconf 81' lang='lat' dir='ltr'>exequi,</span> <span class='ocrx_word' id='word_1_313' title='bbox 1809 1644 1859 1706; x_wconf 90' lang='lat' dir='ltr'>ad-</span> 
     </span>
     <span class='ocr_line' id='line_1_63' title="bbox 1110 1736 1860 1815; baseline 0.001 -19"><span class='ocrx_word' id='word_1_314' title='bbox 1110 1736 1240 1798; x_wconf 92' lang='lat' dir='ltr'>iuvante</span> <span class='ocrx_word' id='word_1_315' title='bbox 1262 1736 1409 1808; x_wconf 87' lang='lat' dir='ltr'>Domino,</span> <span class='ocrx_word' id='word_1_316' title='bbox 1427 1737 1603 1815; x_wconf 90' lang='lat' dir='ltr'>cupientes,</span> <span class='ocrx_word' id='word_1_317' title='bbox 1621 1736 1747 1800; x_wconf 88' lang='lat' dir='ltr'>solliciti</span> <span class='ocrx_word' id='word_1_318' title='bbox 1764 1737 1860 1798; x_wconf 87' lang='lat' dir='ltr'>eorde</span> 
     </span>
     <span class='ocr_line' id='line_1_64' title="bbox 1110 1829 1860 1902; baseline 0.003 -14"><span class='ocrx_word' id='word_1_319' title='bbox 1110 1829 1278 1891; x_wconf 88' lang='lat' dir='ltr'>reddimur</span> <span class='ocrx_word' id='word_1_320' title='bbox 1294 1835 1324 1892; x_wconf 90' lang='lat' dir='ltr'>et</span> <span class='ocrx_word' id='word_1_321' title='bbox 1339 1830 1485 1902; x_wconf 74' lang='lat' dir='ltr'>solertes</span> <span class='ocrx_word' id='word_1_322' title='bbox 1503 1836 1549 1902; x_wconf 90' lang='lat' dir='ltr'>ut,</span> <span class='ocrx_word' id='word_1_323' title='bbox 1567 1846 1641 1892; x_wconf 90' lang='lat' dir='ltr'>cum</span> <span class='ocrx_word' id='word_1_324' title='bbox 1660 1831 1699 1894; x_wconf 92' lang='lat' dir='ltr'>de</span> <span class='ocrx_word' id='word_1_325' title='bbox 1715 1829 1860 1892; x_wconf 87' lang='lat' dir='ltr'>ecclesia-</span> 
     </span>
     <span class='ocr_line' id='line_1_65' title="bbox 1110 1923 1860 2002; baseline 0.004 -20"><span class='ocrx_word' id='word_1_326' title='bbox 1110 1939 1184 1985; x_wconf 90' lang='lat' dir='ltr'>rum</span> <span class='ocrx_word' id='word_1_327' title='bbox 1206 1924 1348 2002; x_wconf 87' lang='lat' dir='ltr'>ipsarum</span> <span class='ocrx_word' id='word_1_328' title='bbox 1364 1923 1578 2000; x_wconf 79' lang='lat' dir='ltr'>regiminibus</span> <span class='ocrx_word' id='word_1_329' title='bbox 1594 1925 1700 2002; x_wconf 90' lang='lat' dir='ltr'>agitur</span> <span class='ocrx_word' id='word_1_330' title='bbox 1715 1923 1860 1986; x_wconf 88' lang='lat' dir='ltr'>commit-</span> 
     </span>
     <span class='ocr_line' id='line_1_66' title="bbox 1110 2017 1860 2096; baseline 0 -18"><span class='ocrx_word' id='word_1_331' title='bbox 1110 2017 1225 2090; x_wconf 90' lang='lat' dir='ltr'>tendis,</span> <span class='ocrx_word' id='word_1_332' title='bbox 1244 2018 1321 2080; x_wconf 90' lang='lat' dir='ltr'>tales</span> <span class='ocrx_word' id='word_1_333' title='bbox 1339 2017 1384 2080; x_wconf 90' lang='lat' dir='ltr'>eis</span> <span class='ocrx_word' id='word_1_334' title='bbox 1399 2017 1432 2079; x_wconf 92' lang='lat' dir='ltr'>in</span> <span class='ocrx_word' id='word_1_335' title='bbox 1448 2024 1590 2095; x_wconf 90' lang='lat' dir='ltr'>pastores</span> <span class='ocrx_word' id='word_1_336' title='bbox 1606 2018 1779 2096; x_wconf 88' lang='lat' dir='ltr'>praeficere</span> <span class='ocrx_word' id='word_1_337' title='bbox 1794 2024 1860 2080; x_wconf 88' lang='lat' dir='ltr'>stu-</span> 
     </span>
     <span class='ocr_line' id='line_1_67' title="bbox 1111 2110 1859 2190; baseline 0 -18"><span class='ocrx_word' id='word_1_338' title='bbox 1111 2111 1253 2184; x_wconf 89' lang='lat' dir='ltr'>deamus,</span> <span class='ocrx_word' id='word_1_339' title='bbox 1268 2110 1323 2188; x_wconf 91' lang='lat' dir='ltr'>qui</span> <span class='ocrx_word' id='word_1_340' title='bbox 1336 2111 1492 2190; x_wconf 89' lang='lat' dir='ltr'>populum</span> <span class='ocrx_word' id='word_1_341' title='bbox 1507 2129 1582 2174; x_wconf 90' lang='lat' dir='ltr'>suae</span> <span class='ocrx_word' id='word_1_342' title='bbox 1595 2127 1689 2174; x_wconf 84' lang='lat' dir='ltr'>curae</span> <span class='ocrx_word' id='word_1_343' title='bbox 1702 2111 1859 2174; x_wconf 91' lang='lat' dir='ltr'>creditum</span> 
     </span>
     <span class='ocr_line' id='line_1_68' title="bbox 1110 2203 1860 2277; baseline 0.001 -13"><span class='ocrx_word' id='word_1_344' title='bbox 1110 2203 1209 2266; x_wconf 89' lang='lat' dir='ltr'>sciant</span> <span class='ocrx_word' id='word_1_345' title='bbox 1224 2221 1289 2266; x_wconf 93' lang='lat' dir='ltr'>non</span> <span class='ocrx_word' id='word_1_346' title='bbox 1305 2205 1410 2267; x_wconf 88' lang='lat' dir='ltr'>solum</span> <span class='ocrx_word' id='word_1_347' title='bbox 1423 2205 1567 2268; x_wconf 86' lang='lat' dir='ltr'>doctrina</span> <span class='ocrx_word' id='word_1_348' title='bbox 1578 2205 1681 2277; x_wconf 90' lang='lat' dir='ltr'>verbi,</span> <span class='ocrx_word' id='word_1_349' title='bbox 1695 2205 1751 2267; x_wconf 90' lang='lat' dir='ltr'>sed</span> <span class='ocrx_word' id='word_1_350' title='bbox 1763 2205 1860 2266; x_wconf 90' lang='lat' dir='ltr'>etiam</span> 
     </span>
     <span class='ocr_line' id='line_1_69' title="bbox 1111 2297 1860 2377; baseline 0.001 -20"><span class='ocrx_word' id='word_1_351' title='bbox 1111 2298 1260 2377; x_wconf 90' lang='lat' dir='ltr'>exemplo</span> <span class='ocrx_word' id='word_1_352' title='bbox 1281 2299 1357 2360; x_wconf 92' lang='lat' dir='ltr'>boni</span> <span class='ocrx_word' id='word_1_353' title='bbox 1380 2298 1485 2377; x_wconf 93' lang='lat' dir='ltr'>operis</span> <span class='ocrx_word' id='word_1_354' title='bbox 1507 2298 1694 2371; x_wconf 91' lang='lat' dir='ltr'>informare,</span> <span class='ocrx_word' id='word_1_355' title='bbox 1712 2297 1860 2360; x_wconf 90' lang='lat' dir='ltr'>commis-</span> 
     </span>
     <span class='ocr_line' id='line_1_70' title="bbox 1111 2391 1861 2472; baseline 0.003 -22"><span class='ocrx_word' id='word_1_356' title='bbox 1111 2405 1225 2468; x_wconf 88' lang='lat' dir='ltr'>sasque</span> <span class='ocrx_word' id='word_1_357' title='bbox 1254 2391 1312 2453; x_wconf 87' lang='lat' dir='ltr'>sibi</span> <span class='ocrx_word' id='word_1_358' title='bbox 1342 2391 1490 2454; x_wconf 90' lang='lat' dir='ltr'>ecclesias</span> <span class='ocrx_word' id='word_1_359' title='bbox 1511 2393 1545 2454; x_wconf 96' lang='lat' dir='ltr'>in</span> <span class='ocrx_word' id='word_1_360' title='bbox 1567 2399 1649 2472; x_wconf 82' lang='lat' dir='ltr'>statu</span> <span class='ocrx_word' id='word_1_361' title='bbox 1676 2392 1805 2470; x_wconf 86' lang='lat' dir='ltr'>pacifico</span> <span class='ocrx_word' id='word_1_362' title='bbox 1828 2397 1861 2454; x_wconf 90' lang='lat' dir='ltr'>et</span> 
     </span>
    </p>
   </div>
   <div class='ocr_carea' id='block_1_13' title="bbox 1111 2485 1968 2564">
    <p class='ocr_par' dir='ltr' id='par_1_14' title="bbox 1111 2485 1968 2564">
     <span class='ocr_line' id='line_1_71' title="bbox 1111 2485 1968 2564; baseline 0.005 -20"><span class='ocrx_word' id='word_1_363' title='bbox 1111 2485 1284 2564; x_wconf 91' lang='lat' dir='ltr'>tranquillo</span> <span class='ocrx_word' id='word_1_364' title='bbox 1307 2485 1408 2548; x_wconf 90' lang='lat' dir='ltr'>velint</span> <span class='ocrx_word' id='word_1_365' title='bbox 1430 2492 1462 2548; x_wconf 92' lang='lat' dir='ltr'>et</span> <span class='ocrx_word' id='word_1_366' title='bbox 1489 2485 1626 2558; x_wconf 87' lang='lat' dir='ltr'>valeant,</span> <span class='ocrx_word' id='word_1_367' title='bbox 1651 2491 1780 2548; x_wconf 90' lang='lat' dir='ltr'>auctore</span> <span class='ocrx_word' id='word_1_368' title='bbox 1800 2485 1860 2547; x_wconf 89' lang='lat' dir='ltr'>Do·</span> <span class='ocrx_word' id='word_1_369' title='bbox 1966 2489 1968 2495; x_wconf 72' lang='lat'>‘</span> 
     </span>
    </p>
   </div>
   <div class='ocr_carea' id='block_1_14' title="bbox 1110 2578 1861 5856">
    <p class='ocr_par' dir='ltr' id='par_1_15' title="bbox 1110 2578 1861 3314">
     <span class='ocr_line' id='line_1_72' title="bbox 1110 2578 1860 2656; baseline -0.001 -16"><span class='ocrx_word' id='word_1_370' title='bbox 1110 2579 1210 2650; x_wconf 93' lang='lat' dir='ltr'>mino,</span> <span class='ocrx_word' id='word_1_371' title='bbox 1227 2579 1399 2642; x_wconf 91' lang='lat' dir='ltr'>salubriter</span> <span class='ocrx_word' id='word_1_372' title='bbox 1414 2596 1530 2656; x_wconf 85' lang='lat' dir='ltr'>regere</span> <span class='ocrx_word' id='word_1_373' title='bbox 1546 2585 1578 2642; x_wconf 89' lang='lat' dir='ltr'>et</span> <span class='ocrx_word' id='word_1_374' title='bbox 1591 2578 1728 2641; x_wconf 91' lang='lat' dir='ltr'>feliciter</span> <span class='ocrx_word' id='word_1_375' title='bbox 1744 2579 1860 2655; x_wconf 90' lang='lat' dir='ltr'>guber-</span> 
     </span>
     <span class='ocr_line' id='line_1_73' title="bbox 1111 2671 1859 2750; baseline 0.003 -18"><span class='ocrx_word' id='word_1_376' title='bbox 1111 2688 1198 2733; x_wconf 89' lang='lat' dir='ltr'>nare.</span> <span class='ocrx_word' id='word_1_377' title='bbox 1224 2671 1350 2734; x_wconf 84' lang='lat' dir='ltr'>Dudum</span> <span class='ocrx_word' id='word_1_378' title='bbox 1373 2673 1533 2750; x_wconf 82' lang='lat' dir='ltr'>siquidem</span> <span class='ocrx_word' id='word_1_379' title='bbox 1555 2673 1762 2736; x_wconf 89' lang='lat' dir='ltr'>ecclesiarum</span> <span class='ocrx_word' id='word_1_380' title='bbox 1793 2687 1859 2734; x_wconf 90' lang='lat' dir='ltr'>om-</span> 
     </span>
     <span class='ocr_line' id='line_1_74' title="bbox 1110 2766 1860 2846; baseline 0 -18"><span class='ocrx_word' id='word_1_381' title='bbox 1110 2767 1200 2828; x_wconf 92' lang='lat' dir='ltr'>nium</span> <span class='ocrx_word' id='word_1_382' title='bbox 1217 2783 1303 2830; x_wconf 91' lang='lat' dir='ltr'>nunc</span> <span class='ocrx_word' id='word_1_383' title='bbox 1324 2766 1518 2840; x_wconf 86' lang='lat' dir='ltr'>vacantium,</span> <span class='ocrx_word' id='word_1_384' title='bbox 1532 2782 1678 2845; x_wconf 91' lang='lat' dir='ltr'>quaeque</span> <span class='ocrx_word' id='word_1_385' title='bbox 1700 2767 1734 2829; x_wconf 93' lang='lat' dir='ltr'>in</span> <span class='ocrx_word' id='word_1_386' title='bbox 1756 2773 1860 2846; x_wconf 88' lang='lat' dir='ltr'>poste-</span> 
     </span>
     <span class='ocr_line' id='line_1_75' title="bbox 1111 2861 1860 2939; baseline 0.004 -19"><span class='ocrx_word' id='word_1_387' title='bbox 1111 2877 1184 2922; x_wconf 88' lang='lat' dir='ltr'>rum</span> <span class='ocrx_word' id='word_1_388' title='bbox 1207 2867 1384 2930; x_wconf 88' lang='lat' dir='ltr'>vacaturae,</span> <span class='ocrx_word' id='word_1_389' title='bbox 1410 2861 1601 2924; x_wconf 90' lang='lat' dir='ltr'>ordinationi</span> <span class='ocrx_word' id='word_1_390' title='bbox 1627 2879 1662 2923; x_wconf 87' lang='lat' dir='ltr'>ao</span> <span class='ocrx_word' id='word_1_391' title='bbox 1683 2861 1860 2939; x_wconf 91' lang='lat' dir='ltr'>provisioni</span> 
     </span>
     <span class='ocr_line' id='line_1_76' title="bbox 1110 2955 1861 3027; baseline 0.001 -11"><span class='ocrx_word' id='word_1_392' title='bbox 1110 2961 1238 3016; x_wconf 90' lang='lat' dir='ltr'>nostrae</span> <span class='ocrx_word' id='word_1_393' title='bbox 1250 2955 1500 3027; x_wconf 89' lang='lat' dir='ltr'>reservavimus,</span> <span class='ocrx_word' id='word_1_394' title='bbox 1512 2955 1723 3017; x_wconf 90' lang='lat' dir='ltr'>decernentes</span> <span class='ocrx_word' id='word_1_395' title='bbox 1736 2962 1861 3018; x_wconf 88' lang='lat' dir='ltr'>extunc</span> 
     </span>
     <span class='ocr_line' id='line_1_77' title="bbox 1112 3049 1861 3128; baseline 0.004 -19"><span class='ocrx_word' id='word_1_396' title='bbox 1112 3049 1239 3110; x_wconf 89' lang='lat' dir='ltr'>irritum</span> <span class='ocrx_word' id='word_1_397' title='bbox 1261 3055 1356 3126; x_wconf 91' lang='lat' dir='ltr'>atque</span> <span class='ocrx_word' id='word_1_398' title='bbox 1376 3049 1481 3122; x_wconf 89' lang='lat' dir='ltr'>inane,</span> <span class='ocrx_word' id='word_1_399' title='bbox 1499 3049 1523 3110; x_wconf 91' lang='lat' dir='ltr'>si</span> <span class='ocrx_word' id='word_1_400' title='bbox 1545 3065 1637 3112; x_wconf 86' lang='lat' dir='ltr'>secus</span> <span class='ocrx_word' id='word_1_401' title='bbox 1659 3063 1757 3128; x_wconf 92' lang='lat' dir='ltr'>super</span> <span class='ocrx_word' id='word_1_402' title='bbox 1779 3051 1861 3112; x_wconf 92' lang='lat' dir='ltr'>bisa</span> 
     </span>
     <span class='ocr_line' id='line_1_78' title="bbox 1111 3143 1860 3220; baseline 0.004 -16"><span class='ocrx_word' id='word_1_403' title='bbox 1111 3157 1273 3220; x_wconf 91' lang='lat' dir='ltr'>quoquam</span> <span class='ocrx_word' id='word_1_404' title='bbox 1290 3143 1402 3220; x_wconf 93' lang='lat' dir='ltr'>quavis</span> <span class='ocrx_word' id='word_1_405' title='bbox 1428 3144 1617 3207; x_wconf 90' lang='lat' dir='ltr'>auctoritate</span> <span class='ocrx_word' id='word_1_406' title='bbox 1642 3145 1781 3208; x_wconf 87' lang='lat' dir='ltr'>scienter</span> <span class='ocrx_word' id='word_1_407' title='bbox 1806 3146 1860 3208; x_wconf 90' lang='lat' dir='ltr'>vel</span> 
     </span>
     <span class='ocr_line' id='line_1_79' title="bbox 1110 3237 1674 3314; baseline 0.004 -16"><span class='ocrx_word' id='word_1_408' title='bbox 1110 3237 1299 3314; x_wconf 84' lang='lat' dir='ltr'>ignoranter</span> <span class='ocrx_word' id='word_1_409' title='bbox 1321 3237 1493 3314; x_wconf 89' lang='lat' dir='ltr'>contigerit</span> <span class='ocrx_word' id='word_1_410' title='bbox 1514 3238 1674 3300; x_wconf 89' lang='lat' dir='ltr'>attentari.</span> 
     </span>
    </p>

    <p class='ocr_par' dir='ltr' id='par_1_16' title="bbox 1110 3333 1860 5856">
     <span class='ocr_line' id='line_1_80' title="bbox 1150 3333 1860 3412; baseline 0.004 -18"><span class='ocrx_word' id='word_1_411' title='bbox 1150 3335 1168 3408; x_wconf 67' lang='grc' dir='ltr'><strong>ἓ</strong></span> <span class='ocrx_word' id='word_1_412' title='bbox 1189 3333 1218 3394; x_wconf 77' lang='grc'>2.</span> <span class='ocrx_word' id='word_1_413' title='bbox 1243 3333 1451 3396; x_wconf 89' lang='lat' dir='ltr'>Postmodum</span> <span class='ocrx_word' id='word_1_414' title='bbox 1471 3348 1550 3394; x_wconf 91' lang='lat' dir='ltr'>vero</span> <span class='ocrx_word' id='word_1_415' title='bbox 1567 3333 1737 3412; x_wconf 82' lang='lat' dir='ltr'>episcopati</span> <span class='ocrx_word' id='word_1_416' title='bbox 1761 3335 1860 3397; x_wconf 87' lang='lat' dir='ltr'>ecole-</span> 
     </span>
     <span class='ocr_line' id='line_1_81' title="bbox 1110 3425 1860 3506; baseline 0.007 -19"><span class='ocrx_word' id='word_1_417' title='bbox 1110 3427 1155 3488; x_wconf 90' lang='lat' dir='ltr'>sia</span> <span class='ocrx_word' id='word_1_418' title='bbox 1170 3427 1345 3489; x_wconf 89' lang='lat' dir='ltr'>blaronien.</span> <span class='ocrx_word' id='word_1_419' title='bbox 1363 3427 1422 3490; x_wconf 91' lang='lat' dir='ltr'>sub</span> <span class='ocrx_word' id='word_1_420' title='bbox 1441 3425 1690 3506; x_wconf 81' lang='lat' dir='ltr'>brobiepiscopo</span> <span class='ocrx_word' id='word_1_421' title='bbox 1713 3429 1860 3492; x_wconf 83' lang='lat' dir='ltr'>Traiano-</span> 
     </span>
     <span class='ocr_line' id='line_1_82' title="bbox 1111 3520 1859 3602; baseline 0.004 -19"><span class='ocrx_word' id='word_1_422' title='bbox 1111 3520 1242 3600; x_wconf 89' lang='lat' dir='ltr'>politan.</span> <span class='ocrx_word' id='word_1_423' title='bbox 1266 3521 1456 3598; x_wconf 90' lang='lat' dir='ltr'>inpartibus</span> <span class='ocrx_word' id='word_1_424' title='bbox 1478 3521 1657 3583; x_wconf 82' lang='lat' dir='ltr'>infidelium</span> <span class='ocrx_word' id='word_1_425' title='bbox 1681 3523 1793 3585; x_wconf 90' lang='lat' dir='ltr'>solatio</span> <span class='ocrx_word' id='word_1_426' title='bbox 1809 3539 1859 3602; x_wconf 93' lang='lat' dir='ltr'>pa-</span> 
     </span>
     <span class='ocr_line' id='line_1_83' title="bbox 1110 3614 1857 3691; baseline 0.005 -16"><span class='ocrx_word' id='word_1_427' title='bbox 1110 3615 1205 3677; x_wconf 91' lang='lat' dir='ltr'>storis</span> <span class='ocrx_word' id='word_1_428' title='bbox 1227 3615 1388 3686; x_wconf 87' lang='lat' dir='ltr'>destituta,</span> <span class='ocrx_word' id='word_1_429' title='bbox 1403 3631 1461 3676; x_wconf 91' lang='lat' dir='ltr'>nos</span> <span class='ocrx_word' id='word_1_430' title='bbox 1476 3615 1513 3676; x_wconf 88' lang='lat' dir='ltr'>ad</span> <span class='ocrx_word' id='word_1_431' title='bbox 1529 3614 1675 3677; x_wconf 89' lang='lat' dir='ltr'>eiusdem</span> <span class='ocrx_word' id='word_1_432' title='bbox 1694 3617 1857 3691; x_wconf 87' lang='lat' dir='ltr'>ecclesiae,</span> 
     </span>
     <span class='ocr_line' id='line_1_84' title="bbox 1111 3707 1858 3786; baseline 0.004 -16"><span class='ocrx_word' id='word_1_433' title='bbox 1111 3709 1150 3770; x_wconf 92' lang='lat' dir='ltr'>de</span> <span class='ocrx_word' id='word_1_434' title='bbox 1173 3708 1263 3770; x_wconf 88' lang='lat' dir='ltr'>ouius</span> <span class='ocrx_word' id='word_1_435' title='bbox 1285 3707 1449 3769; x_wconf 88' lang='lat' dir='ltr'>vacatione</span> <span class='ocrx_word' id='word_1_436' title='bbox 1471 3708 1590 3770; x_wconf 87' lang='lat' dir='ltr'>relatus</span> <span class='ocrx_word' id='word_1_437' title='bbox 1612 3708 1675 3771; x_wconf 87' lang='lat' dir='ltr'>fide</span> <span class='ocrx_word' id='word_1_438' title='bbox 1697 3709 1785 3786; x_wconf 89' lang='lat' dir='ltr'>digni</span> <span class='ocrx_word' id='word_1_439' title='bbox 1801 3727 1858 3773; x_wconf 92' lang='lat' dir='ltr'>nos</span> 
     </span>
     <span class='ocr_line' id='line_1_85' title="bbox 1110 3801 1858 3880; baseline 0.005 -18"><span class='ocrx_word' id='word_1_440' title='bbox 1110 3801 1258 3863; x_wconf 88' lang='lat' dir='ltr'>fecerunt</span> <span class='ocrx_word' id='word_1_441' title='bbox 1279 3801 1450 3874; x_wconf 86' lang='lat' dir='ltr'>certiores,</span> <span class='ocrx_word' id='word_1_442' title='bbox 1475 3802 1695 3880; x_wconf 89' lang='lat' dir='ltr'>provisionem</span> <span class='ocrx_word' id='word_1_443' title='bbox 1717 3803 1858 3866; x_wconf 89' lang='lat' dir='ltr'>celerem</span> 
     </span>
     <span class='ocr_line' id='line_1_86' title="bbox 1111 3893 1858 3974; baseline 0.007 -20"><span class='ocrx_word' id='word_1_444' title='bbox 1111 3900 1205 3971; x_wconf 91' lang='lat' dir='ltr'>atque</span> <span class='ocrx_word' id='word_1_445' title='bbox 1228 3893 1365 3964; x_wconf 91' lang='lat' dir='ltr'>felicem,</span> <span class='ocrx_word' id='word_1_446' title='bbox 1388 3894 1420 3955; x_wconf 91' lang='lat' dir='ltr'>in</span> <span class='ocrx_word' id='word_1_447' title='bbox 1443 3909 1504 3971; x_wconf 92' lang='lat' dir='ltr'>qua</span> <span class='ocrx_word' id='word_1_448' title='bbox 1527 3911 1623 3958; x_wconf 90' lang='lat' dir='ltr'>nemo</span> <span class='ocrx_word' id='word_1_449' title='bbox 1645 3902 1773 3974; x_wconf 89' lang='lat' dir='ltr'>praeter</span> <span class='ocrx_word' id='word_1_450' title='bbox 1799 3913 1858 3959; x_wconf 92' lang='lat' dir='ltr'>nos</span> 
     </span>
     <span class='ocr_line' id='line_1_87' title="bbox 1110 3989 1858 4066; baseline 0.005 -18"><span class='ocrx_word' id='word_1_451' title='bbox 1110 4005 1145 4049; x_wconf 91' lang='lat' dir='ltr'>se</span> <span class='ocrx_word' id='word_1_452' title='bbox 1167 3995 1272 4066; x_wconf 89' lang='lat' dir='ltr'>potest</span> <span class='ocrx_word' id='word_1_453' title='bbox 1293 4004 1350 4050; x_wconf 90' lang='lat' dir='ltr'>seu</span> <span class='ocrx_word' id='word_1_454' title='bbox 1375 3992 1480 4066; x_wconf 92' lang='lat' dir='ltr'>potuit</span> <span class='ocrx_word' id='word_1_455' title='bbox 1500 3989 1730 4064; x_wconf 91' lang='lat' dir='ltr'>intromittere,</span> <span class='ocrx_word' id='word_1_456' title='bbox 1754 4008 1858 4054; x_wconf 90' lang='lat' dir='ltr'>reser-</span> 
     </span>
     <span class='ocr_line' id='line_1_88' title="bbox 1110 4082 1859 4164; baseline 0.011 -24"><span class='ocrx_word' id='word_1_457' title='bbox 1110 4082 1237 4144; x_wconf 89' lang='lat' dir='ltr'>vatione</span> <span class='ocrx_word' id='word_1_458' title='bbox 1270 4099 1304 4144; x_wconf 88' lang='lat' dir='ltr'>ac</span> <span class='ocrx_word' id='word_1_459' title='bbox 1333 4083 1463 4144; x_wconf 88' lang='lat' dir='ltr'>decreto</span> <span class='ocrx_word' id='word_1_460' title='bbox 1494 4082 1722 4148; x_wconf 90' lang='lat' dir='ltr'>obsistentibus</span> <span class='ocrx_word' id='word_1_461' title='bbox 1750 4102 1859 4164; x_wconf 92' lang='lat' dir='ltr'>supra-</span> 
     </span>
     <span class='ocr_line' id='line_1_89' title="bbox 1111 4174 1860 4257; baseline 0.007 -21"><span class='ocrx_word' id='word_1_462' title='bbox 1111 4175 1213 4248; x_wconf 90' lang='lat' dir='ltr'>dictis,</span> <span class='ocrx_word' id='word_1_463' title='bbox 1231 4191 1272 4236; x_wconf 89' lang='lat' dir='ltr'>ne</span> <span class='ocrx_word' id='word_1_464' title='bbox 1287 4174 1340 4237; x_wconf 90' lang='lat' dir='ltr'>illa</span> <span class='ocrx_word' id='word_1_465' title='bbox 1355 4176 1471 4252; x_wconf 86' lang='lat' dir='ltr'>longae</span> <span class='ocrx_word' id='word_1_466' title='bbox 1486 4177 1658 4239; x_wconf 88' lang='lat' dir='ltr'>vacationis</span> <span class='ocrx_word' id='word_1_467' title='bbox 1680 4186 1860 4257; x_wconf 82' lang='lat' dir='ltr'>exponatur</span> 
     </span>
     <span class='ocr_line' id='line_1_90' title="bbox 1111 4269 1858 4348; baseline 0.008 -19"><span class='ocrx_word' id='word_1_468' title='bbox 1111 4269 1340 4341; x_wconf 90' lang='lat' dir='ltr'>incommodis,</span> <span class='ocrx_word' id='word_1_469' title='bbox 1372 4277 1505 4348; x_wconf 89' lang='lat' dir='ltr'>paterno</span> <span class='ocrx_word' id='word_1_470' title='bbox 1533 4288 1568 4333; x_wconf 87' lang='lat' dir='ltr'>ao</span> <span class='ocrx_word' id='word_1_471' title='bbox 1596 4272 1719 4334; x_wconf 89' lang='lat' dir='ltr'>solicito</span> <span class='ocrx_word' id='word_1_472' title='bbox 1752 4273 1858 4335; x_wconf 91' lang='lat' dir='ltr'>studio</span> 
     </span>
     <span class='ocr_line' id='line_1_91' title="bbox 1110 4362 1859 4444; baseline 0.008 -22"><span class='ocrx_word' id='word_1_473' title='bbox 1110 4362 1333 4437; x_wconf 90' lang='lat' dir='ltr'>intendentes,</span> <span class='ocrx_word' id='word_1_474' title='bbox 1366 4370 1438 4442; x_wconf 92' lang='lat' dir='ltr'>post</span> <span class='ocrx_word' id='word_1_475' title='bbox 1463 4365 1738 4440; x_wconf 88' lang='lat' dir='ltr'>deliberationem,</span> <span class='ocrx_word' id='word_1_476' title='bbox 1763 4381 1859 4444; x_wconf 92' lang='lat' dir='ltr'>quam</span> 
     </span>
     <span class='ocr_line' id='line_1_92' title="bbox 1112 4457 1858 4540; baseline 0.004 -21"><span class='ocrx_word' id='word_1_477' title='bbox 1112 4458 1150 4519; x_wconf 90' lang='lat' dir='ltr'>de</span> <span class='ocrx_word' id='word_1_478' title='bbox 1165 4457 1379 4535; x_wconf 87' lang='lat' dir='ltr'>praeficiendo</span> <span class='ocrx_word' id='word_1_479' title='bbox 1398 4459 1501 4520; x_wconf 91' lang='lat' dir='ltr'>eidem</span> <span class='ocrx_word' id='word_1_480' title='bbox 1518 4459 1676 4522; x_wconf 85' lang='lat' dir='ltr'>Ecclesiae</span> <span class='ocrx_word' id='word_1_481' title='bbox 1688 4477 1858 4540; x_wconf 89' lang='lat' dir='ltr'>personam</span> 
     </span>
     <span class='ocr_line' id='line_1_93' title="bbox 1110 4550 1859 4615; baseline 0.003 -3"><span class='ocrx_word' id='word_1_482' title='bbox 1110 4550 1223 4612; x_wconf 92' lang='lat' dir='ltr'>utilem</span> <span class='ocrx_word' id='word_1_483' title='bbox 1256 4556 1288 4612; x_wconf 91' lang='lat' dir='ltr'>et</span> <span class='ocrx_word' id='word_1_484' title='bbox 1312 4550 1508 4614; x_wconf 88' lang='lat' dir='ltr'>fructuosam</span> <span class='ocrx_word' id='word_1_485' title='bbox 1534 4569 1607 4614; x_wconf 89' lang='lat' dir='ltr'>cum</span> <span class='ocrx_word' id='word_1_486' title='bbox 1633 4567 1731 4615; x_wconf 91' lang='lat' dir='ltr'>venn.</span> <span class='ocrx_word' id='word_1_487' title='bbox 1755 4553 1859 4615; x_wconf 89' lang='lat' dir='ltr'>fratri-</span> 
     </span>
     <span class='ocr_line' id='line_1_94' title="bbox 1112 4644 1859 4726; baseline 0.004 -19"><span class='ocrx_word' id='word_1_488' title='bbox 1112 4645 1170 4707; x_wconf 92' lang='lat' dir='ltr'>bus</span> <span class='ocrx_word' id='word_1_489' title='bbox 1185 4645 1303 4707; x_wconf 90' lang='lat' dir='ltr'>nostris</span> <span class='ocrx_word' id='word_1_490' title='bbox 1327 4644 1358 4707; x_wconf 91' lang='lat' dir='ltr'>S.</span> <span class='ocrx_word' id='word_1_491' title='bbox 1372 4646 1408 4707; x_wconf 86' lang='lat' dir='ltr'>R.</span> <span class='ocrx_word' id='word_1_492' title='bbox 1423 4646 1459 4707; x_wconf 80' lang='lat' dir='ltr'>b.</span> <span class='ocrx_word' id='word_1_493' title='bbox 1473 4645 1695 4708; x_wconf 85' lang='lat' dir='ltr'>Cardinalibus</span> <span class='ocrx_word' id='word_1_494' title='bbox 1716 4648 1859 4726; x_wconf 88' lang='lat' dir='ltr'>negociis</span> 
     </span>
     <span class='ocr_line' id='line_1_95' title="bbox 1110 4739 1859 4819; baseline 0.007 -20"><span class='ocrx_word' id='word_1_495' title='bbox 1110 4739 1334 4817; x_wconf 86' lang='lat' dir='ltr'>Propagandao</span> <span class='ocrx_word' id='word_1_496' title='bbox 1356 4739 1443 4801; x_wconf 82' lang='lat' dir='ltr'>Fidei</span> <span class='ocrx_word' id='word_1_497' title='bbox 1472 4741 1659 4819; x_wconf 87' lang='lat' dir='ltr'>praepositis</span> <span class='ocrx_word' id='word_1_498' title='bbox 1688 4741 1859 4804; x_wconf 84' lang='lat' dir='ltr'>babuimus</span> 
     </span>
     <span class='ocr_line' id='line_1_96' title="bbox 1111 4832 1860 4912; baseline 0.003 -18"><span class='ocrx_word' id='word_1_499' title='bbox 1111 4832 1312 4910; x_wconf 83' lang='lat' dir='ltr'>diligentem,</span> <span class='ocrx_word' id='word_1_500' title='bbox 1336 4834 1374 4895; x_wconf 92' lang='lat' dir='ltr'>ad</span> <span class='ocrx_word' id='word_1_501' title='bbox 1396 4839 1427 4894; x_wconf 90' lang='lat' dir='ltr'>te</span> <span class='ocrx_word' id='word_1_502' title='bbox 1449 4833 1504 4911; x_wconf 95' lang='lat' dir='ltr'>qui</span> <span class='ocrx_word' id='word_1_503' title='bbox 1527 4851 1568 4896; x_wconf 88' lang='lat' dir='ltr'>ex</span> <span class='ocrx_word' id='word_1_504' title='bbox 1587 4835 1733 4912; x_wconf 87' lang='lat' dir='ltr'>legitimo</span> <span class='ocrx_word' id='word_1_505' title='bbox 1752 4836 1860 4897; x_wconf 85' lang='lat' dir='ltr'>matri-</span> 
     </span>
     <span class='ocr_line' id='line_1_97' title="bbox 1111 4926 1859 5004; baseline 0.004 -17"><span class='ocrx_word' id='word_1_506' title='bbox 1111 4926 1220 4988; x_wconf 91' lang='lat' dir='ltr'>monio</span> <span class='ocrx_word' id='word_1_507' title='bbox 1232 4933 1419 5004; x_wconf 85' lang='lat' dir='ltr'>procreatus</span> <span class='ocrx_word' id='word_1_508' title='bbox 1435 4927 1544 4990; x_wconf 85' lang='lat' dir='ltr'>existis</span> <span class='ocrx_word' id='word_1_509' title='bbox 1557 4928 1633 4990; x_wconf 90' lang='lat' dir='ltr'>etin</span> <span class='ocrx_word' id='word_1_510' title='bbox 1649 4935 1750 4991; x_wconf 90' lang='lat' dir='ltr'>aetate</span> <span class='ocrx_word' id='word_1_511' title='bbox 1763 4930 1859 4992; x_wconf 90' lang='lat' dir='ltr'>etiam</span> 
     </span>
     <span class='ocr_line' id='line_1_98' title="bbox 1111 5019 1859 5100; baseline 0.005 -18"><span class='ocrx_word' id='word_1_512' title='bbox 1111 5019 1254 5096; x_wconf 89' lang='lat' dir='ltr'>legitima</span> <span class='ocrx_word' id='word_1_513' title='bbox 1276 5020 1481 5094; x_wconf 86' lang='lat' dir='ltr'>constitutus,</span> <span class='ocrx_word' id='word_1_514' title='bbox 1510 5022 1630 5100; x_wconf 92' lang='lat' dir='ltr'>quique</span> <span class='ocrx_word' id='word_1_515' title='bbox 1652 5023 1779 5100; x_wconf 90' lang='lat' dir='ltr'>pietate,</span> <span class='ocrx_word' id='word_1_516' title='bbox 1805 5023 1859 5086; x_wconf 93' lang='lat' dir='ltr'>do-</span> 
     </span>
     <span class='ocr_line' id='line_1_99' title="bbox 1112 5114 1859 5194; baseline 0.004 -19"><span class='ocrx_word' id='word_1_517' title='bbox 1112 5114 1222 5186; x_wconf 90' lang='lat' dir='ltr'>ctrina,</span> <span class='ocrx_word' id='word_1_518' title='bbox 1246 5115 1426 5192; x_wconf 89' lang='lat' dir='ltr'>prudentia,</span> <span class='ocrx_word' id='word_1_519' title='bbox 1440 5121 1536 5193; x_wconf 90' lang='lat' dir='ltr'>atque</span> <span class='ocrx_word' id='word_1_520' title='bbox 1558 5116 1751 5194; x_wconf 88' lang='lat' dir='ltr'>evangelicis</span> <span class='ocrx_word' id='word_1_521' title='bbox 1774 5117 1859 5179; x_wconf 91' lang='lat' dir='ltr'>labo-</span> 
     </span>
     <span class='ocr_line' id='line_1_100' title="bbox 1111 5207 1859 5288; baseline 0.008 -21"><span class='ocrx_word' id='word_1_522' title='bbox 1111 5207 1198 5269; x_wconf 89' lang='lat' dir='ltr'>ribus</span> <span class='ocrx_word' id='word_1_523' title='bbox 1221 5214 1253 5270; x_wconf 91' lang='lat' dir='ltr'>et</span> <span class='ocrx_word' id='word_1_524' title='bbox 1267 5207 1439 5271; x_wconf 89' lang='lat' dir='ltr'>catholicae</span> <span class='ocrx_word' id='word_1_525' title='bbox 1455 5210 1528 5272; x_wconf 89' lang='lat' dir='ltr'>fidei</span> <span class='ocrx_word' id='word_1_526' title='bbox 1550 5211 1772 5288; x_wconf 88' lang='lat' dir='ltr'>propagandae</span> <span class='ocrx_word' id='word_1_527' title='bbox 1794 5218 1859 5273; x_wconf 91' lang='lat' dir='ltr'>stu·</span> 
     </span>
     <span class='ocr_line' id='line_1_101' title="bbox 1111 5301 1858 5382; baseline 0.005 -19"><span class='ocrx_word' id='word_1_528' title='bbox 1111 5301 1162 5363; x_wconf 89' lang='lat' dir='ltr'>dio</span> <span class='ocrx_word' id='word_1_529' title='bbox 1188 5319 1396 5380; x_wconf 88' lang='lat' dir='ltr'>summopere</span> <span class='ocrx_word' id='word_1_530' title='bbox 1418 5309 1569 5382; x_wconf 89' lang='lat' dir='ltr'>praestas,</span> <span class='ocrx_word' id='word_1_531' title='bbox 1601 5304 1710 5368; x_wconf 88' lang='lat' dir='ltr'>oculos</span> <span class='ocrx_word' id='word_1_532' title='bbox 1740 5305 1858 5368; x_wconf 89' lang='lat' dir='ltr'>mentis</span> 
     </span>
     <span class='ocr_line' id='line_1_102' title="bbox 1111 5396 1858 5472; baseline 0.005 -15"><span class='ocrx_word' id='word_1_533' title='bbox 1111 5403 1239 5458; x_wconf 88' lang='lat' dir='ltr'>nostrae</span> <span class='ocrx_word' id='word_1_534' title='bbox 1262 5396 1449 5458; x_wconf 84' lang='lat' dir='ltr'>direximus</span> <span class='ocrx_word' id='word_1_535' title='bbox 1476 5397 1595 5472; x_wconf 90' lang='lat' dir='ltr'>Quibus</span> <span class='ocrx_word' id='word_1_536' title='bbox 1622 5399 1771 5462; x_wconf 89' lang='lat' dir='ltr'>omnibus</span> <span class='ocrx_word' id='word_1_537' title='bbox 1793 5415 1858 5461; x_wconf 88' lang='lat' dir='ltr'>ma·</span> 
     </span>
     <span class='ocr_line' id='line_1_103' title="bbox 1111 5493 1857 5572; baseline 0.005 -18"><span class='ocrx_word' id='word_1_538' title='bbox 1111 5499 1184 5555; x_wconf 90' lang='lat' dir='ltr'>ture</span> <span class='ocrx_word' id='word_1_539' title='bbox 1206 5493 1383 5572; x_wconf 89' lang='lat' dir='ltr'>perpensis,</span> <span class='ocrx_word' id='word_1_540' title='bbox 1401 5501 1465 5554; x_wconf 91' lang='lat' dir='ltr'>tea</span> <span class='ocrx_word' id='word_1_541' title='bbox 1484 5494 1650 5570; x_wconf 91' lang='lat' dir='ltr'>quibusvis</span> <span class='ocrx_word' id='word_1_542' title='bbox 1673 5511 1857 5558; x_wconf 90' lang='lat' dir='ltr'>excommu-</span> 
     </span>
     <span class='ocr_line' id='line_1_104' title="bbox 1111 5587 1858 5666; baseline 0.007 -18"><span class='ocrx_word' id='word_1_543' title='bbox 1111 5587 1288 5660; x_wconf 87' lang='lat' dir='ltr'>nicationis,</span> <span class='ocrx_word' id='word_1_544' title='bbox 1303 5587 1522 5666; x_wconf 89' lang='lat' dir='ltr'>suspensionis</span> <span class='ocrx_word' id='word_1_545' title='bbox 1538 5595 1570 5652; x_wconf 90' lang='lat' dir='ltr'>et</span> <span class='ocrx_word' id='word_1_546' title='bbox 1584 5589 1758 5663; x_wconf 82' lang='lat' dir='ltr'>interdicti,</span> <span class='ocrx_word' id='word_1_547' title='bbox 1776 5591 1858 5653; x_wconf 92' lang='lat' dir='ltr'>aliis-</span> 
     </span>
     <span class='ocr_line' id='line_1_105' title="bbox 1111 5673 1860 5758; baseline 0.005 -16"><span class='ocrx_word' id='word_1_548' title='bbox 1111 5695 1174 5758; x_wconf 93' lang='lat' dir='ltr'>que</span> <span class='ocrx_word' id='word_1_549' title='bbox 1197 5681 1416 5756; x_wconf 80' lang='lat' dir='ltr'>ecclesiasticis</span> <span class='ocrx_word' id='word_1_550' title='bbox 1444 5673 1631 5756; x_wconf 77' lang='lat' dir='ltr'>sententiiS,¹</span> <span class='ocrx_word' id='word_1_551' title='bbox 1659 5685 1804 5746; x_wconf 90' lang='lat' dir='ltr'>censuris</span> <span class='ocrx_word' id='word_1_552' title='bbox 1827 5690 1860 5746; x_wconf 91' lang='lat' dir='ltr'>et</span> 
     </span>
     <span class='ocr_line' id='line_1_106' title="bbox 1111 5775 1858 5856; baseline 0.005 -19"><span class='ocrx_word' id='word_1_553' title='bbox 1111 5775 1235 5854; x_wconf 89' lang='lat' dir='ltr'>poenis,</span> <span class='ocrx_word' id='word_1_554' title='bbox 1266 5776 1503 5853; x_wconf 92' lang='lat' dir='ltr'>quovismodo</span> <span class='ocrx_word' id='word_1_555' title='bbox 1531 5782 1563 5838; x_wconf 90' lang='lat' dir='ltr'>et</span> <span class='ocrx_word' id='word_1_556' title='bbox 1588 5792 1790 5856; x_wconf 86' lang='lat' dir='ltr'>quacumque</span> <span class='ocrx_word' id='word_1_557' title='bbox 1819 5779 1858 5841; x_wconf 89' lang='lat' dir='ltr'>de</span> 
     </span>
    </p>
   </div>
   <div class='ocr_carea' id='block_1_15' title="bbox 1265 5915 1345 5922">
    <p class='ocr_par' dir='ltr' id='par_1_17' title="bbox 1265 5915 1345 5922">
     <span class='ocr_line' id='line_1_107' title="bbox 1265 5915 1345 5922; baseline 0.013 -1"><span class='ocrx_word' id='word_1_558' title='bbox 1265 5915 1345 5922; x_wconf 53' lang='lat' dir='ltr'>-.a-.-</span> 
     </span>
    </p>
   </div>
   <div class='ocr_carea' id='block_1_16' title="bbox 0 0 2391 6980">
    <p class='ocr_par' dir='ltr' id='par_1_18' title="bbox 0 0 2391 6980">
     <span class='ocr_line' id='line_1_108' title="bbox 0 0 2391 6980; baseline 0 0"><span class='ocrx_word' id='word_1_559' title='bbox 0 0 2391 6980; x_wconf 95' lang='lat' dir='ltr'> </span> 
     </span>
    </p>
   </div>
   <div class='ocr_carea' id='block_1_17' title="bbox 1779 573 2079 640">
    <p class='ocr_par' dir='ltr' id='par_1_19' title="bbox 1779 573 2079 640">
     <span class='ocr_line' id='line_1_109' title="bbox 1779 573 2079 640; baseline -0.003 -6"><span class='ocrx_word' id='word_1_560' title='bbox 1779 573 1838 640; x_wconf 74' lang='grc'>329</span> <span class='ocrx_word' id='word_1_561' title='bbox 1889 583 1941 634; x_wconf 83' lang='lat' dir='ltr'>An.</span> <span class='ocrx_word' id='word_1_562' title='bbox 1957 583 1986 635; x_wconf 79' lang='grc'>0.</span> <span class='ocrx_word' id='word_1_563' title='bbox 2010 581 2079 633; x_wconf 72' lang='lat' dir='ltr'>fsto</span> 
     </span>
    </p>
   </div>
  </div>
 </body>
</html>
