<?xml version="1.0" encoding="UTF-8"?>
<!DOCTYPE html PUBLIC "-//W3C//DTD XHTML 1.0 Transitional//EN"
    "http://www.w3.org/TR/xhtml1/DTD/xhtml1-transitional.dtd">
<html xmlns="http://www.w3.org/1999/xhtml" xml:lang="en" lang="en">
 <head>
  <title>
</title>
<meta http-equiv="Content-Type" content="text/html;charset=utf-8" />
  <meta name='ocr-system' content='tesseract 3.04.00' />
  <meta name='ocr-capabilities' content='ocr_page ocr_carea ocr_par ocr_line ocrx_word'/>
</head>
<body>
  <div class='ocr_page' id='page_1' title='image "./iurispontificii01martgoog_0075.png"; bbox 0 0 4864 6994; ppageno 0'>
   <div class='ocr_carea' id='block_1_1' title="bbox 382 597 1264 797">
    <p class='ocr_par' dir='ltr' id='par_1_1' title="bbox 382 597 1264 797">
     <span class='ocr_line' id='line_1_1' title="bbox 930 597 1264 644; baseline -0.003 -1"><span class='ocrx_word' id='word_1_1' title='bbox 930 597 1104 644; x_wconf 80' lang='lat' dir='ltr'><strong>nhsuonrus</strong></span> <span class='ocrx_word' id='word_1_2' title='bbox 1124 597 1175 643; x_wconf 75' lang='grc' dir='ltr'><strong>ΡΡ.</strong></span> <span class='ocrx_word' id='word_1_3' title='bbox 1199 597 1264 642; x_wconf 82' lang='lat' dir='ltr'><strong>xvi.</strong></span> 
     </span>
     <span class='ocr_line' id='line_1_2' title="bbox 382 709 1017 797; baseline 0.008 -22"><span class='ocrx_word' id='word_1_4' title='bbox 382 709 552 778; x_wconf 74' lang='lat' dir='ltr'><strong>Venerabili</strong></span> <span class='ocrx_word' id='word_1_5' title='bbox 578 711 669 780; x_wconf 87' lang='lat' dir='ltr'><strong>tratri</strong></span> <span class='ocrx_word' id='word_1_6' title='bbox 692 713 842 797; x_wconf 80' lang='lat' dir='ltr'><strong>Episcopo</strong></span> <span class='ocrx_word' id='word_1_7' title='bbox 865 713 1017 796; x_wconf 82' lang='lat' dir='ltr'><strong>Papiensi,</strong></span> 
     </span>
    </p>
   </div>
   <div class='ocr_carea' id='block_1_2' title="bbox 497 897 895 967">
    <p class='ocr_par' dir='ltr' id='par_1_2' title="bbox 497 897 895 967">
     <span class='ocr_line' id='line_1_3' title="bbox 497 897 895 967; baseline -0.003 -3"><span class='ocrx_word' id='word_1_8' title='bbox 497 897 715 967; x_wconf 74' lang='lat' dir='ltr'><strong>entecnius</strong></span> <span class='ocrx_word' id='word_1_9' title='bbox 738 900 798 967; x_wconf 91' lang='grc' dir='ltr'><strong>ΡΡ.</strong></span> <span class='ocrx_word' id='word_1_10' title='bbox 823 899 895 967; x_wconf 81' lang='lat' dir='ltr'><strong>fvt.</strong></span> 
     </span>
    </p>
   </div>
   <div class='ocr_carea' id='block_1_3' title="bbox 538 1085 856 1166">
    <p class='ocr_par' dir='ltr' id='par_1_3' title="bbox 538 1085 856 1166">
     <span class='ocr_line' id='line_1_4' title="bbox 538 1085 856 1166; baseline 0.006 -15"><span class='ocrx_word' id='word_1_11' title='bbox 538 1085 728 1154; x_wconf 79' lang='lat' dir='ltr'><strong>Venerabilis</strong></span> <span class='ocrx_word' id='word_1_12' title='bbox 750 1088 856 1166; x_wconf 88' lang='lat' dir='ltr'><strong>trater,</strong></span> 
     </span>
    </p>
   </div>
   <div class='ocr_carea' id='block_1_4' title="bbox 1812 571 2089 634">
    <p class='ocr_par' dir='ltr' id='par_1_4' title="bbox 1812 571 2089 634">
     <span class='ocr_line' id='line_1_5' title="bbox 1812 571 2089 634; baseline -0.025 0"><span class='ocrx_word' id='word_1_13' title='bbox 1812 571 1852 634; x_wconf 80' lang='lat' dir='ltr'><strong>db</strong></span> <span class='ocrx_word' id='word_1_14' title='bbox 1900 573 1955 628; x_wconf 79' lang='lat' dir='ltr'><strong>Aa.</strong></span> <span class='ocrx_word' id='word_1_15' title='bbox 1969 577 1999 629; x_wconf 80' lang='grc'><strong>0.</strong></span> <span class='ocrx_word' id='word_1_16' title='bbox 2021 574 2089 628; x_wconf 78' lang='grc'><strong>1838</strong></span> 
     </span>
    </p>
   </div>
   <div class='ocr_carea' id='block_1_5' title="bbox 1123 707 1871 1167">
    <p class='ocr_par' dir='ltr' id='par_1_5' title="bbox 1123 707 1871 1167">
     <span class='ocr_line' id='line_1_6' title="bbox 1123 707 1871 794; baseline -0.009 -18"><span class='ocrx_word' id='word_1_17' title='bbox 1123 715 1267 778; x_wconf 91' lang='lat' dir='ltr'><strong>cedimus</strong></span> <span class='ocrx_word' id='word_1_18' title='bbox 1289 721 1321 777; x_wconf 94' lang='lat' dir='ltr'><strong>et</strong></span> <span class='ocrx_word' id='word_1_19' title='bbox 1342 714 1559 794; x_wconf 90' lang='lat' dir='ltr'><strong>impertimur,</strong></span> <span class='ocrx_word' id='word_1_20' title='bbox 1583 720 1619 777; x_wconf 93' lang='lat' dir='ltr'><strong>ut</strong></span> <span class='ocrx_word' id='word_1_21' title='bbox 1640 714 1726 776; x_wconf 92' lang='lat' dir='ltr'><strong>idem</strong></span> <span class='ocrx_word' id='word_1_22' title='bbox 1750 708 1783 772; x_wconf 88' lang='lat' dir='ltr'><strong>S.</strong></span> <span class='ocrx_word' id='word_1_23' title='bbox 1807 707 1871 770; x_wconf 90' lang='lat' dir='ltr'><strong>Au·</strong></span> 
     </span>
     <span class='ocr_line' id='line_1_7' title="bbox 1126 807 1870 887; baseline -0.012 -17"><span class='ocrx_word' id='word_1_24' title='bbox 1126 809 1246 885; x_wconf 90' lang='lat' dir='ltr'><strong>gustini</strong></span> <span class='ocrx_word' id='word_1_25' title='bbox 1265 823 1380 887; x_wconf 91' lang='lat' dir='ltr'><strong>corpus</strong></span> <span class='ocrx_word' id='word_1_26' title='bbox 1402 807 1435 870; x_wconf 94' lang='lat' dir='ltr'><strong>in</strong></span> <span class='ocrx_word' id='word_1_27' title='bbox 1457 812 1666 870; x_wconf 83' lang='lat' dir='ltr'><strong>memoratam</strong></span> <span class='ocrx_word' id='word_1_28' title='bbox 1688 816 1805 866; x_wconf 81' lang='lat' dir='ltr'><strong>novam</strong></span> <span class='ocrx_word' id='word_1_29' title='bbox 1823 817 1870 862; x_wconf 90' lang='lat' dir='ltr'><strong>ca·</strong></span> 
     </span>
     <span class='ocr_line' id='line_1_8' title="bbox 1125 896 1870 980; baseline -0.012 -18"><span class='ocrx_word' id='word_1_30' title='bbox 1125 901 1249 980; x_wconf 92' lang='lat' dir='ltr'><strong>psulam</strong></span> <span class='ocrx_word' id='word_1_31' title='bbox 1271 900 1458 974; x_wconf 91' lang='lat' dir='ltr'><strong>transferre,</strong></span> <span class='ocrx_word' id='word_1_32' title='bbox 1476 907 1509 962; x_wconf 90' lang='lat' dir='ltr'><strong>et</strong></span> <span class='ocrx_word' id='word_1_33' title='bbox 1522 916 1562 963; x_wconf 92' lang='lat' dir='ltr'><strong>ex</strong></span> <span class='ocrx_word' id='word_1_34' title='bbox 1577 896 1745 978; x_wconf 86' lang='lat' dir='ltr'><strong>praedictis</strong></span> <span class='ocrx_word' id='word_1_35' title='bbox 1767 909 1870 956; x_wconf 86' lang='lat' dir='ltr'><strong>sacro</strong></span> 
     </span>
     <span class='ocr_line' id='line_1_9' title="bbox 1124 988 1866 1071; baseline -0.008 -16"><span class='ocrx_word' id='word_1_36' title='bbox 1124 1010 1198 1056; x_wconf 92' lang='lat' dir='ltr'><strong>rum</strong></span> <span class='ocrx_word' id='word_1_37' title='bbox 1216 995 1339 1058; x_wconf 90' lang='lat' dir='ltr'><strong>ossium</strong></span> <span class='ocrx_word' id='word_1_38' title='bbox 1362 993 1550 1071; x_wconf 80' lang='lat' dir='ltr'><strong>fragmentis</strong></span> <span class='ocrx_word' id='word_1_39' title='bbox 1571 997 1694 1071; x_wconf 93' lang='lat' dir='ltr'><strong>partem</strong></span> <span class='ocrx_word' id='word_1_40' title='bbox 1716 988 1866 1066; x_wconf 87' lang='lat' dir='ltr'><strong>aliquam,</strong></span> 
     </span>
     <span class='ocr_line' id='line_1_10' title="bbox 1123 1079 1868 1167; baseline -0.015 -17"><span class='ocrx_word' id='word_1_41' title='bbox 1123 1089 1156 1150; x_wconf 94' lang='lat' dir='ltr'><strong>in</strong></span> <span class='ocrx_word' id='word_1_42' title='bbox 1185 1087 1398 1167; x_wconf 82' lang='lat' dir='ltr'>peculiaribus</span> <span class='ocrx_word' id='word_1_43' title='bbox 1427 1087 1528 1150; x_wconf 90' lang='lat' dir='ltr'><strong>thecis</strong></span> <span class='ocrx_word' id='word_1_44' title='bbox 1558 1082 1795 1153; x_wconf 90' lang='lat' dir='ltr'><strong>includendam,</strong></span> <span class='ocrx_word' id='word_1_45' title='bbox 1829 1079 1868 1140; x_wconf 91' lang='lat' dir='ltr'><strong>iis</strong></span> 
     </span>
    </p>
   </div>
   <div class='ocr_carea' id='block_1_6' title="bbox 358 1172 1869 1260">
    <p class='ocr_par' dir='ltr' id='par_1_6' title="bbox 358 1172 1869 1260">
     <span class='ocr_line' id='line_1_11' title="bbox 358 1172 1869 1260; baseline -0.007 -16"><span class='ocrx_word' id='word_1_46' title='bbox 358 1177 486 1244; x_wconf 86' lang='lat' dir='ltr'><strong>salutern</strong></span> <span class='ocrx_word' id='word_1_47' title='bbox 509 1183 541 1244; x_wconf 88' lang='lat' dir='ltr'><strong>ef</strong></span> <span class='ocrx_word' id='word_1_48' title='bbox 562 1179 761 1260; x_wconf 86' lang='lat' dir='ltr'><strong>apostolicam</strong></span> <span class='ocrx_word' id='word_1_49' title='bbox 784 1179 1034 1247; x_wconf 78' lang='lat' dir='ltr'><strong>benedictionem.</strong></span> <span class='ocrx_word' id='word_1_50' title='bbox 1124 1181 1179 1258; x_wconf 91' lang='lat' dir='ltr'><strong>qui</strong></span> <span class='ocrx_word' id='word_1_51' title='bbox 1200 1181 1284 1243; x_wconf 91' lang='lat' dir='ltr'><strong>bene</strong></span> <span class='ocrx_word' id='word_1_52' title='bbox 1305 1182 1344 1243; x_wconf 85' lang='lat' dir='ltr'><strong>ue</strong></span> <span class='ocrx_word' id='word_1_53' title='bbox 1365 1181 1461 1243; x_wconf 87' lang='lat' dir='ltr'><strong>sacris</strong></span> <span class='ocrx_word' id='word_1_54' title='bbox 1482 1179 1597 1242; x_wconf 90' lang='lat' dir='ltr'><strong>iisdem</strong></span> <span class='ocrx_word' id='word_1_55' title='bbox 1618 1176 1743 1240; x_wconf 87' lang='lat' dir='ltr'><strong>exuviis</strong></span> <span class='ocrx_word' id='word_1_56' title='bbox 1759 1172 1869 1236; x_wconf 89' lang='lat' dir='ltr'><strong>meriti</strong></span> 
     </span>
    </p>
   </div>
   <div class='ocr_carea' id='block_1_7' title="bbox 1122 1267 1868 1352">
    <p class='ocr_par' dir='ltr' id='par_1_7' title="bbox 1122 1267 1868 1352">
     <span class='ocr_line' id='line_1_12' title="bbox 1122 1267 1868 1352; baseline -0.011 -17"><span class='ocrx_word' id='word_1_57' title='bbox 1122 1281 1207 1348; x_wconf 91' lang='lat' dir='ltr'><strong>sunt,</strong></span> <span class='ocrx_word' id='word_1_58' title='bbox 1225 1273 1371 1352; x_wconf 90' lang='lat' dir='ltr'><strong>aliisque,</strong></span> <span class='ocrx_word' id='word_1_59' title='bbox 1389 1273 1504 1352; x_wconf 90' lang='lat' dir='ltr'><strong>quibus</strong></span> <span class='ocrx_word' id='word_1_60' title='bbox 1521 1273 1578 1334; x_wconf 93' lang='lat' dir='ltr'><strong>tibi</strong></span> <span class='ocrx_word' id='word_1_61' title='bbox 1601 1276 1818 1349; x_wconf 91' lang='lat' dir='ltr'><strong>opportunum</strong></span> <span class='ocrx_word' id='word_1_62' title='bbox 1834 1267 1868 1328; x_wconf 89' lang='lat' dir='ltr'><strong>in</strong></span> 
     </span>
    </p>
   </div>
   <div class='ocr_carea' id='block_1_8' title="bbox 92 1359 1868 1538">
    <p class='ocr_par' dir='ltr' id='par_1_8' title="bbox 92 1359 1868 1538">
     <span class='ocr_line' id='line_1_13' title="bbox 92 1359 1868 1447; baseline -0.001 -25"><span class='ocrx_word' id='word_1_63' title='bbox 92 1377 234 1433; x_wconf 71' lang='lat' dir='ltr'><strong>expositio</strong></span> <span class='ocrx_word' id='word_1_64' title='bbox 251 1388 306 1434; x_wconf 78' lang='lat' dir='ltr'><strong>ore·</strong></span> <span class='ocrx_word' id='word_1_65' title='bbox 364 1369 383 1442; x_wconf 65' lang='grc' dir='ltr'><strong>ἓ</strong></span> <span class='ocrx_word' id='word_1_66' title='bbox 406 1367 432 1428; x_wconf 93' lang='lat' dir='ltr'><strong>l.</strong></span> <span class='ocrx_word' id='word_1_67' title='bbox 457 1367 570 1430; x_wconf 90' lang='lat' dir='ltr'><strong>Literis</strong></span> <span class='ocrx_word' id='word_1_68' title='bbox 592 1369 694 1447; x_wconf 88' lang='lat' dir='ltr'><strong>pridie</strong></span> <span class='ocrx_word' id='word_1_69' title='bbox 715 1386 814 1432; x_wconf 92' lang='lat' dir='ltr'><strong>nonas</strong></span> <span class='ocrx_word' id='word_1_70' title='bbox 837 1369 1015 1432; x_wconf 84' lang='lat' dir='ltr'><strong>decembris</strong></span> <span class='ocrx_word' id='word_1_71' title='bbox 1031 1370 1069 1432; x_wconf 91' lang='lat' dir='ltr'><strong>ad</strong></span> <span class='ocrx_word' id='word_1_72' title='bbox 1123 1367 1259 1430; x_wconf 85' lang='lat' dir='ltr'><strong>Domino</strong></span> <span class='ocrx_word' id='word_1_73' title='bbox 1281 1368 1508 1439; x_wconf 86' lang='lat' dir='ltr'><strong>visumfuerit,</strong></span> <span class='ocrx_word' id='word_1_74' title='bbox 1526 1367 1645 1428; x_wconf 91' lang='lat' dir='ltr'><strong>donare</strong></span> <span class='ocrx_word' id='word_1_75' title='bbox 1660 1363 1761 1426; x_wconf 90' lang='lat' dir='ltr'><strong>libere</strong></span> <span class='ocrx_word' id='word_1_76' title='bbox 1783 1378 1818 1423; x_wconf 92' lang='lat' dir='ltr'><strong>ac</strong></span> <span class='ocrx_word' id='word_1_77' title='bbox 1832 1359 1868 1422; x_wconf 92' lang='lat' dir='ltr'><strong>li-</strong></span> 
     </span>
     <span class='ocr_line' id='line_1_14' title="bbox 325 1455 1867 1538; baseline -0.004 -17"><span class='ocrx_word' id='word_1_78' title='bbox 325 1475 383 1521; x_wconf 94' lang='lat' dir='ltr'><strong>nos</strong></span> <span class='ocrx_word' id='word_1_79' title='bbox 415 1461 494 1523; x_wconf 91' lang='lat' dir='ltr'><strong>datis</strong></span> <span class='ocrx_word' id='word_1_80' title='bbox 526 1462 704 1535; x_wconf 79' lang='lat' dir='ltr'><strong>referebas,</strong></span> <span class='ocrx_word' id='word_1_81' title='bbox 733 1463 926 1524; x_wconf 91' lang='lat' dir='ltr'><strong>venerahilis</strong></span> <span class='ocrx_word' id='word_1_82' title='bbox 957 1464 1065 1535; x_wconf 89' lang='lat' dir='ltr'><strong>frater,</strong></span> <span class='ocrx_word' id='word_1_83' title='bbox 1123 1459 1184 1522; x_wconf 89' lang='lat' dir='ltr'><strong>cite</strong></span> <span class='ocrx_word' id='word_1_84' title='bbox 1199 1462 1317 1522; x_wconf 84' lang='lat' dir='ltr'><strong>valeas:</strong></span> <span class='ocrx_word' id='word_1_85' title='bbox 1344 1460 1466 1523; x_wconf 90' lang='lat' dir='ltr'><strong>scilicet</strong></span> <span class='ocrx_word' id='word_1_86' title='bbox 1488 1475 1546 1538; x_wconf 92' lang='lat' dir='ltr'><strong>pro</strong></span> <span class='ocrx_word' id='word_1_87' title='bbox 1573 1459 1629 1520; x_wconf 93' lang='lat' dir='ltr'><strong>hac</strong></span> <span class='ocrx_word' id='word_1_88' title='bbox 1652 1457 1722 1518; x_wconf 86' lang='lat' dir='ltr'><strong>rice</strong></span> <span class='ocrx_word' id='word_1_89' title='bbox 1744 1455 1867 1517; x_wconf 90' lang='lat' dir='ltr'><strong>dumta-</strong></span> 
     </span>
    </p>
   </div>
   <div class='ocr_carea' id='block_1_9' title="bbox 73 1442 143 1476">
    <p class='ocr_par' dir='ltr' id='par_1_9' title="bbox 73 1442 143 1476">
     <span class='ocr_line' id='line_1_15' title="bbox 73 1442 143 1476; baseline 0 -2"><span class='ocrx_word' id='word_1_90' title='bbox 73 1442 143 1476; x_wconf 77' lang='lat' dir='ltr'><strong>tum.</strong></span> 
     </span>
    </p>
   </div>
   <div class='ocr_carea' id='block_1_10' title="bbox 77 4079 298 4173">
    <p class='ocr_par' dir='ltr' id='par_1_10' title="bbox 77 4079 298 4173">
     <span class='ocr_line' id='line_1_16' title="bbox 91 4079 298 4138; baseline 0.019 -19"><span class='ocrx_word' id='word_1_91' title='bbox 91 4079 173 4138; x_wconf 78' lang='lat' dir='ltr'><strong>fener</strong></span> <span class='ocrx_word' id='word_1_92' title='bbox 192 4085 298 4123; x_wconf 83' lang='lat' dir='ltr'><strong>conces·</strong></span> 
     </span>
     <span class='ocr_line' id='line_1_17' title="bbox 77 4139 164 4173; baseline 0.034 -3"><span class='ocrx_word' id='word_1_93' title='bbox 77 4139 164 4173; x_wconf 78' lang='lat' dir='ltr'><strong>sionis</strong></span> 
     </span>
    </p>
   </div>
   <div class='ocr_carea' id='block_1_11' title="bbox 323 1552 1067 1914">
    <p class='ocr_par' dir='ltr' id='par_1_11' title="bbox 323 1552 1067 1914">
     <span class='ocr_line' id='line_1_18' title="bbox 325 1552 1067 1634; baseline 0.005 -21"><span class='ocrx_word' id='word_1_94' title='bbox 325 1552 364 1613; x_wconf 89' lang='lat' dir='ltr'><strong>de</strong></span> <span class='ocrx_word' id='word_1_95' title='bbox 385 1569 454 1615; x_wconf 90' lang='lat' dir='ltr'><strong>arca</strong></span> <span class='ocrx_word' id='word_1_96' title='bbox 483 1569 674 1628; x_wconf 89' lang='lat' dir='ltr'><strong>marmorea,</strong></span> <span class='ocrx_word' id='word_1_97' title='bbox 698 1555 732 1616; x_wconf 95' lang='lat' dir='ltr'><strong>in</strong></span> <span class='ocrx_word' id='word_1_98' title='bbox 754 1571 816 1632; x_wconf 91' lang='lat' dir='ltr'><strong>qua</strong></span> <span class='ocrx_word' id='word_1_99' title='bbox 841 1571 956 1634; x_wconf 90' lang='lat' dir='ltr'><strong>corpus</strong></span> <span class='ocrx_word' id='word_1_100' title='bbox 979 1572 1067 1633; x_wconf 92' lang='lat' dir='ltr'><strong>prae·</strong></span> 
     </span>
     <span class='ocr_line' id='line_1_19' title="bbox 323 1647 1067 1726; baseline 0.007 -21"><span class='ocrx_word' id='word_1_101' title='bbox 323 1647 510 1708; x_wconf 91' lang='lat' dir='ltr'><strong>stantissimi</strong></span> <span class='ocrx_word' id='word_1_102' title='bbox 521 1647 680 1710; x_wconf 80' lang='lat' dir='ltr'><strong>Ecclesiae</strong></span> <span class='ocrx_word' id='word_1_103' title='bbox 692 1648 832 1710; x_wconf 90' lang='lat' dir='ltr'><strong>doctoris</strong></span> <span class='ocrx_word' id='word_1_104' title='bbox 848 1647 879 1710; x_wconf 90' lang='lat' dir='ltr'><strong>S.</strong></span> <span class='ocrx_word' id='word_1_105' title='bbox 894 1647 1067 1726; x_wconf 81' lang='lat' dir='ltr'><strong>Augustini</strong></span> 
     </span>
     <span class='ocr_line' id='line_1_20' title="bbox 323 1741 1067 1820; baseline 0.004 -20"><span class='ocrx_word' id='word_1_106' title='bbox 323 1745 516 1813; x_wconf 84' lang='lat' dir='ltr'><strong>asservatur,</strong></span> <span class='ocrx_word' id='word_1_107' title='bbox 540 1757 643 1820; x_wconf 87' lang='lat' dir='ltr'><strong>nuper</strong></span> <span class='ocrx_word' id='word_1_108' title='bbox 665 1741 727 1802; x_wconf 90' lang='lat' dir='ltr'><strong>tuis</strong></span> <span class='ocrx_word' id='word_1_109' title='bbox 749 1741 832 1803; x_wconf 93' lang='lat' dir='ltr'><strong>curis</strong></span> <span class='ocrx_word' id='word_1_110' title='bbox 854 1747 886 1803; x_wconf 88' lang='lat' dir='ltr'><strong>et</strong></span> <span class='ocrx_word' id='word_1_111' title='bbox 907 1742 1013 1803; x_wconf 91' lang='lat' dir='ltr'><strong>studio</strong></span> <span class='ocrx_word' id='word_1_112' title='bbox 1033 1759 1067 1804; x_wconf 91' lang='lat' dir='ltr'><strong>ac</strong></span> 
     </span>
     <span class='ocr_line' id='line_1_21' title="bbox 323 1833 1065 1914; baseline 0 -18"><span class='ocrx_word' id='word_1_113' title='bbox 323 1851 419 1914; x_wconf 91' lang='lat' dir='ltr'><strong>opera</strong></span> <span class='ocrx_word' id='word_1_114' title='bbox 431 1834 632 1913; x_wconf 89' lang='lat' dir='ltr'><strong>Papiensium</strong></span> <span class='ocrx_word' id='word_1_115' title='bbox 645 1833 801 1912; x_wconf 91' lang='lat' dir='ltr'><strong>cuiusque</strong></span> <span class='ocrx_word' id='word_1_116' title='bbox 814 1833 934 1897; x_wconf 85' lang='lat' dir='ltr'><strong>ordinis</strong></span> <span class='ocrx_word' id='word_1_117' title='bbox 946 1835 1065 1898; x_wconf 87' lang='lat' dir='ltr'><strong>civium</strong></span> 
     </span>
    </p>
   </div>
   <div class='ocr_carea' id='block_1_12' title="bbox 1120 1549 1866 1910">
    <p class='ocr_par' dir='ltr' id='par_1_12' title="bbox 1120 1549 1866 1910">
     <span class='ocr_line' id='line_1_22' title="bbox 1123 1549 1866 1630; baseline -0.011 -17"><span class='ocrx_word' id='word_1_118' title='bbox 1123 1557 1185 1628; x_wconf 79' lang='grc' dir='ltr'>ιιι,</span> <span class='ocrx_word' id='word_1_119' title='bbox 1209 1559 1304 1630; x_wconf 88' lang='lat' dir='ltr'><strong>atque</strong></span> <span class='ocrx_word' id='word_1_120' title='bbox 1326 1554 1368 1615; x_wconf 91' lang='lat' dir='ltr'><strong>ita</strong></span> <span class='ocrx_word' id='word_1_121' title='bbox 1390 1559 1427 1614; x_wconf 95' lang='lat' dir='ltr'><strong>ut</strong></span> <span class='ocrx_word' id='word_1_122' title='bbox 1447 1552 1480 1614; x_wconf 93' lang='lat' dir='ltr'><strong>in</strong></span> <span class='ocrx_word' id='word_1_123' title='bbox 1495 1569 1531 1614; x_wconf 92' lang='lat' dir='ltr'><strong>re</strong></span> <span class='ocrx_word' id='word_1_124' title='bbox 1553 1549 1734 1630; x_wconf 89' lang='lat' dir='ltr'><strong>peragenda</strong></span> <span class='ocrx_word' id='word_1_125' title='bbox 1756 1561 1866 1608; x_wconf 89' lang='lat' dir='ltr'><strong>serves</strong></span> 
     </span>
     <span class='ocr_line' id='line_1_23' title="bbox 1120 1644 1866 1710; baseline -0.011 -2"><span class='ocrx_word' id='word_1_126' title='bbox 1120 1647 1154 1708; x_wconf 92' lang='lat' dir='ltr'><strong>in</strong></span> <span class='ocrx_word' id='word_1_127' title='bbox 1183 1648 1332 1710; x_wconf 92' lang='lat' dir='ltr'><strong>omnihus</strong></span> <span class='ocrx_word' id='word_1_128' title='bbox 1364 1646 1613 1710; x_wconf 90' lang='lat' dir='ltr'><strong>instructionem</strong></span> <span class='ocrx_word' id='word_1_129' title='bbox 1638 1644 1727 1705; x_wconf 90' lang='lat' dir='ltr'><strong>iussu</strong></span> <span class='ocrx_word' id='word_1_130' title='bbox 1757 1645 1866 1702; x_wconf 91' lang='lat' dir='ltr'><strong>nostro</strong></span> 
     </span>
     <span class='ocr_line' id='line_1_24' title="bbox 1121 1733 1866 1811; baseline -0.013 -9"><span class='ocrx_word' id='word_1_131' title='bbox 1121 1747 1291 1811; x_wconf 90' lang='lat' dir='ltr'><strong>exaratam,</strong></span> <span class='ocrx_word' id='word_1_132' title='bbox 1309 1747 1345 1802; x_wconf 95' lang='lat' dir='ltr'><strong>ut</strong></span> <span class='ocrx_word' id='word_1_133' title='bbox 1361 1740 1460 1802; x_wconf 90' lang='lat' dir='ltr'><strong>moris</strong></span> <span class='ocrx_word' id='word_1_134' title='bbox 1483 1747 1542 1810; x_wconf 92' lang='lat' dir='ltr'><strong>est,</strong></span> <span class='ocrx_word' id='word_1_135' title='bbox 1556 1755 1573 1800; x_wconf 94' lang='lat' dir='ltr'><strong>a</strong></span> <span class='ocrx_word' id='word_1_136' title='bbox 1585 1737 1701 1800; x_wconf 91' lang='lat' dir='ltr'><strong>dilecto</strong></span> <span class='ocrx_word' id='word_1_137' title='bbox 1718 1733 1784 1796; x_wconf 92' lang='lat' dir='ltr'><strong>lilio</strong></span> <span class='ocrx_word' id='word_1_138' title='bbox 1803 1748 1866 1793; x_wconf 90' lang='lat' dir='ltr'><strong>ma-</strong></span> 
     </span>
     <span class='ocr_line' id='line_1_25' title="bbox 1122 1830 1864 1910; baseline -0.015 -15"><span class='ocrx_word' id='word_1_139' title='bbox 1122 1832 1222 1910; x_wconf 90' lang='lat' dir='ltr'><strong>gistro</strong></span> <span class='ocrx_word' id='word_1_140' title='bbox 1243 1833 1380 1910; x_wconf 84' lang='lat' dir='ltr'><strong>Virgilio</strong></span> <span class='ocrx_word' id='word_1_141' title='bbox 1396 1831 1562 1894; x_wconf 89' lang='lat' dir='ltr'><strong>Pescetelli</strong></span> <span class='ocrx_word' id='word_1_142' title='bbox 1577 1830 1651 1892; x_wconf 82' lang='lat' dir='ltr'><strong>fidei</strong></span> <span class='ocrx_word' id='word_1_143' title='bbox 1666 1831 1864 1908; x_wconf 85' lang='lat' dir='ltr'><strong>promotore,</strong></span> 
     </span>
    </p>
   </div>
   <div class='ocr_carea' id='block_1_13' title="bbox 322 1914 1864 2084">
    <p class='ocr_par' dir='ltr' id='par_1_13' title="bbox 322 1914 1864 2084">
     <span class='ocr_line' id='line_1_26' title="bbox 323 1914 1864 2006; baseline -0.008 -16"><span class='ocrx_word' id='word_1_144' title='bbox 323 1929 506 2000; x_wconf 89' lang='lat' dir='ltr'><strong>instaurata,</strong></span> <span class='ocrx_word' id='word_1_145' title='bbox 523 1945 556 1989; x_wconf 92' lang='lat' dir='ltr'><strong>ac</strong></span> <span class='ocrx_word' id='word_1_146' title='bbox 571 1927 721 1990; x_wconf 88' lang='lat' dir='ltr'><strong>translata</strong></span> <span class='ocrx_word' id='word_1_147' title='bbox 740 1928 791 2006; x_wconf 93' lang='lat' dir='ltr'><strong>pie</strong></span> <span class='ocrx_word' id='word_1_148' title='bbox 810 1929 1066 2006; x_wconf 85' lang='lat' dir='ltr'><strong>solemniterque</strong></span> <span class='ocrx_word' id='word_1_149' title='bbox 1092 1914 1094 1969; x_wconf 76' lang='grc' dir='ltr'>Ι</span> <span class='ocrx_word' id='word_1_150' title='bbox 1120 1941 1216 2002; x_wconf 92' lang='lat' dir='ltr'><strong>quam</strong></span> <span class='ocrx_word' id='word_1_151' title='bbox 1238 1926 1325 1988; x_wconf 90' lang='lat' dir='ltr'><strong>hisce</strong></span> <span class='ocrx_word' id='word_1_152' title='bbox 1347 1925 1449 1988; x_wconf 87' lang='lat' dir='ltr'><strong>literis</strong></span> <span class='ocrx_word' id='word_1_153' title='bbox 1477 1923 1682 1986; x_wconf 90' lang='lat' dir='ltr'><strong>inserendam</strong></span> <span class='ocrx_word' id='word_1_154' title='bbox 1704 1917 1864 1982; x_wconf 87' lang='lat' dir='ltr'><strong>mandavi-</strong></span> 
     </span>
     <span class='ocr_line' id='line_1_27' title="bbox 322 2019 1204 2084; baseline -0.002 -2"><span class='ocrx_word' id='word_1_155' title='bbox 322 2020 359 2082; x_wconf 89' lang='lat' dir='ltr'><strong>ad</strong></span> <span class='ocrx_word' id='word_1_156' title='bbox 372 2035 493 2082; x_wconf 87' lang='lat' dir='ltr'><strong>norum</strong></span> <span class='ocrx_word' id='word_1_157' title='bbox 508 2019 661 2082; x_wconf 90' lang='lat' dir='ltr'><strong>sacellum</strong></span> <span class='ocrx_word' id='word_1_158' title='bbox 677 2021 709 2082; x_wconf 92' lang='lat' dir='ltr'><strong>in</strong></span> <span class='ocrx_word' id='word_1_159' title='bbox 724 2020 786 2081; x_wconf 89' lang='lat' dir='ltr'><strong>isto</strong></span> <span class='ocrx_word' id='word_1_160' title='bbox 798 2022 970 2083; x_wconf 89' lang='lat' dir='ltr'><strong>cathedrali</strong></span> <span class='ocrx_word' id='word_1_161' title='bbox 987 2029 1066 2084; x_wconf 92' lang='lat' dir='ltr'><strong>tem·</strong></span> <span class='ocrx_word' id='word_1_162' title='bbox 1121 2034 1204 2080; x_wconf 84' lang='lat' dir='ltr'><strong>mue.</strong></span> 
     </span>
    </p>
   </div>
   <div class='ocr_carea' id='block_1_14' title="bbox 322 2112 1065 2191">
    <p class='ocr_par' dir='ltr' id='par_1_14' title="bbox 322 2112 1065 2191">
     <span class='ocr_line' id='line_1_28' title="bbox 322 2112 1065 2191; baseline 0.003 -17"><span class='ocrx_word' id='word_1_163' title='bbox 322 2113 375 2190; x_wconf 95' lang='lat' dir='ltr'><strong>plo</strong></span> <span class='ocrx_word' id='word_1_164' title='bbox 396 2112 564 2191; x_wconf 92' lang='lat' dir='ltr'><strong>splendido</strong></span> <span class='ocrx_word' id='word_1_165' title='bbox 586 2128 683 2191; x_wconf 90' lang='lat' dir='ltr'><strong>opere</strong></span> <span class='ocrx_word' id='word_1_166' title='bbox 702 2119 897 2176; x_wconf 90' lang='lat' dir='ltr'><strong>extructum.</strong></span> <span class='ocrx_word' id='word_1_167' title='bbox 921 2115 1065 2179; x_wconf 91' lang='lat' dir='ltr'><strong>Addebas</strong></span> 
     </span>
    </p>
   </div>
   <div class='ocr_carea' id='block_1_15' title="bbox 1405 2151 1579 2214">
    <p class='ocr_par' dir='ltr' id='par_1_15' title="bbox 1405 2151 1579 2214">
     <span class='ocr_line' id='line_1_29' title="bbox 1405 2151 1579 2214; baseline -0.006 -1"><span class='ocrx_word' id='word_1_168' title='bbox 1405 2151 1579 2214; x_wconf 79' lang='lat' dir='ltr'><strong>destructio</strong></span> 
     </span>
    </p>
   </div>
   <div class='ocr_carea' id='block_1_16' title="bbox 321 2205 1162 2287">
    <p class='ocr_par' dir='ltr' id='par_1_16' title="bbox 321 2205 1162 2287">
     <span class='ocr_line' id='line_1_30' title="bbox 321 2205 1162 2287; baseline 0.005 -20"><span class='ocrx_word' id='word_1_169' title='bbox 321 2213 440 2277; x_wconf 88' lang='lat' dir='ltr'><strong>autern,</strong></span> <span class='ocrx_word' id='word_1_170' title='bbox 464 2205 531 2278; x_wconf 93' lang='lat' dir='ltr'><strong>tibi,</strong></span> <span class='ocrx_word' id='word_1_171' title='bbox 556 2207 594 2268; x_wconf 92' lang='lat' dir='ltr'><strong>ad</strong></span> <span class='ocrx_word' id='word_1_172' title='bbox 615 2205 821 2268; x_wconf 85' lang='lat' dir='ltr'><strong>devotionem</strong></span> <span class='ocrx_word' id='word_1_173' title='bbox 843 2207 933 2268; x_wconf 92' lang='lat' dir='ltr'><strong>istius</strong></span> <span class='ocrx_word' id='word_1_174' title='bbox 955 2209 1064 2287; x_wconf 92' lang='lat' dir='ltr'><strong>populi</strong></span> <span class='ocrx_word' id='word_1_175' title='bbox 1158 2225 1162 2234; x_wconf 83' lang='grc'><strong>’</strong></span> 
     </span>
    </p>
   </div>
   <div class='ocr_carea' id='block_1_17' title="bbox 317 2298 1065 4318">
    <p class='ocr_par' dir='ltr' id='par_1_17' title="bbox 317 2298 1065 4052">
     <span class='ocr_line' id='line_1_31' title="bbox 321 2298 1065 2380; baseline 0.003 -19"><span class='ocrx_word' id='word_1_176' title='bbox 321 2315 399 2376; x_wconf 90' lang='lat' dir='ltr'><strong>erga</strong></span> <span class='ocrx_word' id='word_1_177' title='bbox 420 2298 451 2362; x_wconf 88' lang='lat' dir='ltr'><strong>S.</strong></span> <span class='ocrx_word' id='word_1_178' title='bbox 475 2299 645 2362; x_wconf 89' lang='lat' dir='ltr'><strong>Doctorem</strong></span> <span class='ocrx_word' id='word_1_179' title='bbox 672 2299 772 2376; x_wconf 90' lang='lat' dir='ltr'><strong>magis</strong></span> <span class='ocrx_word' id='word_1_180' title='bbox 794 2300 961 2380; x_wconf 88' lang='lat' dir='ltr'><strong>magisque</strong></span> <span class='ocrx_word' id='word_1_181' title='bbox 983 2302 1065 2364; x_wconf 90' lang='lat' dir='ltr'><strong>exci-</strong></span> 
     </span>
     <span class='ocr_line' id='line_1_32' title="bbox 321 2393 1064 2472; baseline 0.004 -18"><span class='ocrx_word' id='word_1_182' title='bbox 321 2394 447 2455; x_wconf 88' lang='lat' dir='ltr'><strong>tandam</strong></span> <span class='ocrx_word' id='word_1_183' title='bbox 462 2393 599 2463; x_wconf 89' lang='lat' dir='ltr'><strong>intento,</strong></span> <span class='ocrx_word' id='word_1_184' title='bbox 616 2393 785 2454; x_wconf 91' lang='lat' dir='ltr'><strong>consilium</strong></span> <span class='ocrx_word' id='word_1_185' title='bbox 808 2409 889 2466; x_wconf 90' lang='lat' dir='ltr'><strong>esse,</strong></span> <span class='ocrx_word' id='word_1_186' title='bbox 907 2401 942 2456; x_wconf 92' lang='lat' dir='ltr'><strong>ut</strong></span> <span class='ocrx_word' id='word_1_187' title='bbox 956 2411 1064 2472; x_wconf 88' lang='lat' dir='ltr'><strong>capsu-</strong></span> 
     </span>
     <span class='ocr_line' id='line_1_33' title="bbox 321 2485 1064 2550; baseline 0.003 -4"><span class='ocrx_word' id='word_1_188' title='bbox 321 2485 370 2546; x_wconf 91' lang='lat' dir='ltr'><strong>lae</strong></span> <span class='ocrx_word' id='word_1_189' title='bbox 397 2485 544 2547; x_wconf 90' lang='lat' dir='ltr'><strong>interiori</strong></span> <span class='ocrx_word' id='word_1_190' title='bbox 576 2501 679 2546; x_wconf 90' lang='lat' dir='ltr'><strong>sacras</strong></span> <span class='ocrx_word' id='word_1_191' title='bbox 705 2485 775 2547; x_wconf 91' lang='lat' dir='ltr'><strong>illas</strong></span> <span class='ocrx_word' id='word_1_192' title='bbox 805 2487 936 2548; x_wconf 88' lang='lat' dir='ltr'><strong>exuvias</strong></span> <span class='ocrx_word' id='word_1_193' title='bbox 965 2489 1064 2550; x_wconf 93' lang='lat' dir='ltr'><strong>conti-</strong></span> 
     </span>
     <span class='ocr_line' id='line_1_34' title="bbox 321 2579 1063 2657; baseline 0.003 -16"><span class='ocrx_word' id='word_1_194' title='bbox 321 2579 429 2651; x_wconf 88' lang='lat' dir='ltr'><strong>nenti,</strong></span> <span class='ocrx_word' id='word_1_195' title='bbox 461 2585 493 2640; x_wconf 92' lang='lat' dir='ltr'><strong>et</strong></span> <span class='ocrx_word' id='word_1_196' title='bbox 520 2579 582 2640; x_wconf 92' lang='lat' dir='ltr'><strong>iam</strong></span> <span class='ocrx_word' id='word_1_197' title='bbox 611 2593 694 2657; x_wconf 90' lang='lat' dir='ltr'><strong>pene</strong></span> <span class='ocrx_word' id='word_1_198' title='bbox 716 2579 864 2656; x_wconf 88' lang='lat' dir='ltr'><strong>dilapsae,</strong></span> <span class='ocrx_word' id='word_1_199' title='bbox 888 2579 1063 2643; x_wconf 91' lang='lat' dir='ltr'><strong>substituas</strong></span> 
     </span>
     <span class='ocr_line' id='line_1_35' title="bbox 320 2671 1063 2750; baseline 0.001 -17"><span class='ocrx_word' id='word_1_200' title='bbox 320 2672 413 2734; x_wconf 92' lang='lat' dir='ltr'><strong>aliam</strong></span> <span class='ocrx_word' id='word_1_201' title='bbox 435 2671 639 2743; x_wconf 86' lang='lat' dir='ltr'><strong>nobiliorem,</strong></span> <span class='ocrx_word' id='word_1_202' title='bbox 657 2677 752 2748; x_wconf 90' lang='lat' dir='ltr'><strong>atque</strong></span> <span class='ocrx_word' id='word_1_203' title='bbox 773 2671 806 2732; x_wconf 95' lang='lat' dir='ltr'><strong>in</strong></span> <span class='ocrx_word' id='word_1_204' title='bbox 827 2671 980 2734; x_wconf 90' lang='lat' dir='ltr'><strong>anteriori</strong></span> <span class='ocrx_word' id='word_1_205' title='bbox 995 2689 1063 2750; x_wconf 90' lang='lat' dir='ltr'><strong>par-</strong></span> 
     </span>
     <span class='ocr_line' id='line_1_36' title="bbox 321 2763 1063 2842; baseline 0.004 -18"><span class='ocrx_word' id='word_1_206' title='bbox 321 2769 352 2825; x_wconf 87' lang='lat' dir='ltr'><strong>te</strong></span> <span class='ocrx_word' id='word_1_207' title='bbox 373 2763 606 2842; x_wconf 81' lang='lat' dir='ltr'><strong>crystallinam3</strong></span> <span class='ocrx_word' id='word_1_208' title='bbox 629 2763 719 2825; x_wconf 88' lang='lat' dir='ltr'><strong>cuius</strong></span> <span class='ocrx_word' id='word_1_209' title='bbox 747 2763 878 2840; x_wconf 92' lang='lat' dir='ltr'><strong>quidem</strong></span> <span class='ocrx_word' id='word_1_210' title='bbox 900 2763 947 2826; x_wconf 92' lang='lat' dir='ltr'><strong>rei</strong></span> <span class='ocrx_word' id='word_1_211' title='bbox 970 2767 1063 2842; x_wconf 92' lang='lat' dir='ltr'><strong>perfl-</strong></span> 
     </span>
     <span class='ocr_line' id='line_1_37' title="bbox 319 2856 1063 2934; baseline 0.001 -16"><span class='ocrx_word' id='word_1_212' title='bbox 319 2857 450 2920; x_wconf 89' lang='lat' dir='ltr'><strong>ciendae</strong></span> <span class='ocrx_word' id='word_1_213' title='bbox 472 2857 636 2919; x_wconf 89' lang='lat' dir='ltr'><strong>occasione</strong></span> <span class='ocrx_word' id='word_1_214' title='bbox 651 2861 739 2934; x_wconf 92' lang='lat' dir='ltr'><strong>optas</strong></span> <span class='ocrx_word' id='word_1_215' title='bbox 761 2856 894 2933; x_wconf 88' lang='lat' dir='ltr'><strong>insuper</strong></span> <span class='ocrx_word' id='word_1_216' title='bbox 915 2857 1063 2920; x_wconf 91' lang='lat' dir='ltr'><strong>nonnihil</strong></span> 
     </span>
     <span class='ocr_line' id='line_1_38' title="bbox 319 2949 1063 3029; baseline 0.001 -17"><span class='ocrx_word' id='word_1_217' title='bbox 319 2967 450 3014; x_wconf 91' lang='lat' dir='ltr'><strong>sumere</strong></span> <span class='ocrx_word' id='word_1_218' title='bbox 463 2966 502 3012; x_wconf 88' lang='lat' dir='ltr'><strong>ex</strong></span> <span class='ocrx_word' id='word_1_219' title='bbox 517 2950 706 3027; x_wconf 80' lang='lat' dir='ltr'><strong>fragmentis</strong></span> <span class='ocrx_word' id='word_1_220' title='bbox 722 2949 841 3011; x_wconf 89' lang='lat' dir='ltr'><strong>ossium</strong></span> <span class='ocrx_word' id='word_1_221' title='bbox 859 2951 996 3026; x_wconf 87' lang='lat' dir='ltr'><strong>quodam</strong></span> <span class='ocrx_word' id='word_1_222' title='bbox 1010 2966 1063 3029; x_wconf 92' lang='lat' dir='ltr'><strong>pc-</strong></span> 
     </span>
     <span class='ocr_line' id='line_1_39' title="bbox 319 3041 1062 3118; baseline -0.003 -12"><span class='ocrx_word' id='word_1_223' title='bbox 319 3043 431 3106; x_wconf 91' lang='lat' dir='ltr'><strong>culiari</strong></span> <span class='ocrx_word' id='word_1_224' title='bbox 451 3042 575 3105; x_wconf 92' lang='lat' dir='ltr'><strong>sacculo</strong></span> <span class='ocrx_word' id='word_1_225' title='bbox 591 3041 714 3114; x_wconf 91' lang='lat' dir='ltr'><strong>clausis,</strong></span> <span class='ocrx_word' id='word_1_226' title='bbox 732 3055 795 3118; x_wconf 95' lang='lat' dir='ltr'><strong>quo</strong></span> <span class='ocrx_word' id='word_1_227' title='bbox 810 3041 891 3104; x_wconf 85' lang='lat' dir='ltr'><strong>illud</strong></span> <span class='ocrx_word' id='word_1_228' title='bbox 911 3042 945 3104; x_wconf 92' lang='lat' dir='ltr'><strong>in</strong></span> <span class='ocrx_word' id='word_1_229' title='bbox 960 3043 1062 3104; x_wconf 85' lang='lat' dir='ltr'><strong>varias</strong></span> 
     </span>
     <span class='ocr_line' id='line_1_40' title="bbox 319 3133 1063 3213; baseline 0 -16"><span class='ocrx_word' id='word_1_230' title='bbox 319 3136 427 3198; x_wconf 91' lang='lat' dir='ltr'><strong>thecas</strong></span> <span class='ocrx_word' id='word_1_231' title='bbox 449 3135 511 3196; x_wconf 89' lang='lat' dir='ltr'><strong>rite</strong></span> <span class='ocrx_word' id='word_1_232' title='bbox 533 3134 738 3213; x_wconf 88' lang='lat' dir='ltr'><strong>dispertitum</strong></span> <span class='ocrx_word' id='word_1_233' title='bbox 760 3133 952 3211; x_wconf 88' lang='lat' dir='ltr'><strong>quibusdam</strong></span> <span class='ocrx_word' id='word_1_234' title='bbox 978 3135 1063 3197; x_wconf 90' lang='lat' dir='ltr'><strong>dono</strong></span> 
     </span>
     <span class='ocr_line' id='line_1_41' title="bbox 320 3227 1063 3307; baseline 0.004 -17"><span class='ocrx_word' id='word_1_235' title='bbox 320 3229 451 3302; x_wconf 88' lang='lat' dir='ltr'><strong>tribuas,</strong></span> <span class='ocrx_word' id='word_1_236' title='bbox 469 3227 524 3306; x_wconf 93' lang='lat' dir='ltr'><strong>qui</strong></span> <span class='ocrx_word' id='word_1_237' title='bbox 546 3228 686 3291; x_wconf 90' lang='lat' dir='ltr'><strong>deaucta</strong></span> <span class='ocrx_word' id='word_1_238' title='bbox 707 3229 786 3290; x_wconf 92' lang='lat' dir='ltr'><strong>sacri</strong></span> <span class='ocrx_word' id='word_1_239' title='bbox 808 3227 951 3307; x_wconf 91' lang='lat' dir='ltr'><strong>corporis</strong></span> <span class='ocrx_word' id='word_1_240' title='bbox 966 3244 1063 3292; x_wconf 87' lang='lat' dir='ltr'><strong>vene·</strong></span> 
     </span>
     <span class='ocr_line' id='line_1_42' title="bbox 318 3321 1062 3400; baseline 0 -16"><span class='ocrx_word' id='word_1_241' title='bbox 318 3322 443 3384; x_wconf 91' lang='lat' dir='ltr'><strong>ratione</strong></span> <span class='ocrx_word' id='word_1_242' title='bbox 465 3322 585 3400; x_wconf 90' lang='lat' dir='ltr'><strong>optime</strong></span> <span class='ocrx_word' id='word_1_243' title='bbox 600 3321 709 3383; x_wconf 90' lang='lat' dir='ltr'><strong>meriti</strong></span> <span class='ocrx_word' id='word_1_244' title='bbox 727 3327 813 3383; x_wconf 93' lang='lat' dir='ltr'><strong>sunt.</strong></span> <span class='ocrx_word' id='word_1_245' title='bbox 836 3321 940 3395; x_wconf 88' lang='lat' dir='ltr'><strong>Quum</strong></span> <span class='ocrx_word' id='word_1_246' title='bbox 955 3329 1062 3384; x_wconf 91' lang='lat' dir='ltr'><strong>autem</strong></span> 
     </span>
     <span class='ocr_line' id='line_1_43' title="bbox 318 3414 1062 3478; baseline 0.001 -1"><span class='ocrx_word' id='word_1_247' title='bbox 318 3415 453 3478; x_wconf 91' lang='lat' dir='ltr'><strong>consilio</strong></span> <span class='ocrx_word' id='word_1_248' title='bbox 474 3421 506 3478; x_wconf 89' lang='lat' dir='ltr'><strong>et</strong></span> <span class='ocrx_word' id='word_1_249' title='bbox 520 3415 680 3478; x_wconf 85' lang='lat' dir='ltr'><strong>desiderio</strong></span> <span class='ocrx_word' id='word_1_250' title='bbox 695 3414 801 3476; x_wconf 90' lang='lat' dir='ltr'><strong>eidem</strong></span> <span class='ocrx_word' id='word_1_251' title='bbox 813 3421 869 3476; x_wconf 93' lang='lat' dir='ltr'><strong>tuo</strong></span> <span class='ocrx_word' id='word_1_252' title='bbox 881 3415 993 3478; x_wconf 90' lang='lat' dir='ltr'><strong>literae</strong></span> <span class='ocrx_word' id='word_1_253' title='bbox 1009 3415 1062 3478; x_wconf 94' lang='lat' dir='ltr'><strong>oh-</strong></span> 
     </span>
     <span class='ocr_line' id='line_1_44' title="bbox 318 3507 1062 3584; baseline 0 -13"><span class='ocrx_word' id='word_1_254' title='bbox 318 3516 406 3571; x_wconf 92' lang='lat' dir='ltr'><strong>stent</strong></span> <span class='ocrx_word' id='word_1_255' title='bbox 426 3508 589 3572; x_wconf 89' lang='lat' dir='ltr'><strong>Benedicti</strong></span> <span class='ocrx_word' id='word_1_256' title='bbox 617 3507 696 3570; x_wconf 87' lang='lat' dir='ltr'><strong>lilll.</strong></span> <span class='ocrx_word' id='word_1_257' title='bbox 721 3507 764 3584; x_wconf 93' lang='lat' dir='ltr'><strong>gl.</strong></span> <span class='ocrx_word' id='word_1_258' title='bbox 789 3523 853 3570; x_wconf 89' lang='lat' dir='ltr'><strong>me.</strong></span> <span class='ocrx_word' id='word_1_259' title='bbox 884 3508 1062 3571; x_wconf 87' lang='lat' dir='ltr'><strong>decessoris</strong></span> 
     </span>
     <span class='ocr_line' id='line_1_45' title="bbox 318 3599 1062 3679; baseline -0.003 -14"><span class='ocrx_word' id='word_1_260' title='bbox 318 3603 420 3665; x_wconf 89' lang='lat' dir='ltr'><strong>nostri</strong></span> <span class='ocrx_word' id='word_1_261' title='bbox 451 3601 528 3664; x_wconf 90' lang='lat' dir='ltr'><strong>haec</strong></span> <span class='ocrx_word' id='word_1_262' title='bbox 556 3609 589 3664; x_wconf 91' lang='lat' dir='ltr'><strong>et</strong></span> <span class='ocrx_word' id='word_1_263' title='bbox 616 3601 731 3663; x_wconf 89' lang='lat' dir='ltr'><strong>similia</strong></span> <span class='ocrx_word' id='word_1_264' title='bbox 760 3601 799 3663; x_wconf 90' lang='lat' dir='ltr'><strong>de</strong></span> <span class='ocrx_word' id='word_1_265' title='bbox 829 3599 860 3663; x_wconf 91' lang='lat' dir='ltr'><strong>S.</strong></span> <span class='ocrx_word' id='word_1_266' title='bbox 890 3600 1062 3679; x_wconf 82' lang='lat' dir='ltr'><strong>Augustini</strong></span> 
     </span>
     <span class='ocr_line' id='line_1_46' title="bbox 318 3693 1062 3774; baseline -0.001 -16"><span class='ocrx_word' id='word_1_267' title='bbox 318 3711 454 3773; x_wconf 90' lang='lat' dir='ltr'><strong>corpore</strong></span> <span class='ocrx_word' id='word_1_268' title='bbox 468 3695 529 3757; x_wconf 93' lang='lat' dir='ltr'><strong>suh</strong></span> <span class='ocrx_word' id='word_1_269' title='bbox 543 3710 646 3774; x_wconf 90' lang='lat' dir='ltr'><strong>poena</strong></span> <span class='ocrx_word' id='word_1_270' title='bbox 667 3693 1008 3756; x_wconf 82' lang='lat' dir='ltr'><strong>excommunicationis</strong></span> <span class='ocrx_word' id='word_1_271' title='bbox 1024 3710 1062 3757; x_wconf 93' lang='lat' dir='ltr'><strong>eo</strong></span> 
     </span>
     <span class='ocr_line' id='line_1_47' title="bbox 317 3786 1063 3867; baseline 0 -19"><span class='ocrx_word' id='word_1_272' title='bbox 317 3788 387 3867; x_wconf 91' lang='lat' dir='ltr'><strong>ipso</strong></span> <span class='ocrx_word' id='word_1_273' title='bbox 409 3788 602 3850; x_wconf 81' lang='lat' dir='ltr'><strong>incurrendo</strong></span> <span class='ocrx_word' id='word_1_274' title='bbox 624 3787 845 3866; x_wconf 86' lang='lat' dir='ltr'><strong>prohibentes,</strong></span> <span class='ocrx_word' id='word_1_275' title='bbox 875 3786 1063 3864; x_wconf 91' lang='lat' dir='ltr'><strong>suppliciter</strong></span> 
     </span>
     <span class='ocr_line' id='line_1_48' title="bbox 317 3879 1063 3960; baseline 0 -18"><span class='ocrx_word' id='word_1_276' title='bbox 317 3881 411 3943; x_wconf 91' lang='lat' dir='ltr'><strong>nohis</strong></span> <span class='ocrx_word' id='word_1_277' title='bbox 439 3880 598 3960; x_wconf 83' lang='lat' dir='ltr'><strong>postulae,</strong></span> <span class='ocrx_word' id='word_1_278' title='bbox 621 3887 658 3942; x_wconf 97' lang='lat' dir='ltr'><strong>ut</strong></span> <span class='ocrx_word' id='word_1_279' title='bbox 682 3879 739 3942; x_wconf 91' lang='lat' dir='ltr'><strong>tibi</strong></span> <span class='ocrx_word' id='word_1_280' title='bbox 767 3879 939 3957; x_wconf 88' lang='lat' dir='ltr'><strong>benignam</strong></span> <span class='ocrx_word' id='word_1_281' title='bbox 969 3880 1005 3941; x_wconf 90' lang='lat' dir='ltr'><strong>ad</strong></span> <span class='ocrx_word' id='word_1_282' title='bbox 1027 3897 1063 3942; x_wconf 91' lang='lat' dir='ltr'><strong>ea</strong></span> 
     </span>
     <span class='ocr_line' id='line_1_49' title="bbox 318 3973 818 4052; baseline -0.004 -16"><span class='ocrx_word' id='word_1_283' title='bbox 318 3975 460 4052; x_wconf 89' lang='lat' dir='ltr'><strong>gerenda</strong></span> <span class='ocrx_word' id='word_1_284' title='bbox 480 3975 608 4037; x_wconf 84' lang='lat' dir='ltr'><strong>reniam</strong></span> <span class='ocrx_word' id='word_1_285' title='bbox 630 3973 818 4036; x_wconf 91' lang='lat' dir='ltr'><strong>tribuamus.</strong></span> 
     </span>
    </p>

    <p class='ocr_par' dir='ltr' id='par_1_18' title="bbox 317 4066 1063 4318">
     <span class='ocr_line' id='line_1_50' title="bbox 358 4066 1063 4146; baseline -0.003 -16"><span class='ocrx_word' id='word_1_286' title='bbox 358 4069 427 4144; x_wconf 61' lang='grc' dir='ltr'>ἐι.</span> <span class='ocrx_word' id='word_1_287' title='bbox 450 4067 514 4130; x_wconf 90' lang='lat' dir='ltr'><strong>Nos</strong></span> <span class='ocrx_word' id='word_1_288' title='bbox 536 4069 643 4146; x_wconf 89' lang='lat' dir='ltr'><strong>itaque</strong></span> <span class='ocrx_word' id='word_1_289' title='bbox 673 4073 761 4129; x_wconf 92' lang='lat' dir='ltr'><strong>tuam</strong></span> <span class='ocrx_word' id='word_1_290' title='bbox 789 4067 882 4128; x_wconf 92' lang='lat' dir='ltr'><strong>istam</strong></span> <span class='ocrx_word' id='word_1_291' title='bbox 911 4066 1063 4146; x_wconf 90' lang='lat' dir='ltr'><strong>pietatem</strong></span> 
     </span>
     <span class='ocr_line' id='line_1_51' title="bbox 317 4161 1062 4241; baseline -0.001 -18"><span class='ocrx_word' id='word_1_292' title='bbox 317 4177 526 4241; x_wconf 90' lang='lat' dir='ltr'><strong>summopore</strong></span> <span class='ocrx_word' id='word_1_293' title='bbox 542 4161 813 4234; x_wconf 90' lang='lat' dir='ltr'><strong>commendantes,</strong></span> <span class='ocrx_word' id='word_1_294' title='bbox 828 4167 860 4223; x_wconf 91' lang='lat' dir='ltr'><strong>et</strong></span> <span class='ocrx_word' id='word_1_295' title='bbox 871 4175 1062 4240; x_wconf 90' lang='lat' dir='ltr'><strong>propensam</strong></span> 
     </span>
     <span class='ocr_line' id='line_1_52' title="bbox 317 4253 1063 4318; baseline -0.001 -1"><span class='ocrx_word' id='word_1_296' title='bbox 317 4256 356 4318; x_wconf 90' lang='lat' dir='ltr'><strong>ad</strong></span> <span class='ocrx_word' id='word_1_297' title='bbox 377 4261 431 4316; x_wconf 90' lang='lat' dir='ltr'><strong>tua</strong></span> <span class='ocrx_word' id='word_1_298' title='bbox 451 4255 554 4316; x_wconf 90' lang='lat' dir='ltr'><strong>studia</strong></span> <span class='ocrx_word' id='word_1_299' title='bbox 576 4255 776 4316; x_wconf 84' lang='lat' dir='ltr'><strong>voluntatem</strong></span> <span class='ocrx_word' id='word_1_300' title='bbox 798 4261 940 4316; x_wconf 91' lang='lat' dir='ltr'><strong>nostram</strong></span> <span class='ocrx_word' id='word_1_301' title='bbox 962 4253 1063 4317; x_wconf 88' lang='lat' dir='ltr'><strong>liben-</strong></span> 
     </span>
    </p>
   </div>
   <div class='ocr_carea' id='block_1_18' title="bbox 259 4345 1063 4426">
    <p class='ocr_par' dir='ltr' id='par_1_19' title="bbox 259 4345 1063 4426">
     <span class='ocr_line' id='line_1_53' title="bbox 259 4345 1063 4426; baseline -0.001 -16"><span class='ocrx_word' id='word_1_302' title='bbox 259 4359 263 4366; x_wconf 86' lang='lat'>·</span> <span class='ocrx_word' id='word_1_303' title='bbox 317 4355 368 4410; x_wconf 90' lang='lat' dir='ltr'><strong>ter</strong></span> <span class='ocrx_word' id='word_1_304' title='bbox 389 4347 447 4410; x_wconf 87' lang='lat' dir='ltr'><strong>tibi</strong></span> <span class='ocrx_word' id='word_1_305' title='bbox 468 4349 526 4409; x_wconf 92' lang='lat' dir='ltr'><strong>hac</strong></span> <span class='ocrx_word' id='word_1_306' title='bbox 554 4347 656 4408; x_wconf 90' lang='lat' dir='ltr'><strong>oblata</strong></span> <span class='ocrx_word' id='word_1_307' title='bbox 685 4345 923 4426; x_wconf 89' lang='lat' dir='ltr'><strong>opportunitate</strong></span> <span class='ocrx_word' id='word_1_308' title='bbox 949 4349 1063 4410; x_wconf 91' lang='lat' dir='ltr'><strong>conflr-</strong></span> 
     </span>
    </p>
   </div>
   <div class='ocr_carea' id='block_1_19' title="bbox 117 5221 265 5267">
    <p class='ocr_par' dir='ltr' id='par_1_20' title="bbox 117 5221 265 5267">
     <span class='ocr_line' id='line_1_54' title="bbox 117 5221 265 5267; baseline 0 -1"><span class='ocrx_word' id='word_1_309' title='bbox 117 5221 265 5267; x_wconf 71' lang='lat' dir='ltr'><strong>Exordium.</strong></span> 
     </span>
    </p>
   </div>
   <div class='ocr_carea' id='block_1_20' title="bbox 318 4439 1062 4518">
    <p class='ocr_par' dir='ltr' id='par_1_21' title="bbox 318 4439 1062 4518">
     <span class='ocr_line' id='line_1_55' title="bbox 318 4439 1062 4518; baseline 0 -15"><span class='ocrx_word' id='word_1_310' title='bbox 318 4447 453 4514; x_wconf 89' lang='lat' dir='ltr'><strong>mantes,</strong></span> <span class='ocrx_word' id='word_1_311' title='bbox 470 4441 659 4503; x_wconf 86' lang='lat' dir='ltr'><strong>auctoritate</strong></span> <span class='ocrx_word' id='word_1_312' title='bbox 674 4446 783 4502; x_wconf 92' lang='lat' dir='ltr'><strong>nostra</strong></span> <span class='ocrx_word' id='word_1_313' title='bbox 804 4439 975 4518; x_wconf 92' lang='lat' dir='ltr'><strong>apostolica</strong></span> <span class='ocrx_word' id='word_1_314' title='bbox 989 4457 1062 4503; x_wconf 89' lang='lat' dir='ltr'><strong>oon·</strong></span> 
     </span>
    </p>
   </div>
   <div class='ocr_carea' id='block_1_21' title="bbox 316 4679 1061 4806">
    <p class='ocr_par' dir='ltr' id='par_1_22' title="bbox 316 4679 1061 4806">
     <span class='ocr_line' id='line_1_56' title="bbox 358 4679 1061 4742; baseline 0.003 -17"><span class='ocrx_word' id='word_1_315' title='bbox 358 4683 387 4737; x_wconf 84' lang='grc' dir='ltr'><strong>(ι)</strong></span> <span class='ocrx_word' id='word_1_316' title='bbox 403 4681 547 4728; x_wconf 84' lang='lat' dir='ltr'><strong>confirmat</strong></span> <span class='ocrx_word' id='word_1_317' title='bbox 569 4681 698 4726; x_wconf 91' lang='lat' dir='ltr'><strong>iudicium</strong></span> <span class='ocrx_word' id='word_1_318' title='bbox 719 4680 866 4742; x_wconf 88' lang='lat' dir='ltr'><strong>episcopale</strong></span> <span class='ocrx_word' id='word_1_319' title='bbox 886 4679 969 4726; x_wconf 82' lang='lat' dir='ltr'><strong>Ticini</strong></span> <span class='ocrx_word' id='word_1_320' title='bbox 990 4681 1061 4727; x_wconf 90' lang='lat' dir='ltr'><strong>habi·</strong></span> 
     </span>
     <span class='ocr_line' id='line_1_57' title="bbox 316 4747 790 4806; baseline -0.004 -12"><span class='ocrx_word' id='word_1_321' title='bbox 316 4751 375 4794; x_wconf 90' lang='lat' dir='ltr'><strong>turn</strong></span> <span class='ocrx_word' id='word_1_322' title='bbox 389 4750 421 4794; x_wconf 91' lang='lat' dir='ltr'><strong>de</strong></span> <span class='ocrx_word' id='word_1_323' title='bbox 433 4760 542 4806; x_wconf 90' lang='lat' dir='ltr'><strong>corpore</strong></span> <span class='ocrx_word' id='word_1_324' title='bbox 557 4751 582 4794; x_wconf 84' lang='lat' dir='ltr'><strong>S.</strong></span> <span class='ocrx_word' id='word_1_325' title='bbox 597 4747 737 4803; x_wconf 77' lang='lat' dir='ltr'><strong>Augustini</strong></span> <span class='ocrx_word' id='word_1_326' title='bbox 753 4747 790 4802; x_wconf 72' lang='grc' dir='ltr'>ι’).</span> 
     </span>
    </p>
   </div>
   <div class='ocr_carea' id='block_1_22' title="bbox 501 4883 876 4928">
    <p class='ocr_par' dir='ltr' id='par_1_23' title="bbox 501 4883 876 4928">
     <span class='ocr_line' id='line_1_58' title="bbox 501 4883 876 4928; baseline -0.008 0"><span class='ocrx_word' id='word_1_327' title='bbox 501 4883 695 4928; x_wconf 73' lang='lat' dir='ltr'><strong>euhemerus</strong></span> <span class='ocrx_word' id='word_1_328' title='bbox 711 4883 876 4927; x_wconf 72' lang='lat' dir='ltr'><strong>Episcopus</strong></span> 
     </span>
    </p>
   </div>
   <div class='ocr_carea' id='block_1_23' title="bbox 465 5019 908 5138">
    <p class='ocr_par' dir='ltr' id='par_1_24' title="bbox 465 5019 908 5138">
     <span class='ocr_line' id='line_1_59' title="bbox 523 5019 852 5064; baseline -0.012 -2"><span class='ocrx_word' id='word_1_329' title='bbox 523 5020 621 5062; x_wconf 76' lang='lat' dir='ltr'><strong>Servus</strong></span> <span class='ocrx_word' id='word_1_330' title='bbox 634 5019 782 5061; x_wconf 72' lang='lat' dir='ltr'><strong>Smer-um</strong></span> <span class='ocrx_word' id='word_1_331' title='bbox 796 5019 852 5064; x_wconf 84' lang='lat' dir='ltr'><strong>Det,</strong></span> 
     </span>
     <span class='ocr_line' id='line_1_60' title="bbox 465 5085 908 5138; baseline -0.011 -8"><span class='ocrx_word' id='word_1_332' title='bbox 465 5087 501 5130; x_wconf 80' lang='lat' dir='ltr'><strong>od</strong></span> <span class='ocrx_word' id='word_1_333' title='bbox 512 5087 674 5138; x_wconf 70' lang='lat' dir='ltr'><strong>pes-petuam</strong></span> <span class='ocrx_word' id='word_1_334' title='bbox 689 5087 729 5126; x_wconf 80' lang='lat' dir='ltr'><strong>ret</strong></span> <span class='ocrx_word' id='word_1_335' title='bbox 742 5085 908 5126; x_wconf 73' lang='lat' dir='ltr'><strong>anemos-iam.</strong></span> 
     </span>
    </p>
   </div>
   <div class='ocr_carea' id='block_1_24' title="bbox 313 5214 1062 5736">
    <p class='ocr_par' dir='ltr' id='par_1_25' title="bbox 313 5214 1062 5736">
     <span class='ocr_line' id='line_1_61' title="bbox 356 5214 1062 5271; baseline -0.001 -12"><span class='ocrx_word' id='word_1_336' title='bbox 356 5215 393 5259; x_wconf 84' lang='lat' dir='ltr'><strong>Ad</strong></span> <span class='ocrx_word' id='word_1_337' title='bbox 407 5214 507 5260; x_wconf 87' lang='lat' dir='ltr'><strong>summi</strong></span> <span class='ocrx_word' id='word_1_338' title='bbox 521 5215 566 5260; x_wconf 82' lang='lat' dir='ltr'><strong>Dei</strong></span> <span class='ocrx_word' id='word_1_339' title='bbox 586 5215 700 5270; x_wconf 88' lang='lat' dir='ltr'><strong>gloriam</strong></span> <span class='ocrx_word' id='word_1_340' title='bbox 714 5215 742 5260; x_wconf 94' lang='lat' dir='ltr'><strong>in</strong></span> <span class='ocrx_word' id='word_1_341' title='bbox 757 5215 856 5261; x_wconf 89' lang='lat' dir='ltr'><strong>sanctis</strong></span> <span class='ocrx_word' id='word_1_342' title='bbox 877 5215 935 5260; x_wconf 91' lang='lat' dir='ltr'><strong>eius</strong></span> <span class='ocrx_word' id='word_1_343' title='bbox 950 5214 1062 5271; x_wconf 87' lang='lat' dir='ltr'><strong>amplifl-</strong></span> 
     </span>
     <span class='ocr_line' id='line_1_62' title="bbox 314 5281 1061 5338; baseline -0.001 -11"><span class='ocrx_word' id='word_1_344' title='bbox 314 5283 425 5328; x_wconf 72' lang='lat' dir='ltr'><strong>eandm</strong></span> <span class='ocrx_word' id='word_1_345' title='bbox 436 5281 559 5328; x_wconf 85' lang='lat' dir='ltr'><strong>mirabile</strong></span> <span class='ocrx_word' id='word_1_346' title='bbox 568 5293 652 5338; x_wconf 88' lang='lat' dir='ltr'><strong>nuper</strong></span> <span class='ocrx_word' id='word_1_347' title='bbox 662 5282 760 5328; x_wconf 89' lang='lat' dir='ltr'><strong>factum</strong></span> <span class='ocrx_word' id='word_1_348' title='bbox 771 5285 811 5327; x_wconf 91' lang='lat' dir='ltr'><strong>est</strong></span> <span class='ocrx_word' id='word_1_349' title='bbox 822 5281 849 5326; x_wconf 89' lang='lat' dir='ltr'><strong>in</strong></span> <span class='ocrx_word' id='word_1_350' title='bbox 859 5281 943 5328; x_wconf 91' lang='lat' dir='ltr'><strong>oculis</strong></span> <span class='ocrx_word' id='word_1_351' title='bbox 953 5282 1061 5337; x_wconf 90' lang='lat' dir='ltr'><strong>nostris,</strong></span> 
     </span>
     <span class='ocr_line' id='line_1_63' title="bbox 314 5348 1061 5405; baseline 0.001 -12"><span class='ocrx_word' id='word_1_352' title='bbox 314 5349 378 5393; x_wconf 89' lang='lat' dir='ltr'><strong>dum</strong></span> <span class='ocrx_word' id='word_1_353' title='bbox 392 5348 502 5394; x_wconf 83' lang='lat' dir='ltr'><strong>exuviae</strong></span> <span class='ocrx_word' id='word_1_354' title='bbox 517 5351 541 5393; x_wconf 79' lang='lat' dir='ltr'><strong>s.</strong></span> <span class='ocrx_word' id='word_1_355' title='bbox 556 5348 706 5404; x_wconf 83' lang='lat' dir='ltr'><strong>angustini,</strong></span> <span class='ocrx_word' id='word_1_356' title='bbox 721 5349 894 5404; x_wconf 82' lang='lat' dir='ltr'><strong>Hipponensis</strong></span> <span class='ocrx_word' id='word_1_357' title='bbox 906 5348 1025 5405; x_wconf 78' lang='lat' dir='ltr'><strong>Episcopi</strong></span> <span class='ocrx_word' id='word_1_358' title='bbox 1034 5351 1061 5394; x_wconf 89' lang='lat' dir='ltr'><strong>et</strong></span> 
     </span>
     <span class='ocr_line' id='line_1_64' title="bbox 314 5415 1062 5472; baseline 0 -12"><span class='ocrx_word' id='word_1_359' title='bbox 314 5415 540 5472; x_wconf 85' lang='lat' dir='ltr'><strong>praestantissimi</strong></span> <span class='ocrx_word' id='word_1_360' title='bbox 560 5415 692 5460; x_wconf 77' lang='lat' dir='ltr'><strong>Ecclesiae</strong></span> <span class='ocrx_word' id='word_1_361' title='bbox 707 5416 834 5470; x_wconf 77' lang='lat' dir='ltr'><strong>hectoris,</strong></span> <span class='ocrx_word' id='word_1_362' title='bbox 850 5425 964 5471; x_wconf 90' lang='lat' dir='ltr'><strong>quarum</strong></span> <span class='ocrx_word' id='word_1_363' title='bbox 986 5427 1062 5460; x_wconf 78' lang='lat' dir='ltr'><strong>rene-</strong></span> 
     </span>
     <span class='ocr_line' id='line_1_65' title="bbox 314 5481 1061 5538; baseline 0 -12"><span class='ocrx_word' id='word_1_364' title='bbox 314 5482 447 5527; x_wconf 88' lang='lat' dir='ltr'><strong>rationem</strong></span> <span class='ocrx_word' id='word_1_365' title='bbox 470 5481 597 5538; x_wconf 90' lang='lat' dir='ltr'><strong>antiquus</strong></span> <span class='ocrx_word' id='word_1_366' title='bbox 619 5482 664 5526; x_wconf 86' lang='lat' dir='ltr'><strong>Dei</strong></span> <span class='ocrx_word' id='word_1_367' title='bbox 686 5483 712 5525; x_wconf 89' lang='lat' dir='ltr'><strong>et</strong></span> <span class='ocrx_word' id='word_1_368' title='bbox 733 5485 885 5527; x_wconf 87' lang='lat' dir='ltr'><strong>sanctorum</strong></span> <span class='ocrx_word' id='word_1_369' title='bbox 909 5481 994 5527; x_wconf 86' lang='lat' dir='ltr'><strong>hostie</strong></span> <span class='ocrx_word' id='word_1_370' title='bbox 1014 5481 1061 5527; x_wconf 92' lang='lat' dir='ltr'><strong>ali-</strong></span> 
     </span>
     <span class='ocr_line' id='line_1_66' title="bbox 314 5548 1061 5605; baseline -0.001 -12"><span class='ocrx_word' id='word_1_371' title='bbox 314 5549 433 5605; x_wconf 81' lang='lat' dir='ltr'><strong>quandiu</strong></span> <span class='ocrx_word' id='word_1_372' title='bbox 452 5548 612 5605; x_wconf 85' lang='lat' dir='ltr'><strong>perturbare</strong></span> <span class='ocrx_word' id='word_1_373' title='bbox 633 5549 792 5604; x_wconf 85' lang='lat' dir='ltr'><strong>tentaverat,</strong></span> <span class='ocrx_word' id='word_1_374' title='bbox 813 5549 920 5594; x_wconf 88' lang='lat' dir='ltr'><strong>tandem</strong></span> <span class='ocrx_word' id='word_1_375' title='bbox 941 5549 1061 5593; x_wconf 92' lang='lat' dir='ltr'><strong>omnium</strong></span> 
     </span>
     <span class='ocr_line' id='line_1_67' title="bbox 313 5614 1061 5672; baseline 0.001 -13"><span class='ocrx_word' id='word_1_376' title='bbox 313 5615 530 5660; x_wconf 87' lang='lat' dir='ltr'><strong>christifidelium</strong></span> <span class='ocrx_word' id='word_1_377' title='bbox 544 5615 629 5660; x_wconf 91' lang='lat' dir='ltr'><strong>cultui</strong></span> <span class='ocrx_word' id='word_1_378' title='bbox 643 5614 825 5672; x_wconf 84' lang='lat' dir='ltr'><strong>pristinaeque</strong></span> <span class='ocrx_word' id='word_1_379' title='bbox 835 5614 1061 5670; x_wconf 87' lang='lat' dir='ltr'><strong>honorificentiae,</strong></span> 
     </span>
     <span class='ocr_line' id='line_1_68' title="bbox 314 5680 1022 5736; baseline 0 -10"><span class='ocrx_word' id='word_1_380' title='bbox 314 5681 440 5727; x_wconf 81' lang='lat' dir='ltr'><strong>universa</strong></span> <span class='ocrx_word' id='word_1_381' title='bbox 453 5680 570 5727; x_wconf 75' lang='lat' dir='ltr'><strong>Ecclesia</strong></span> <span class='ocrx_word' id='word_1_382' title='bbox 584 5680 734 5736; x_wconf 83' lang='lat' dir='ltr'><strong>plaudente,</strong></span> <span class='ocrx_word' id='word_1_383' title='bbox 749 5680 891 5726; x_wconf 85' lang='lat' dir='ltr'><strong>restitutae</strong></span> <span class='ocrx_word' id='word_1_384' title='bbox 905 5681 1022 5726; x_wconf 86' lang='lat' dir='ltr'><strong>fuerunt.</strong></span> 
     </span>
    </p>
   </div>
   <div class='ocr_carea' id='block_1_25' title="bbox 1116 2297 2096 4411">
    <p class='ocr_par' dir='ltr' id='par_1_26' title="bbox 1118 2297 2096 2936">
     <span class='ocr_line' id='line_1_69' title="bbox 1159 2297 2096 2397; baseline -0.004 -34"><span class='ocrx_word' id='word_1_385' title='bbox 1159 2301 1228 2376; x_wconf 72' lang='lat'><strong>53.</strong></span> <span class='ocrx_word' id='word_1_386' title='bbox 1252 2301 1312 2363; x_wconf 92' lang='lat' dir='ltr'><strong>Pro</strong></span> <span class='ocrx_word' id='word_1_387' title='bbox 1341 2301 1421 2364; x_wconf 82' lang='lat' dir='ltr'><strong>limo</strong></span> <span class='ocrx_word' id='word_1_388' title='bbox 1450 2301 1606 2379; x_wconf 86' lang='lat' dir='ltr'><strong>Episcopo</strong></span> <span class='ocrx_word' id='word_1_389' title='bbox 1639 2297 1801 2376; x_wconf 89' lang='lat' dir='ltr'><strong>Papiensi,</strong></span> <span class='ocrx_word' id='word_1_390' title='bbox 1829 2305 1866 2360; x_wconf 91' lang='lat' dir='ltr'><strong>ut</strong></span> <span class='ocrx_word' id='word_1_391' title='bbox 1883 2302 2096 2397; x_wconf 60' lang='lat' dir='ltr'><strong>decresceren-</strong></span> 
     </span>
     <span class='ocr_line' id='line_1_70' title="bbox 1119 2363 2096 2471; baseline -0.002 -17"><span class='ocrx_word' id='word_1_392' title='bbox 1119 2394 1327 2471; x_wconf 91' lang='lat' dir='ltr'><strong>sepulchrum</strong></span> <span class='ocrx_word' id='word_1_393' title='bbox 1343 2394 1377 2455; x_wconf 95' lang='lat' dir='ltr'><strong>in</strong></span> <span class='ocrx_word' id='word_1_394' title='bbox 1388 2409 1453 2470; x_wconf 95' lang='lat' dir='ltr'><strong>quo</strong></span> <span class='ocrx_word' id='word_1_395' title='bbox 1467 2409 1593 2455; x_wconf 89' lang='lat' dir='ltr'><strong>sacrum</strong></span> <span class='ocrx_word' id='word_1_396' title='bbox 1608 2407 1723 2469; x_wconf 92' lang='lat' dir='ltr'><strong>corpus</strong></span> <span class='ocrx_word' id='word_1_397' title='bbox 1739 2397 1772 2452; x_wconf 90' lang='lat' dir='ltr'><strong>et</strong></span> <span class='ocrx_word' id='word_1_398' title='bbox 1786 2390 1864 2452; x_wconf 91' lang='lat' dir='ltr'><strong>aliae</strong></span> <span class='ocrx_word' id='word_1_399' title='bbox 1883 2364 1966 2452; x_wconf 54' lang='lat' dir='ltr'><strong>sssnssn</strong></span> <span class='ocrx_word' id='word_1_400' title='bbox 1977 2363 2096 2464; x_wconf 59' lang='lat' dir='ltr'><strong>rssft&#39;q‘i‘rsa&#39;-</strong></span> 
     </span>
     <span class='ocr_line' id='line_1_71' title="bbox 1119 2469 1948 2564; baseline -0.002 -16"><span class='ocrx_word' id='word_1_401' title='bbox 1119 2487 1274 2564; x_wconf 91' lang='lat' dir='ltr'><strong>reliquiae</strong></span> <span class='ocrx_word' id='word_1_402' title='bbox 1296 2486 1401 2549; x_wconf 93' lang='lat' dir='ltr'><strong>Sancti</strong></span> <span class='ocrx_word' id='word_1_403' title='bbox 1417 2487 1590 2564; x_wconf 78' lang='lat' dir='ltr'><strong>Augustini</strong></span> <span class='ocrx_word' id='word_1_404' title='bbox 1605 2485 1752 2564; x_wconf 86' lang='lat' dir='ltr'><strong>Episcopi</strong></span> <span class='ocrx_word' id='word_1_405' title='bbox 1764 2491 1797 2546; x_wconf 88' lang='lat' dir='ltr'><strong>et</strong></span> <span class='ocrx_word' id='word_1_406' title='bbox 1809 2484 1864 2546; x_wconf 90' lang='lat' dir='ltr'><strong>Ec·</strong></span> <span class='ocrx_word' id='word_1_407' title='bbox 1883 2469 1948 2506; x_wconf 65' lang='lat'>‘⁰¹¹¹&#39;</span> 
     </span>
     <span class='ocr_line' id='line_1_72' title="bbox 1118 2576 1863 2657; baseline -0.007 -14"><span class='ocrx_word' id='word_1_408' title='bbox 1118 2581 1232 2643; x_wconf 84' lang='lat' dir='ltr'><strong>clasiae</strong></span> <span class='ocrx_word' id='word_1_409' title='bbox 1247 2581 1391 2643; x_wconf 88' lang='lat' dir='ltr'><strong>Doctoris</strong></span> <span class='ocrx_word' id='word_1_410' title='bbox 1413 2586 1596 2652; x_wconf 88' lang='lat' dir='ltr'><strong>servantur,</strong></span> <span class='ocrx_word' id='word_1_411' title='bbox 1614 2579 1743 2657; x_wconf 89' lang='lat' dir='ltr'><strong>aperiat,</strong></span> <span class='ocrx_word' id='word_1_412' title='bbox 1762 2583 1795 2638; x_wconf 93' lang='lat' dir='ltr'><strong>et</strong></span> <span class='ocrx_word' id='word_1_413' title='bbox 1811 2576 1863 2639; x_wconf 91' lang='lat' dir='ltr'><strong>de-</strong></span> 
     </span>
     <span class='ocr_line' id='line_1_73' title="bbox 1118 2671 1864 2748; baseline -0.007 -14"><span class='ocrx_word' id='word_1_414' title='bbox 1118 2675 1192 2736; x_wconf 90' lang='lat' dir='ltr'><strong>inde</strong></span> <span class='ocrx_word' id='word_1_415' title='bbox 1204 2674 1237 2735; x_wconf 95' lang='lat' dir='ltr'><strong>in</strong></span> <span class='ocrx_word' id='word_1_416' title='bbox 1249 2671 1864 2748; x_wconf 89' lang='lat' dir='ltr'><strong>aliamarcameasdomreliquiastrans-</strong></span> 
     </span>
     <span class='ocr_line' id='line_1_74' title="bbox 1118 2763 1863 2844; baseline -0.003 -18"><span class='ocrx_word' id='word_1_417' title='bbox 1118 2766 1204 2828; x_wconf 91' lang='lat' dir='ltr'><strong>ferre</strong></span> <span class='ocrx_word' id='word_1_418' title='bbox 1226 2767 1326 2844; x_wconf 92' lang='lat' dir='ltr'><strong>possit</strong></span> <span class='ocrx_word' id='word_1_419' title='bbox 1341 2773 1373 2828; x_wconf 92' lang='lat' dir='ltr'><strong>et</strong></span> <span class='ocrx_word' id='word_1_420' title='bbox 1387 2765 1500 2837; x_wconf 89' lang='lat' dir='ltr'><strong>valeat,</strong></span> <span class='ocrx_word' id='word_1_421' title='bbox 1514 2781 1574 2826; x_wconf 92' lang='lat' dir='ltr'><strong>nec</strong></span> <span class='ocrx_word' id='word_1_422' title='bbox 1589 2780 1654 2826; x_wconf 94' lang='lat' dir='ltr'><strong>non</strong></span> <span class='ocrx_word' id='word_1_423' title='bbox 1675 2763 1796 2842; x_wconf 90' lang='lat' dir='ltr'><strong>aliquas</strong></span> <span class='ocrx_word' id='word_1_424' title='bbox 1814 2777 1863 2824; x_wconf 91' lang='lat' dir='ltr'><strong>re-</strong></span> 
     </span>
     <span class='ocr_line' id='line_1_75' title="bbox 1118 2857 1608 2936; baseline -0.004 -16"><span class='ocrx_word' id='word_1_425' title='bbox 1118 2859 1229 2936; x_wconf 90' lang='lat' dir='ltr'><strong>liquias</strong></span> <span class='ocrx_word' id='word_1_426' title='bbox 1251 2859 1335 2921; x_wconf 92' lang='lat' dir='ltr'><strong>dono</strong></span> <span class='ocrx_word' id='word_1_427' title='bbox 1357 2859 1385 2922; x_wconf 93' lang='lat' dir='ltr'><strong>ci</strong></span> <span class='ocrx_word' id='word_1_428' title='bbox 1408 2861 1483 2921; x_wconf 91' lang='lat' dir='ltr'><strong>dare</strong></span> <span class='ocrx_word' id='word_1_429' title='bbox 1505 2857 1608 2920; x_wconf 91' lang='lat' dir='ltr'><strong>liceat.</strong></span> 
     </span>
    </p>

    <p class='ocr_par' dir='ltr' id='par_1_27' title="bbox 1116 2951 1864 4411">
     <span class='ocr_line' id='line_1_76' title="bbox 1156 2951 1863 3026; baseline -0.004 -12"><span class='ocrx_word' id='word_1_430' title='bbox 1156 2951 1260 3026; x_wconf 85' lang='lat' dir='ltr'><strong>Quum</strong></span> <span class='ocrx_word' id='word_1_431' title='bbox 1300 2951 1524 3016; x_wconf 79' lang='lat' dir='ltr'><strong>sanctissimus</strong></span> <span class='ocrx_word' id='word_1_432' title='bbox 1559 2951 1714 3013; x_wconf 88' lang='lat' dir='ltr'><strong>Dominus</strong></span> <span class='ocrx_word' id='word_1_433' title='bbox 1754 2955 1863 3012; x_wconf 91' lang='lat' dir='ltr'><strong>noster</strong></span> 
     </span>
     <span class='ocr_line' id='line_1_77' title="bbox 1117 3043 1864 3123; baseline -0.004 -16"><span class='ocrx_word' id='word_1_434' title='bbox 1117 3045 1292 3123; x_wconf 86' lang='lat' dir='ltr'><strong>Gregorius</strong></span> <span class='ocrx_word' id='word_1_435' title='bbox 1315 3043 1395 3108; x_wconf 87' lang='lat' dir='ltr'><strong>xvi.</strong></span> <span class='ocrx_word' id='word_1_436' title='bbox 1419 3043 1566 3108; x_wconf 84' lang='lat' dir='ltr'><strong>Pontifex</strong></span> <span class='ocrx_word' id='word_1_437' title='bbox 1591 3043 1749 3106; x_wconf 91' lang='lat' dir='ltr'><strong>maximus</strong></span> <span class='ocrx_word' id='word_1_438' title='bbox 1771 3059 1864 3106; x_wconf 89' lang='lat' dir='ltr'><strong>reve-</strong></span> 
     </span>
     <span class='ocr_line' id='line_1_78' title="bbox 1117 3135 1864 3217; baseline -0.001 -19"><span class='ocrx_word' id='word_1_439' title='bbox 1117 3138 1301 3200; x_wconf 91' lang='lat' dir='ltr'><strong>rendissimi</strong></span> <span class='ocrx_word' id='word_1_440' title='bbox 1323 3137 1469 3217; x_wconf 88' lang='lat' dir='ltr'><strong>Episcopi</strong></span> <span class='ocrx_word' id='word_1_441' title='bbox 1497 3137 1656 3216; x_wconf 90' lang='lat' dir='ltr'><strong>Papiensis</strong></span> <span class='ocrx_word' id='word_1_442' title='bbox 1679 3135 1864 3214; x_wconf 90' lang='lat' dir='ltr'><strong>postulatio-</strong></span> 
     </span>
     <span class='ocr_line' id='line_1_79' title="bbox 1117 3228 1863 3307; baseline -0.005 -14"><span class='ocrx_word' id='word_1_443' title='bbox 1117 3230 1210 3294; x_wconf 91' lang='lat' dir='ltr'><strong>nibus</strong></span> <span class='ocrx_word' id='word_1_444' title='bbox 1232 3231 1406 3293; x_wconf 89' lang='lat' dir='ltr'><strong>adhaerens</strong></span> <span class='ocrx_word' id='word_1_445' title='bbox 1419 3231 1525 3292; x_wconf 87' lang='lat' dir='ltr'><strong>eidem</strong></span> <span class='ocrx_word' id='word_1_446' title='bbox 1541 3229 1723 3293; x_wconf 89' lang='lat' dir='ltr'><strong>facultatem</strong></span> <span class='ocrx_word' id='word_1_447' title='bbox 1744 3228 1863 3307; x_wconf 91' lang='lat' dir='ltr'><strong>imper-</strong></span> 
     </span>
     <span class='ocr_line' id='line_1_80' title="bbox 1117 3323 1863 3402; baseline -0.007 -16"><span class='ocrx_word' id='word_1_448' title='bbox 1117 3323 1215 3396; x_wconf 92' lang='lat' dir='ltr'><strong>tierit,</strong></span> <span class='ocrx_word' id='word_1_449' title='bbox 1239 3331 1276 3385; x_wconf 90' lang='lat' dir='ltr'><strong>ut</strong></span> <span class='ocrx_word' id='word_1_450' title='bbox 1296 3324 1329 3387; x_wconf 92' lang='lat' dir='ltr'><strong>in</strong></span> <span class='ocrx_word' id='word_1_451' title='bbox 1350 3323 1510 3402; x_wconf 92' lang='lat' dir='ltr'><strong>capsulam</strong></span> <span class='ocrx_word' id='word_1_452' title='bbox 1540 3323 1751 3394; x_wconf 89' lang='lat' dir='ltr'><strong>nobiliorem,</strong></span> <span class='ocrx_word' id='word_1_453' title='bbox 1774 3327 1863 3382; x_wconf 88' lang='lat' dir='ltr'><strong>ante-</strong></span> 
     </span>
     <span class='ocr_line' id='line_1_81' title="bbox 1116 3414 1864 3496; baseline -0.003 -18"><span class='ocrx_word' id='word_1_454' title='bbox 1116 3418 1249 3495; x_wconf 90' lang='lat' dir='ltr'><strong>riusque</strong></span> <span class='ocrx_word' id='word_1_455' title='bbox 1271 3417 1487 3490; x_wconf 91' lang='lat' dir='ltr'><strong>cristallinam,</strong></span> <span class='ocrx_word' id='word_1_456' title='bbox 1507 3431 1620 3496; x_wconf 91' lang='lat' dir='ltr'><strong>corpus</strong></span> <span class='ocrx_word' id='word_1_457' title='bbox 1637 3414 1668 3478; x_wconf 90' lang='lat' dir='ltr'><strong>S.</strong></span> <span class='ocrx_word' id='word_1_458' title='bbox 1690 3415 1864 3492; x_wconf 92' lang='lat' dir='ltr'><strong>Augustini</strong></span> 
     </span>
     <span class='ocr_line' id='line_1_82' title="bbox 1116 3508 1863 3590; baseline -0.003 -18"><span class='ocrx_word' id='word_1_459' title='bbox 1116 3511 1264 3590; x_wconf 91' lang='lat' dir='ltr'><strong>Episcopi</strong></span> <span class='ocrx_word' id='word_1_460' title='bbox 1285 3509 1508 3590; x_wconf 81' lang='lat' dir='ltr'><strong>hypponensis</strong></span> <span class='ocrx_word' id='word_1_461' title='bbox 1531 3517 1563 3572; x_wconf 89' lang='lat' dir='ltr'><strong>et</strong></span> <span class='ocrx_word' id='word_1_462' title='bbox 1578 3508 1737 3572; x_wconf 92' lang='lat' dir='ltr'><strong>Ecclesiae</strong></span> <span class='ocrx_word' id='word_1_463' title='bbox 1752 3508 1863 3572; x_wconf 88' lang='lat' dir='ltr'><strong>Docto·</strong></span> 
     </span>
     <span class='ocr_line' id='line_1_83' title="bbox 1116 3601 1862 3682; baseline -0.005 -16"><span class='ocrx_word' id='word_1_464' title='bbox 1116 3605 1159 3666; x_wconf 93' lang='lat' dir='ltr'><strong>ris</strong></span> <span class='ocrx_word' id='word_1_465' title='bbox 1188 3605 1321 3676; x_wconf 89' lang='lat' dir='ltr'><strong>inferat,</strong></span> <span class='ocrx_word' id='word_1_466' title='bbox 1352 3619 1417 3680; x_wconf 91' lang='lat' dir='ltr'><strong>quo</strong></span> <span class='ocrx_word' id='word_1_467' title='bbox 1446 3602 1570 3682; x_wconf 92' lang='lat' dir='ltr'><strong>publica</strong></span> <span class='ocrx_word' id='word_1_468' title='bbox 1602 3601 1731 3664; x_wconf 87' lang='lat' dir='ltr'><strong>devotio</strong></span> <span class='ocrx_word' id='word_1_469' title='bbox 1759 3602 1862 3678; x_wconf 88' lang='lat' dir='ltr'><strong>magis</strong></span> 
     </span>
     <span class='ocr_line' id='line_1_84' title="bbox 1118 3693 1862 3769; baseline -0.005 -10"><span class='ocrx_word' id='word_1_470' title='bbox 1118 3697 1287 3769; x_wconf 79' lang='lat' dir='ltr'><strong>excitetur,</strong></span> <span class='ocrx_word' id='word_1_471' title='bbox 1305 3703 1392 3758; x_wconf 90' lang='lat' dir='ltr'><strong>etex</strong></span> <span class='ocrx_word' id='word_1_472' title='bbox 1411 3696 1539 3758; x_wconf 91' lang='lat' dir='ltr'><strong>fustulis</strong></span> <span class='ocrx_word' id='word_1_473' title='bbox 1559 3696 1676 3758; x_wconf 93' lang='lat' dir='ltr'><strong>ossium</strong></span> <span class='ocrx_word' id='word_1_474' title='bbox 1690 3693 1862 3756; x_wconf 87' lang='lat' dir='ltr'><strong>insaecula</strong></span> 
     </span>
     <span class='ocr_line' id='line_1_85' title="bbox 1117 3787 1862 3866; baseline -0.005 -14"><span class='ocrx_word' id='word_1_475' title='bbox 1117 3789 1229 3852; x_wconf 91' lang='lat' dir='ltr'><strong>clausis</strong></span> <span class='ocrx_word' id='word_1_476' title='bbox 1251 3789 1372 3866; x_wconf 92' lang='lat' dir='ltr'><strong>aliquot</strong></span> <span class='ocrx_word' id='word_1_477' title='bbox 1400 3789 1552 3866; x_wconf 90' lang='lat' dir='ltr'><strong>reliquias</strong></span> <span class='ocrx_word' id='word_1_478' title='bbox 1574 3803 1632 3866; x_wconf 94' lang='lat' dir='ltr'><strong>pro</strong></span> <span class='ocrx_word' id='word_1_479' title='bbox 1653 3787 1711 3849; x_wconf 89' lang='lat' dir='ltr'><strong>hac</strong></span> <span class='ocrx_word' id='word_1_480' title='bbox 1737 3791 1862 3849; x_wconf 90' lang='lat' dir='ltr'><strong>tantum</strong></span> 
     </span>
     <span class='ocr_line' id='line_1_86' title="bbox 1117 3879 1862 3945; baseline 0 -3"><span class='ocrx_word' id='word_1_481' title='bbox 1117 3882 1186 3945; x_wconf 88' lang='lat' dir='ltr'><strong>vice</strong></span> <span class='ocrx_word' id='word_1_482' title='bbox 1208 3882 1359 3944; x_wconf 90' lang='lat' dir='ltr'><strong>concedat</strong></span> <span class='ocrx_word' id='word_1_483' title='bbox 1371 3881 1544 3944; x_wconf 74' lang='lat' dir='ltr'><strong>&#39;nonnullis</strong></span> <span class='ocrx_word' id='word_1_484' title='bbox 1560 3882 1599 3944; x_wconf 90' lang='lat' dir='ltr'><strong>de</strong></span> <span class='ocrx_word' id='word_1_485' title='bbox 1614 3882 1764 3944; x_wconf 90' lang='lat' dir='ltr'><strong>restituto</strong></span> <span class='ocrx_word' id='word_1_486' title='bbox 1787 3879 1862 3942; x_wconf 91' lang='lat' dir='ltr'><strong>San-</strong></span> 
     </span>
     <span class='ocr_line' id='line_1_87' title="bbox 1116 3975 1862 4054; baseline -0.003 -14"><span class='ocrx_word' id='word_1_487' title='bbox 1116 3978 1158 4040; x_wconf 90' lang='lat' dir='ltr'><strong>cti</strong></span> <span class='ocrx_word' id='word_1_488' title='bbox 1172 3977 1316 4038; x_wconf 87' lang='lat' dir='ltr'><strong>Doctoris</strong></span> <span class='ocrx_word' id='word_1_489' title='bbox 1331 3977 1419 4038; x_wconf 91' lang='lat' dir='ltr'><strong>cultu</strong></span> <span class='ocrx_word' id='word_1_490' title='bbox 1435 3976 1556 4054; x_wconf 93' lang='lat' dir='ltr'><strong>optime</strong></span> <span class='ocrx_word' id='word_1_491' title='bbox 1572 3975 1707 4048; x_wconf 89' lang='lat' dir='ltr'><strong>meritis,</strong></span> <span class='ocrx_word' id='word_1_492' title='bbox 1725 3991 1791 4038; x_wconf 91' lang='lat' dir='ltr'><strong>non</strong></span> <span class='ocrx_word' id='word_1_493' title='bbox 1808 3975 1862 4038; x_wconf 90' lang='lat' dir='ltr'><strong>ob·</strong></span> 
     </span>
     <span class='ocr_line' id='line_1_88' title="bbox 1117 4067 1860 4148; baseline -0.001 -18"><span class='ocrx_word' id='word_1_494' title='bbox 1117 4077 1221 4132; x_wconf 89' lang='lat' dir='ltr'><strong>stante</strong></span> <span class='ocrx_word' id='word_1_495' title='bbox 1236 4069 1452 4148; x_wconf 92' lang='lat' dir='ltr'><strong>prohibitione</strong></span> <span class='ocrx_word' id='word_1_496' title='bbox 1468 4086 1484 4130; x_wconf 93' lang='lat' dir='ltr'><strong>a</strong></span> <span class='ocrx_word' id='word_1_497' title='bbox 1499 4085 1525 4129; x_wconf 93' lang='lat' dir='ltr'><strong>s.</strong></span> <span class='ocrx_word' id='word_1_498' title='bbox 1539 4083 1583 4130; x_wconf 92' lang='lat' dir='ltr'><strong>m.</strong></span> <span class='ocrx_word' id='word_1_499' title='bbox 1597 4068 1770 4130; x_wconf 90' lang='lat' dir='ltr'><strong>Benedicto</strong></span> <span class='ocrx_word' id='word_1_500' title='bbox 1781 4067 1860 4129; x_wconf 88' lang='lat' dir='ltr'><strong>lllll.</strong></span> 
     </span>
     <span class='ocr_line' id='line_1_89' title="bbox 1117 4161 1863 4240; baseline -0.005 -14"><span class='ocrx_word' id='word_1_501' title='bbox 1117 4163 1195 4226; x_wconf 89' lang='lat' dir='ltr'><strong>facta</strong></span> <span class='ocrx_word' id='word_1_502' title='bbox 1225 4162 1257 4224; x_wconf 94' lang='lat' dir='ltr'><strong>in</strong></span> <span class='ocrx_word' id='word_1_503' title='bbox 1286 4179 1342 4224; x_wconf 92' lang='lat' dir='ltr'><strong>sua</strong></span> <span class='ocrx_word' id='word_1_504' title='bbox 1370 4161 1610 4234; x_wconf 91' lang='lat' dir='ltr'><strong>constitutione,</strong></span> <span class='ocrx_word' id='word_1_505' title='bbox 1645 4177 1725 4240; x_wconf 92' lang='lat' dir='ltr'><strong>quae</strong></span> <span class='ocrx_word' id='word_1_506' title='bbox 1753 4161 1863 4238; x_wconf 90' lang='lat' dir='ltr'><strong>incipit</strong></span> 
     </span>
     <span class='ocr_line' id='line_1_90' title="bbox 1116 4252 1862 4334; baseline -0.005 -16"><span class='ocrx_word' id='word_1_507' title='bbox 1116 4253 1165 4318; x_wconf 87' lang='lat' dir='ltr'><strong>Ad</strong></span> <span class='ocrx_word' id='word_1_508' title='bbox 1185 4255 1302 4317; x_wconf 81' lang='lat' dir='ltr'><strong>sommi</strong></span> <span class='ocrx_word' id='word_1_509' title='bbox 1325 4253 1382 4316; x_wconf 85' lang='lat' dir='ltr'><strong>Dei</strong></span> <span class='ocrx_word' id='word_1_510' title='bbox 1396 4255 1545 4334; x_wconf 80' lang='lat' dir='ltr'><strong>plocium,</strong></span> <span class='ocrx_word' id='word_1_511' title='bbox 1563 4255 1632 4318; x_wconf 90' lang='lat' dir='ltr'><strong>data</strong></span> <span class='ocrx_word' id='word_1_512' title='bbox 1653 4253 1736 4332; x_wconf 88' lang='lat' dir='ltr'><strong>apud</strong></span> <span class='ocrx_word' id='word_1_513' title='bbox 1759 4252 1789 4316; x_wconf 90' lang='lat' dir='ltr'><strong>S.</strong></span> <span class='ocrx_word' id='word_1_514' title='bbox 1807 4252 1862 4315; x_wconf 92' lang='lat' dir='ltr'><strong>Pe-</strong></span> 
     </span>
     <span class='ocr_line' id='line_1_91' title="bbox 1117 4345 1862 4411; baseline -0.003 -1"><span class='ocrx_word' id='word_1_515' title='bbox 1117 4355 1205 4410; x_wconf 91' lang='lat' dir='ltr'><strong>trum</strong></span> <span class='ocrx_word' id='word_1_516' title='bbox 1227 4347 1351 4410; x_wconf 90' lang='lat' dir='ltr'><strong>decimo</strong></span> <span class='ocrx_word' id='word_1_517' title='bbox 1366 4347 1518 4411; x_wconf 84' lang='lat' dir='ltr'><strong>kalendas</strong></span> <span class='ocrx_word' id='word_1_518' title='bbox 1534 4348 1672 4411; x_wconf 91' lang='lat' dir='ltr'><strong>octobris</strong></span> <span class='ocrx_word' id='word_1_519' title='bbox 1689 4345 1862 4409; x_wconf 91' lang='lat' dir='ltr'><strong>millesimo</strong></span> 
     </span>
    </p>
   </div>
   <div class='ocr_carea' id='block_1_26' title="bbox 1116 4439 1863 4527">
    <p class='ocr_par' dir='ltr' id='par_1_28' title="bbox 1116 4439 1863 4527">
     <span class='ocr_line' id='line_1_92' title="bbox 1116 4439 1863 4527; baseline -0.003 -25"><span class='ocrx_word' id='word_1_520' title='bbox 1116 4441 1406 4527; x_wconf 89' lang='lat' dir='ltr'><strong>septingentesimo</strong></span> <span class='ocrx_word' id='word_1_521' title='bbox 1417 4441 1571 4506; x_wconf 89' lang='lat' dir='ltr'><strong>vicesimo</strong></span> <span class='ocrx_word' id='word_1_522' title='bbox 1584 4439 1706 4514; x_wconf 87' lang='lat' dir='ltr'><strong>octavo,</strong></span> <span class='ocrx_word' id='word_1_523' title='bbox 1724 4439 1770 4521; x_wconf 89' lang='lat' dir='ltr'><strong>(l)</strong></span> <span class='ocrx_word' id='word_1_524' title='bbox 1782 4455 1863 4520; x_wconf 92' lang='lat' dir='ltr'><strong>quae</strong></span> 
     </span>
    </p>
   </div>
   <div class='ocr_carea' id='block_1_27' title="bbox 1114 4678 2095 5667">
    <p class='ocr_par' dir='ltr' id='par_1_29' title="bbox 1114 4678 2095 5667">
     <span class='ocr_line' id='line_1_93' title="bbox 1154 4678 2094 4748; baseline -0.002 -22"><span class='ocrx_word' id='word_1_525' title='bbox 1154 4689 1167 4732; x_wconf 77' lang='lat' dir='ltr'><strong>a</strong></span> <span class='ocrx_word' id='word_1_526' title='bbox 1183 4685 1201 4726; x_wconf 88' lang='lat'><strong>1.</strong></span> <span class='ocrx_word' id='word_1_527' title='bbox 1217 4681 1412 4728; x_wconf 70' lang='lat' dir='ltr'><strong>probatissimis</strong></span> <span class='ocrx_word' id='word_1_528' title='bbox 1432 4682 1588 4728; x_wconf 89' lang='lat' dir='ltr'><strong>litterarum</strong></span> <span class='ocrx_word' id='word_1_529' title='bbox 1610 4678 1790 4726; x_wconf 88' lang='lat' dir='ltr'><strong>monumentis</strong></span> <span class='ocrx_word' id='word_1_530' title='bbox 1805 4689 1863 4724; x_wconf 91' lang='lat' dir='ltr'><strong>con·</strong></span> <span class='ocrx_word' id='word_1_531' title='bbox 1898 4689 1994 4748; x_wconf 61' lang='lat' dir='ltr'><strong>coepe„</strong></span> <span class='ocrx_word' id='word_1_532' title='bbox 2007 4689 2030 4734; x_wconf 83' lang='lat' dir='ltr'><strong>s¹</strong></span> <span class='ocrx_word' id='word_1_533' title='bbox 2046 4691 2094 4737; x_wconf 69' lang='lat' dir='ltr'><strong>gu.</strong></span> 
     </span>
     <span class='ocr_line' id='line_1_94' title="bbox 1116 4743 2094 4843; baseline -0.003 -50"><span class='ocrx_word' id='word_1_534' title='bbox 1116 4750 1178 4802; x_wconf 89' lang='lat' dir='ltr'><strong>stat,</strong></span> <span class='ocrx_word' id='word_1_535' title='bbox 1199 4749 1378 4794; x_wconf 89' lang='lat' dir='ltr'><strong>vandalorum</strong></span> <span class='ocrx_word' id='word_1_536' title='bbox 1401 4747 1583 4805; x_wconf 87' lang='lat' dir='ltr'><strong>persecutione</strong></span> <span class='ocrx_word' id='word_1_537' title='bbox 1604 4748 1631 4792; x_wconf 93' lang='lat' dir='ltr'><strong>in</strong></span> <span class='ocrx_word' id='word_1_538' title='bbox 1653 4745 1803 4792; x_wconf 82' lang='lat' dir='ltr'><strong>Africanam</strong></span> <span class='ocrx_word' id='word_1_539' title='bbox 1818 4747 1863 4790; x_wconf 80' lang='lat' dir='ltr'><strong>Ec·</strong></span> <span class='ocrx_word' id='word_1_540' title='bbox 1881 4745 1946 4843; x_wconf 56' lang='lat' dir='ltr'><strong>pust.</strong></span> <span class='ocrx_word' id='word_1_541' title='bbox 1973 4743 2094 4807; x_wconf 79' lang='lat' dir='ltr'><strong>Hippostd</strong></span> 
     </span>
     <span class='ocr_line' id='line_1_95' title="bbox 1114 4795 2093 4871; baseline 0 -12"><span class='ocrx_word' id='word_1_542' title='bbox 1114 4815 1222 4860; x_wconf 81' lang='lat' dir='ltr'><strong>alesiam</strong></span> <span class='ocrx_word' id='word_1_543' title='bbox 1231 4815 1354 4871; x_wconf 74' lang='lat' dir='ltr'><strong>excitata,</strong></span> <span class='ocrx_word' id='word_1_544' title='bbox 1364 4815 1546 4861; x_wconf 86' lang='lat' dir='ltr'><strong>sanctissimos</strong></span> <span class='ocrx_word' id='word_1_545' title='bbox 1556 4815 1664 4860; x_wconf 88' lang='lat' dir='ltr'><strong>illarum</strong></span> <span class='ocrx_word' id='word_1_546' title='bbox 1675 4813 1794 4870; x_wconf 87' lang='lat' dir='ltr'><strong>partium</strong></span> <span class='ocrx_word' id='word_1_547' title='bbox 1804 4812 1864 4869; x_wconf 85' lang='lat' dir='ltr'><strong>Epi·</strong></span> <span class='ocrx_word' id='word_1_548' title='bbox 1892 4806 1911 4840; x_wconf 63' lang='grc' dir='ltr'><em>η</em></span> <span class='ocrx_word' id='word_1_549' title='bbox 1929 4795 2093 4860; x_wconf 60' lang='lat' dir='ltr'><strong>sardl&#39;mmr</strong></span> 
     </span>
     <span class='ocr_line' id='line_1_96' title="bbox 1116 4848 2095 4950; baseline -0.007 -23"><span class='ocrx_word' id='word_1_550' title='bbox 1116 4891 1205 4938; x_wconf 88' lang='lat' dir='ltr'><strong>scopos</strong></span> <span class='ocrx_word' id='word_1_551' title='bbox 1219 4885 1246 4927; x_wconf 90' lang='lat' dir='ltr'><strong>et</strong></span> <span class='ocrx_word' id='word_1_552' title='bbox 1261 4883 1322 4928; x_wconf 87' lang='lat' dir='ltr'><strong>fidei</strong></span> <span class='ocrx_word' id='word_1_553' title='bbox 1335 4883 1482 4928; x_wconf 85' lang='lat' dir='ltr'><strong>catholicae</strong></span> <span class='ocrx_word' id='word_1_554' title='bbox 1491 4881 1661 4936; x_wconf 83' lang='lat' dir='ltr'><strong>confessores,</strong></span> <span class='ocrx_word' id='word_1_555' title='bbox 1671 4881 1698 4924; x_wconf 92' lang='lat' dir='ltr'><strong>in</strong></span> <span class='ocrx_word' id='word_1_556' title='bbox 1710 4878 1861 4926; x_wconf 85' lang='lat' dir='ltr'><strong>sardiniam</strong></span> <span class='ocrx_word' id='word_1_557' title='bbox 1881 4850 1967 4948; x_wconf 43' lang='lat' dir='ltr'><strong>{ma</strong></span> <span class='ocrx_word' id='word_1_558' title='bbox 1976 4848 2095 4950; x_wconf 48' lang='lat' dir='ltr'><strong>hae‘rffmss</strong></span> 
     </span>
     <span class='ocr_line' id='line_1_97' title="bbox 1115 4946 2094 5006; baseline -0.004 -13"><span class='ocrx_word' id='word_1_559' title='bbox 1115 4949 1195 4994; x_wconf 85' lang='lat' dir='ltr'><strong>exilio</strong></span> <span class='ocrx_word' id='word_1_560' title='bbox 1208 4949 1357 5004; x_wconf 88' lang='lat' dir='ltr'><strong>damnatos,</strong></span> <span class='ocrx_word' id='word_1_561' title='bbox 1371 4959 1466 5005; x_wconf 88' lang='lat' dir='ltr'><strong>corpus</strong></span> <span class='ocrx_word' id='word_1_562' title='bbox 1481 4948 1573 4993; x_wconf 85' lang='lat' dir='ltr'><strong>eximii</strong></span> <span class='ocrx_word' id='word_1_563' title='bbox 1587 4946 1703 4992; x_wconf 90' lang='lat' dir='ltr'><strong>doctoris</strong></span> <span class='ocrx_word' id='word_1_564' title='bbox 1717 4947 1767 4992; x_wconf 89' lang='lat' dir='ltr'><strong>sub</strong></span> <span class='ocrx_word' id='word_1_565' title='bbox 1781 4947 1861 4991; x_wconf 88' lang='lat' dir='ltr'><strong>finem</strong></span> <span class='ocrx_word' id='word_1_566' title='bbox 1881 4959 1951 5006; x_wconf 65' lang='lat' dir='ltr'><strong>mm,</strong></span> <span class='ocrx_word' id='word_1_567' title='bbox 1977 4955 2094 5003; x_wconf 59' lang='lat' dir='ltr'><strong>mugio,</strong></span> 
     </span>
     <span class='ocr_line' id='line_1_98' title="bbox 1115 5010 2095 5069; baseline -0.006 -9"><span class='ocrx_word' id='word_1_568' title='bbox 1115 5015 1215 5060; x_wconf 88' lang='lat' dir='ltr'><strong>saeculi</strong></span> <span class='ocrx_word' id='word_1_569' title='bbox 1229 5027 1252 5060; x_wconf 92' lang='lat' dir='ltr'><strong>v.</strong></span> <span class='ocrx_word' id='word_1_570' title='bbox 1269 5025 1357 5061; x_wconf 87' lang='lat' dir='ltr'><strong>secum</strong></span> <span class='ocrx_word' id='word_1_571' title='bbox 1373 5015 1401 5060; x_wconf 91' lang='lat' dir='ltr'><strong>in</strong></span> <span class='ocrx_word' id='word_1_572' title='bbox 1415 5015 1535 5060; x_wconf 88' lang='lat' dir='ltr'><strong>eamdem</strong></span> <span class='ocrx_word' id='word_1_573' title='bbox 1549 5013 1665 5060; x_wconf 87' lang='lat' dir='ltr'><strong>insulam</strong></span> <span class='ocrx_word' id='word_1_574' title='bbox 1682 5013 1862 5068; x_wconf 85' lang='lat' dir='ltr'><strong>transtulisse,</strong></span> <span class='ocrx_word' id='word_1_575' title='bbox 1880 5010 1937 5069; x_wconf 82' lang='lat' dir='ltr'><strong>pest</strong></span> <span class='ocrx_word' id='word_1_576' title='bbox 1958 5018 2040 5055; x_wconf 80' lang='lat' dir='ltr'><strong>annos</strong></span> <span class='ocrx_word' id='word_1_577' title='bbox 2058 5020 2095 5055; x_wconf 84' lang='lat' dir='ltr'><strong>ro-</strong></span> 
     </span>
     <span class='ocr_line' id='line_1_99' title="bbox 1116 5063 2039 5138; baseline -0.004 -12"><span class='ocrx_word' id='word_1_578' title='bbox 1116 5081 1205 5137; x_wconf 92' lang='lat' dir='ltr'><strong>ibique</strong></span> <span class='ocrx_word' id='word_1_579' title='bbox 1225 5093 1309 5138; x_wconf 89' lang='lat' dir='ltr'><strong>usque</strong></span> <span class='ocrx_word' id='word_1_580' title='bbox 1329 5082 1361 5128; x_wconf 90' lang='lat' dir='ltr'><strong>ad</strong></span> <span class='ocrx_word' id='word_1_581' title='bbox 1383 5081 1492 5126; x_wconf 90' lang='lat' dir='ltr'><strong>initium</strong></span> <span class='ocrx_word' id='word_1_582' title='bbox 1514 5081 1615 5127; x_wconf 87' lang='lat' dir='ltr'><strong>saeculi</strong></span> <span class='ocrx_word' id='word_1_583' title='bbox 1634 5091 1690 5125; x_wconf 83' lang='lat' dir='ltr'><strong>vrri.</strong></span> <span class='ocrx_word' id='word_1_584' title='bbox 1706 5079 1862 5135; x_wconf 76' lang='lat' dir='ltr'><strong>christiana,</strong></span> <span class='ocrx_word' id='word_1_585' title='bbox 1880 5063 1980 5123; x_wconf 57' lang='lat' dir='ltr'><strong>pff‘um</strong></span> <span class='ocrx_word' id='word_1_586' title='bbox 1998 5064 2039 5108; x_wconf 64' lang='lat'><strong>⁶⁸²·</strong></span> 
     </span>
     <span class='ocr_line' id='line_1_100' title="bbox 1115 5145 1862 5205; baseline -0.003 -13"><span class='ocrx_word' id='word_1_587' title='bbox 1115 5147 1184 5192; x_wconf 89' lang='lat' dir='ltr'><strong>idest</strong></span> <span class='ocrx_word' id='word_1_588' title='bbox 1193 5147 1318 5202; x_wconf 75' lang='lat' dir='ltr'><strong>maxima,</strong></span> <span class='ocrx_word' id='word_1_589' title='bbox 1326 5148 1456 5205; x_wconf 85' lang='lat' dir='ltr'><strong>religione</strong></span> <span class='ocrx_word' id='word_1_590' title='bbox 1465 5148 1636 5194; x_wconf 86' lang='lat' dir='ltr'><strong>custoditum.</strong></span> <span class='ocrx_word' id='word_1_591' title='bbox 1647 5151 1719 5191; x_wconf 82' lang='lat' dir='ltr'><strong>Tunc</strong></span> <span class='ocrx_word' id='word_1_592' title='bbox 1729 5145 1809 5200; x_wconf 86' lang='lat' dir='ltr'><strong>enim,</strong></span> <span class='ocrx_word' id='word_1_593' title='bbox 1820 5149 1862 5191; x_wconf 86' lang='lat' dir='ltr'><strong>Sa·</strong></span> 
     </span>
     <span class='ocr_line' id='line_1_101' title="bbox 1115 5210 1863 5272; baseline -0.005 -13"><span class='ocrx_word' id='word_1_594' title='bbox 1115 5215 1226 5268; x_wconf 88' lang='lat' dir='ltr'><strong>racenis,</strong></span> <span class='ocrx_word' id='word_1_595' title='bbox 1240 5215 1286 5272; x_wconf 91' lang='lat' dir='ltr'><strong>qui</strong></span> <span class='ocrx_word' id='word_1_596' title='bbox 1300 5215 1328 5260; x_wconf 94' lang='lat' dir='ltr'><strong>in</strong></span> <span class='ocrx_word' id='word_1_597' title='bbox 1342 5215 1491 5260; x_wconf 85' lang='lat' dir='ltr'><strong>Sardiniam</strong></span> <span class='ocrx_word' id='word_1_598' title='bbox 1503 5214 1650 5267; x_wconf 86' lang='lat' dir='ltr'><strong>irruerant,</strong></span> <span class='ocrx_word' id='word_1_599' title='bbox 1660 5213 1717 5258; x_wconf 91' lang='lat' dir='ltr'><strong>loca</strong></span> <span class='ocrx_word' id='word_1_600' title='bbox 1726 5219 1802 5258; x_wconf 86' lang='lat' dir='ltr'><strong>sacra</strong></span> <span class='ocrx_word' id='word_1_601' title='bbox 1815 5210 1863 5256; x_wconf 90' lang='lat' dir='ltr'><strong>im-</strong></span> 
     </span>
     <span class='ocr_line' id='line_1_102' title="bbox 1115 5279 1862 5337; baseline -0.004 -13"><span class='ocrx_word' id='word_1_602' title='bbox 1115 5279 1156 5336; x_wconf 88' lang='lat' dir='ltr'><strong>pie</strong></span> <span class='ocrx_word' id='word_1_603' title='bbox 1170 5280 1345 5336; x_wconf 79' lang='lat' dir='ltr'><strong>medentibus,</strong></span> <span class='ocrx_word' id='word_1_604' title='bbox 1360 5280 1539 5337; x_wconf 75' lang='lat' dir='ltr'><strong>liutprandus</strong></span> <span class='ocrx_word' id='word_1_605' title='bbox 1559 5279 1791 5335; x_wconf 82' lang='lat' dir='ltr'><strong>Longobardorum</strong></span> <span class='ocrx_word' id='word_1_606' title='bbox 1806 5289 1862 5334; x_wconf 85' lang='lat' dir='ltr'><strong>rex,</strong></span> 
     </span>
     <span class='ocr_line' id='line_1_103' title="bbox 1115 5346 1862 5403; baseline -0.009 -9"><span class='ocrx_word' id='word_1_607' title='bbox 1115 5351 1268 5394; x_wconf 89' lang='lat' dir='ltr'><strong>sanctarum</strong></span> <span class='ocrx_word' id='word_1_608' title='bbox 1287 5347 1431 5403; x_wconf 86' lang='lat' dir='ltr'><strong>Augustini</strong></span> <span class='ocrx_word' id='word_1_609' title='bbox 1451 5347 1628 5403; x_wconf 90' lang='lat' dir='ltr'><strong>reliquiarum</strong></span> <span class='ocrx_word' id='word_1_610' title='bbox 1650 5346 1749 5402; x_wconf 88' lang='lat' dir='ltr'><strong>pietate</strong></span> <span class='ocrx_word' id='word_1_611' title='bbox 1764 5347 1862 5398; x_wconf 90' lang='lat' dir='ltr'><strong>motus,</strong></span> 
     </span>
     <span class='ocr_line' id='line_1_104' title="bbox 1115 5412 1862 5470; baseline -0.005 -12"><span class='ocrx_word' id='word_1_612' title='bbox 1115 5424 1161 5470; x_wconf 90' lang='lat' dir='ltr'><strong>per</strong></span> <span class='ocrx_word' id='word_1_613' title='bbox 1174 5413 1277 5470; x_wconf 86' lang='lat' dir='ltr'><strong>legatos</strong></span> <span class='ocrx_word' id='word_1_614' title='bbox 1291 5414 1324 5458; x_wconf 87' lang='lat' dir='ltr'><strong>ab</strong></span> <span class='ocrx_word' id='word_1_615' title='bbox 1339 5423 1366 5458; x_wconf 91' lang='lat' dir='ltr'><strong>se</strong></span> <span class='ocrx_word' id='word_1_616' title='bbox 1377 5413 1442 5458; x_wconf 93' lang='lat' dir='ltr'><strong>illuc</strong></span> <span class='ocrx_word' id='word_1_617' title='bbox 1452 5412 1633 5466; x_wconf 90' lang='lat' dir='ltr'><strong>transmissos,</strong></span> <span class='ocrx_word' id='word_1_618' title='bbox 1646 5421 1742 5468; x_wconf 87' lang='lat' dir='ltr'><strong>magno</strong></span> <span class='ocrx_word' id='word_1_619' title='bbox 1751 5421 1796 5456; x_wconf 86' lang='lat' dir='ltr'><strong>eae</strong></span> <span class='ocrx_word' id='word_1_620' title='bbox 1806 5421 1862 5466; x_wconf 89' lang='lat' dir='ltr'><strong>pre·</strong></span> 
     </span>
     <span class='ocr_line' id='line_1_105' title="bbox 1116 5476 1861 5537; baseline -0.004 -13"><span class='ocrx_word' id='word_1_621' title='bbox 1116 5480 1154 5526; x_wconf 90' lang='lat' dir='ltr'><strong>tio</strong></span> <span class='ocrx_word' id='word_1_622' title='bbox 1168 5481 1343 5534; x_wconf 89' lang='lat' dir='ltr'><strong>redimendas,</strong></span> <span class='ocrx_word' id='word_1_623' title='bbox 1357 5483 1384 5526; x_wconf 90' lang='lat' dir='ltr'><strong>et</strong></span> <span class='ocrx_word' id='word_1_624' title='bbox 1399 5479 1527 5535; x_wconf 74' lang='lat' dir='ltr'><strong>Ticinum,</strong></span> <span class='ocrx_word' id='word_1_625' title='bbox 1542 5490 1609 5537; x_wconf 90' lang='lat' dir='ltr'><strong>quoe</strong></span> <span class='ocrx_word' id='word_1_626' title='bbox 1624 5479 1691 5524; x_wconf 89' lang='lat' dir='ltr'><strong>aliae</strong></span> <span class='ocrx_word' id='word_1_627' title='bbox 1706 5477 1785 5535; x_wconf 86' lang='lat' dir='ltr'><strong>Papia</strong></span> <span class='ocrx_word' id='word_1_628' title='bbox 1800 5476 1861 5522; x_wconf 86' lang='lat' dir='ltr'><strong>diei·</strong></span> 
     </span>
     <span class='ocr_line' id='line_1_106' title="bbox 1116 5543 1863 5603; baseline -0.005 -11"><span class='ocrx_word' id='word_1_629' title='bbox 1116 5549 1169 5601; x_wconf 86' lang='lat' dir='ltr'><strong>tur,</strong></span> <span class='ocrx_word' id='word_1_630' title='bbox 1183 5557 1259 5592; x_wconf 87' lang='lat' dir='ltr'><strong>sacra</strong></span> <span class='ocrx_word' id='word_1_631' title='bbox 1280 5547 1374 5603; x_wconf 79' lang='lat' dir='ltr'><strong>pompa</strong></span> <span class='ocrx_word' id='word_1_632' title='bbox 1395 5546 1592 5592; x_wconf 89' lang='lat' dir='ltr'><strong>transferendas</strong></span> <span class='ocrx_word' id='word_1_633' title='bbox 1612 5545 1729 5590; x_wconf 84' lang='lat' dir='ltr'><strong>curavit:</strong></span> <span class='ocrx_word' id='word_1_634' title='bbox 1744 5543 1790 5589; x_wconf 91' lang='lat' dir='ltr'><strong>ubi</strong></span> <span class='ocrx_word' id='word_1_635' title='bbox 1804 5553 1863 5588; x_wconf 88' lang='lat' dir='ltr'><strong>con·</strong></span> 
     </span>
     <span class='ocr_line' id='line_1_107' title="bbox 1115 5609 1861 5667; baseline -0.007 -9"><span class='ocrx_word' id='word_1_636' title='bbox 1115 5613 1227 5660; x_wconf 84' lang='lat' dir='ltr'><strong>fassione</strong></span> <span class='ocrx_word' id='word_1_637' title='bbox 1241 5613 1314 5660; x_wconf 86' lang='lat' dir='ltr'><strong>aedis</strong></span> <span class='ocrx_word' id='word_1_638' title='bbox 1330 5617 1354 5658; x_wconf 84' lang='lat' dir='ltr'><strong>S.</strong></span> <span class='ocrx_word' id='word_1_639' title='bbox 1367 5613 1439 5658; x_wconf 87' lang='lat' dir='ltr'><strong>Petri</strong></span> <span class='ocrx_word' id='word_1_640' title='bbox 1452 5611 1479 5658; x_wconf 93' lang='lat' dir='ltr'><strong>in</strong></span> <span class='ocrx_word' id='word_1_641' title='bbox 1490 5612 1566 5657; x_wconf 84' lang='lat' dir='ltr'><strong>coelo</strong></span> <span class='ocrx_word' id='word_1_642' title='bbox 1575 5616 1662 5657; x_wconf 83' lang='lat' dir='ltr'><strong>Aureo</strong></span> <span class='ocrx_word' id='word_1_643' title='bbox 1672 5613 1735 5656; x_wconf 86' lang='lat' dir='ltr'><strong>tunc</strong></span> <span class='ocrx_word' id='word_1_644' title='bbox 1744 5609 1861 5667; x_wconf 90' lang='lat' dir='ltr'><strong>primum</strong></span> 
     </span>
    </p>
   </div>
   <div class='ocr_carea' id='block_1_28' title="bbox 1115 5675 1863 5733">
    <p class='ocr_par' dir='ltr' id='par_1_30' title="bbox 1115 5675 1863 5733">
     <span class='ocr_line' id='line_1_108' title="bbox 1115 5675 1863 5733; baseline -0.008 -7"><span class='ocrx_word' id='word_1_645' title='bbox 1115 5681 1211 5726; x_wconf 89' lang='lat' dir='ltr'><strong>adhoc</strong></span> <span class='ocrx_word' id='word_1_646' title='bbox 1230 5689 1313 5724; x_wconf 89' lang='lat' dir='ltr'><strong>unum</strong></span> <span class='ocrx_word' id='word_1_647' title='bbox 1332 5679 1407 5724; x_wconf 90' lang='lat' dir='ltr'><strong>iussu</strong></span> <span class='ocrx_word' id='word_1_648' title='bbox 1429 5677 1500 5733; x_wconf 86' lang='lat' dir='ltr'><strong>regis</strong></span> <span class='ocrx_word' id='word_1_649' title='bbox 1515 5678 1660 5732; x_wconf 77' lang='lat' dir='ltr'><strong>exstructa,</strong></span> <span class='ocrx_word' id='word_1_650' title='bbox 1675 5675 1863 5733; x_wconf 81' lang='lat' dir='ltr'><strong>Augustiniani</strong></span> 
     </span>
    </p>
   </div>
   <div class='ocr_carea' id='block_1_29' title="bbox 314 5877 1856 5999">
    <p class='ocr_par' dir='ltr' id='par_1_31' title="bbox 314 5877 1856 5999">
     <span class='ocr_line' id='line_1_109' title="bbox 356 5877 1856 5934; baseline -0.005 -9"><span class='ocrx_word' id='word_1_651' title='bbox 356 5879 384 5934; x_wconf 80' lang='grc' dir='ltr'><strong>ι’)</strong></span> <span class='ocrx_word' id='word_1_652' title='bbox 401 5881 570 5927; x_wconf 72' lang='lat' dir='ltr'><strong>constitutio.</strong></span> <span class='ocrx_word' id='word_1_653' title='bbox 592 5890 646 5932; x_wconf 79' lang='lat' dir='ltr'><strong>qua</strong></span> <span class='ocrx_word' id='word_1_654' title='bbox 666 5883 877 5924; x_wconf 77' lang='lat' dir='ltr'><strong>cotctroeeratam</strong></span> <span class='ocrx_word' id='word_1_655' title='bbox 898 5882 1061 5932; x_wconf 78' lang='lat' dir='ltr'><strong>decerpere</strong></span> <span class='ocrx_word' id='word_1_656' title='bbox 1115 5883 1200 5926; x_wconf 75' lang='lat' dir='ltr'><strong>tussit,</strong></span> <span class='ocrx_word' id='word_1_657' title='bbox 1222 5881 1293 5923; x_wconf 74' lang='lat' dir='ltr'><strong>edcta</strong></span> <span class='ocrx_word' id='word_1_658' title='bbox 1311 5880 1349 5922; x_wconf 86' lang='lat' dir='ltr'><strong>est</strong></span> <span class='ocrx_word' id='word_1_659' title='bbox 1370 5885 1543 5930; x_wconf 75' lang='lat' dir='ltr'><strong>necemus,</strong></span> <span class='ocrx_word' id='word_1_660' title='bbox 1564 5877 1606 5920; x_wconf 80' lang='lat' dir='ltr'><strong>ale</strong></span> <span class='ocrx_word' id='word_1_661' title='bbox 1625 5885 1701 5920; x_wconf 84' lang='lat' dir='ltr'><strong>xxrn.</strong></span> <span class='ocrx_word' id='word_1_662' title='bbox 1725 5877 1856 5923; x_wconf 75' lang='lat' dir='ltr'><strong>ianuarii,</strong></span> 
     </span>
     <span class='ocr_line' id='line_1_110' title="bbox 314 5947 1260 5999; baseline 0 -9"><span class='ocrx_word' id='word_1_663' title='bbox 314 5949 338 5990; x_wconf 76' lang='lat' dir='ltr'><strong>E.</strong></span> <span class='ocrx_word' id='word_1_664' title='bbox 355 5949 500 5998; x_wconf 73' lang='lat' dir='ltr'><strong>Augustini</strong></span> <span class='ocrx_word' id='word_1_665' title='bbox 514 5949 612 5992; x_wconf 74' lang='lat' dir='ltr'><strong>iudicio</strong></span> <span class='ocrx_word' id='word_1_666' title='bbox 626 5950 769 5999; x_wconf 76' lang='lat' dir='ltr'><strong>episcopati</strong></span> <span class='ocrx_word' id='word_1_667' title='bbox 782 5949 876 5990; x_wconf 69' lang='lat' dir='ltr'><strong>dtnmd</strong></span> <span class='ocrx_word' id='word_1_668' title='bbox 884 5947 926 5990; x_wconf 81' lang='grc' dir='ltr'><strong>ιιι</strong></span> <span class='ocrx_word' id='word_1_669' title='bbox 936 5947 1060 5996; x_wconf 73' lang='lat' dir='ltr'><strong>Ponttsccc</strong></span> <span class='ocrx_word' id='word_1_670' title='bbox 1111 5949 1208 5998; x_wconf 73' lang='lat' dir='ltr'><strong>pontif.</strong></span> <span class='ocrx_word' id='word_1_671' title='bbox 1224 5955 1260 5990; x_wconf 84' lang='grc' dir='ltr'><strong>ιν.</strong></span> 
     </span>
    </p>
   </div>
   <div class='ocr_carea' id='block_1_30' title="bbox 422 6063 1015 6124">
    <p class='ocr_par' dir='ltr' id='par_1_32' title="bbox 422 6063 1015 6124">
     <span class='ocr_line' id='line_1_111' title="bbox 422 6063 1015 6124; baseline -0.002 -14"><span class='ocrx_word' id='word_1_672' title='bbox 422 6065 473 6112; x_wconf 77' lang='lat' dir='ltr'><strong>latr.</strong></span> <span class='ocrx_word' id='word_1_673' title='bbox 491 6065 560 6112; x_wconf 82' lang='grc' dir='ltr'>Ροιιι.</span> <span class='ocrx_word' id='word_1_674' title='bbox 576 6065 607 6111; x_wconf 89' lang='lat' dir='ltr'><strong>de</strong></span> <span class='ocrx_word' id='word_1_675' title='bbox 623 6067 695 6124; x_wconf 85' lang='lat' dir='ltr'><strong>Prop.</strong></span> <span class='ocrx_word' id='word_1_676' title='bbox 712 6063 774 6111; x_wconf 78' lang='lat' dir='ltr'><strong>Fide</strong></span> <span class='ocrx_word' id='word_1_677' title='bbox 789 6065 871 6112; x_wconf 78' lang='lat' dir='ltr'><strong>Partis</strong></span> <span class='ocrx_word' id='word_1_678' title='bbox 885 6067 903 6111; x_wconf 93' lang='lat'><strong>1.</strong></span> <span class='ocrx_word' id='word_1_679' title='bbox 920 6065 972 6112; x_wconf 88' lang='lat' dir='ltr'><strong>voi.</strong></span> <span class='ocrx_word' id='word_1_680' title='bbox 988 6067 1015 6110; x_wconf 93' lang='lat' dir='ltr'><strong>v.</strong></span> 
     </span>
    </p>
   </div>
   <div class='ocr_carea' id='block_1_31' title="bbox 1743 6066 1756 6106">
    <p class='ocr_par' dir='ltr' id='par_1_33' title="bbox 1743 6066 1756 6106">
     <span class='ocr_line' id='line_1_112' title="bbox 1743 6066 1756 6106; baseline 0 0"><span class='ocrx_word' id='word_1_681' title='bbox 1743 6066 1756 6106; x_wconf 82' lang='grc'>9</span> 
     </span>
    </p>
   </div>
   <div class='ocr_carea' id='block_1_32' title="bbox 0 0 2436 6994">
    <p class='ocr_par' dir='ltr' id='par_1_34' title="bbox 0 0 2436 6994">
     <span class='ocr_line' id='line_1_113' title="bbox 0 0 2436 6994; baseline 0 4"><span class='ocrx_word' id='word_1_682' title='bbox 0 0 2436 6994; x_wconf 95' lang='lat' dir='ltr'><strong> </strong></span> 
     </span>
    </p>
   </div>
  </div>
 </body>
</html>
