4788 6980
346 525 399 577 An.
414 527 443 577 (l.
467 526 534 577 1840
583 521 644 586 236

566 658 639 720 dem
662 664 694 720 et
718 659 751 718 in
780 657 886 718 lucem
912 656 1115 735 reliquorum
1144 655 1313 716 hominum

567 751 721 828 prodiret,
734 749 897 826 simulque
914 749 1134 828 fulgidissimis
1147 747 1314 824 Evangelii

567 845 660 906 radiis
675 843 904 906 illustraretur.
929 842 988 904 Ubi
1008 843 1165 919 siquidem
1180 841 1313 904 Romani

566 937 733 1001 Pontifices
750 937 909 998 detectam
922 935 1103 998 hmericam
1118 941 1214 1012 atquo
1228 934 1314 996 illius

567 1031 684 1094 incolas
696 1029 846 1092 sedentes
859 1029 892 1091 in
905 1029 1046 1091 tenebris
1058 1037 1090 1091 et
1100 1029 1214 1092 umbra
1230 1043 1315 1090 mor-

568 1125 607 1186 tis
629 1123 873 1194 intellexerunt,
892 1122 1014 1185 nullam
1037 1123 1099 1202 pati
1121 1139 1244 1186 moram
1261 1139 1315 1201 po-

568 1223 701 1278 tuerunt
722 1217 896 1294 quominus
911 1216 1103 1278 vastissimas
1125 1215 1249 1278 inventi
1265 1231 1314 1277 or·

566 1311 613 1372 bis
635 1311 785 1388 regiones
811 1310 843 1371 in
872 1308 1063 1389 apostolicae
1091 1309 1314 1371 sollicitudinis

567 1411 690 1482 partem
723 1404 952 1475 adsciscerent,
983 1409 1015 1464 et
1042 1417 1104 1480 qua
1131 1401 1229 1464 verbi
1257 1401 1314 1464 Dei

567 1499 778 1578 praeconibus
790 1499 868 1560 illuc
882 1498 1031 1570 dimissis,
1046 1513 1107 1574 qua
1122 1496 1212 1558 novis
1228 1496 1313 1558 dioe-

567 1593 692 1654 cesibus
713 1593 877 1664 institutis,
894 1591 983 1654 omni
997 1591 1137 1668 denique
1151 1589 1310 1662 solertiae,

569 1680 692 1765 11111111
713 1692 808 1762 atque
830 1683 1008 1748 industriae
1030 1700 1151 1762 genere
1177 1684 1312 1746 miseros

569 1780 639 1842 illos
652 1780 800 1842 homines
815 1778 1012 1842 densissimis
1025 1793 1175 1840 errorum
1188 1777 1313 1839 nebulis

569 1874 739 1936 obvolutos
751 1874 788 1936 ad
802 1874 972 1936 terendum
986 1873 1095 1935 salutis
1106 1873 1169 1934 iter
1180 1871 1313 1933 adduce-

568 1975 652 2030 rent.
671 1968 730 2030 llas
746 1959 1313 2043 1111111111111111111111111111

571 2063 725 2124 territorii
747 2061 894 2122 vastitate
909 2067 1004 2138 atque
1019 2059 1170 2136 indigena
1192 2059 1314 2121 divitia-

569 2173 642 2218 rum
665 2155 753 2234 copia
775 2154 947 2218 maximam
975 2153 1136 2216 Chilensis
1158 2151 1236 2214 ditio
1259 2168 1313 2214 no-

570 2251 665 2312 minis
687 2248 907 2312 celebritatem
922 2248 1042 2325 ubiquc
1058 2253 1219 2308 terrarum
1241 2245 1313 2307 sibi-

570 2343 696 2422 metipsi
712 2341 916 2420 comparavit:
934 2357 998 2402 non
1014 2341 1110 2402 modo
1126 2340 1212 2401 enim
1231 2345 1314 2402 octo-

569 2437 656 2513 ginta
678 2435 881 2514 hrchipelagi
903 2435 1031 2506 insulas,
1059 2435 1116 2496 sed
1143 2433 1313 2495 tresdecim

569 2530 702 2606 insuper
724 2527 903 2605 provincias
925 2527 1124 2606 amplissimo
1149 2542 1224 2587 sane
1249 2542 1314 2587 am·

570 2622 637 2684 bitu
660 2620 831 2684 concludit.
856 2619 901 2682 lbi
922 2635 1001 2682 vero
1023 2619 1193 2698 quinquies
1210 2619 1313 2682 terme

569 2715 772 2778 diversantur
788 2713 956 2775 hominnm
972 2719 1106 2774 centena
1118 2711 1228 2784 millia,
1246 2713 1314 2791 plu-

569 2823 686 2886 resque
715 2806 890 2870 Gentilium
919 2805 1034 2879 tribus,
1058 2805 1114 2884 qui
1142 2807 1258 2884 passim
1281 2807 1314 2868 in

567 2903 677 2982 sylvis,
702 2900 815 2964 insulis
838 2917 872 2962 11
893 2899 1056 2962 montibus
1079 2899 1239 2962 altissimis
1261 2900 1314 2962 de-

570 3003 660 3074 gunt.
684 2993 834 3070 Quamvis
856 2999 964 3055 autem
982 2993 1164 3054 istiusmodi
1186 2993 1314 3055 territo-

569 3091 654 3152 rium
667 3097 731 3152 tam
746 3089 844 3166 longe
855 3088 984 3164 lateque
996 3087 1216 3165 protendatur,
1234 3088 1314 3150 duae

570 3183 779 3245 nihilominus
801 3180 998 3244 cathedrales
1022 3180 1172 3242 ecclesiae
1186 3180 1261 3242 inde
1276 3181 1313 3243 ab

569 3277 737 3354 Evangelii
759 3275 993 3355 praedicatione
1015 3273 1135 3335 ibidem
1150 3273 1313 3336 institutae

569 3371 788 3449 reperiuntur,
812 3369 911 3431 altera
932 3367 1053 3430 scilicet
1074 3383 1154 3444 quae
1177 3385 1194 3428 a
1216 3365 1246 3428 S.
1271 3367 1313 3429 la-

569 3459 1313 3539 cobo,alteraveroquaeaSSritaConceptione

569 3572 766 3638 praenomen
787 3555 893 3627 habet,
911 3569 984 3616 cum
1000 3562 1136 3630 utraque
1152 3559 1313 3632 metropo-

567 3653 654 3714 litico
676 3648 912 3728 hrchiepiscopi
934 3647 1058 3708 Limani
1080 3647 1249 3709 Peruviani
1265 3665 1314 3710 re-

569 3745 673 3825 gionis
701 3745 764 3808 iuri
800 3743 1020 3805 subiiciuntur.
1056 3741 1135 3803 ilinc
1165 3758 1313 3804 summus

567 3841 725 3904 Chilensis
751 3838 880 3900 ditionis
910 3853 1038 3916 praeses
1060 3854 1076 3897 1
1098 3836 1189 3898 nobis
1219 3837 1313 3899 enixe

569 3934 750 4014 postulavit,
775 3939 810 3994 ut
831 3937 1041 3993 memoratam
1060 3931 1171 3992 sedem
1194 3931 1313 4009 episco-

569 4030 674 4109 palem
697 4026 728 4089 S.
752 4025 853 4088 lacobi
883 4025 1063 4086 honoreac
1088 4024 1244 4102 dignitate
1265 4043 1312 4086 ar-

568 4121 808 4204 chiepiscopalis
821 4120 974 4182 ecclesiae
994 4119 1245 4193 cumularemus,
1263 4121 1314 4182 cui

569 4218 722 4283 dioecesis
745 4231 809 4278 non
832 4214 928 4276 modo
945 4212 1060 4276 SSriaae
1076 4212 1310 4293 conceptionis,

568 4316 624 4378 sed
636 4313 715 4376 aliae
727 4325 857 4389 quoque
868 4307 1066 4370 cathedrales
1079 4307 1231 4370 ecclesiae
1243 4308 1313 4372 bre-

569 4409 600 4470 vi
622 4407 741 4470 ibidem
764 4401 937 4480 erigendae
959 4402 1224 4477 suffragarentur,
1249 4418 1313 4480 quo

568 4503 748 4564 animarum
780 4495 875 4558 saluti
908 4512 941 4556 11
969 4493 1114 4556 lldelium
1144 4497 1312 4558 commodo

567 4596 664 4660 satius
686 4590 869 4654 consultum
886 4589 980 4651 loret.
1004 4587 1093 4663 Quod
1115 4605 1189 4650 sane
1212 4591 1313 4652 consi-

569 4691 648 4753 lium
678 4685 874 4750 conveniens
902 4699 966 4745 non
995 4683 1102 4755 modo,
1133 4683 1189 4745 sed
1215 4683 1312 4746 rebus

568 4785 664 4846 sacris
686 4782 747 4844 rite
770 4778 973 4842 moderandis
993 4777 1192 4856 aptissimum
1208 4779 1313 4841 visum

569 4886 627 4943 est.
651 4873 926 4950 Quemadmodum
949 4873 1036 4934 euim
1052 4873 1187 4934 naturali
1203 4873 1263 4935 soli
1278 4873 1313 4936 il-

569 4973 629 5035 lius
652 4967 903 5049 pulchritudine,
925 4967 1051 5028 viarum
1074 4967 1310 5042 commoditate,

568 5063 787 5128 aedificiorum
809 5059 978 5137 elegantia,
992 5059 1111 5121 civium
1134 5059 1258 5122 cultura
1280 5080 1313 5124 ac

569 5157 725 5235 singulari
742 5153 927 5217 commercii
943 5153 1049 5216 studio
1064 5153 1173 5214 civitas
1186 5151 1217 5215 S.
1232 5154 1313 5217 laco-

570 5253 599 5316 bi
616 5250 750 5329 reliquis
767 5247 915 5311 omnibus
931 5246 1060 5309 ditionis
1072 5245 1223 5309 Chilanae
1235 5248 1312 5311 locis

569 5349 665 5424 longe
695 5343 870 5416 antecedit,
899 5343 1088 5418 eisdemque
1117 5342 1310 5417 dominatur,

569 5442 609 5504 ita
631 5454 761 5518 quoque
783 5435 973 5499 cathedralis
996 5434 1108 5514 templi
1124 5436 1310 5514 amplitudo,

569 5535 645 5597 cleri
659 5533 805 5611 dignitas,
820 5529 1016 5609 parochiales
1030 5528 1180 5592 ecclesiae
1192 5529 1311 5592 ibidem

568 5629 746 5700 institutae,
779 5623 847 5704 piae
872 5624 1090 5686 institutiones
1120 5623 1312 5702 pauperibus

569 5717 1312 5802 praesertimaegrotissublevandisreligioso-

568 5833 641 5878 111
674 5815 812 5892 denique
840 5813 987 5875 virorum
1018 5812 1189 5886 coenobiis,
1214 5829 1248 5874 ac
1267 5830 1313 5874 sa-

568 5925 695 5972 crarum
718 5907 889 5984 Virginem
912 5907 1115 5978 monasteria,
1130 5907 1247 5982 quihus
1262 5906 1312 5968 ab·

1083 537 1147 584 tun.
1171 533 1263 582 PONE.
1287 533 1327 578 DE
1348 535 1378 580 P.
1402 533 1432 579 E.
1456 535 1540 580 PARS
1561 538 1583 582 t.

2165 519 2218 570 An.
2233 522 2261 572 C.
2282 525 2337 577 lito

1370 652 1456 715 unde
1468 653 1597 728 ditatur,
1612 669 1682 718 eant
1694 655 1915 732 dignissimam
1929 653 2127 722 ostendunt,

1371 747 1421 808 oui
1437 753 1586 810 exoratus
1602 749 1877 828 archiepiscopalis
1893 748 2051 810 ecclesiae
2069 745 2130 806 ho-

1370 855 1429 901 nos
1451 841 1616 903 habeatur.
1645 841 1678 904 ld
1699 857 1779 904 vero
1801 842 1973 904 christiano
1997 839 2130 920 populo

1371 933 1503 996 omnino
1524 936 1792 1013 percommodum
1814 953 1848 998 11
1869 952 1952 1015 1111
1973 950 2129 998 1111111-

1370 1026 1454 1088 1111
1477 1027 1710 1100 intelleximus,
1729 1045 1780 1102 ne,
1798 1045 1872 1092 curn
1894 1029 1932 1092 ab
1954 1029 2129 1108 Episcopus

1370 1120 1579 1198 suffraganeis
1600 1123 1638 1184 ad
1661 1122 1897 1201 Metropolitam
1921 1123 2129 1201 provocandi

1370 1213 1465 1275 detur
1488 1215 1619 1288 occasio,
1638 1215 1760 1278 Limam
1777 1217 1973 1280 contendere
1995 1217 2130 1279 dissen-

1369 1306 1487 1368 tientes
1509 1315 1665 1385 cogantur
1681 1325 1716 1370 ea
1731 1309 1861 1386 quidem
1884 1309 2009 1372 itineris
2032 1325 2129 1387 aspe-

1370 1399 1474 1472 ritate,
1488 1416 1570 1478 quae
1585 1419 1625 1464 ex
1638 1404 1819 1482 praeruptis
1836 1404 2009 1465 admodum
2027 1403 2127 1474 locis,

1369 1501 1464 1571 atque
1487 1511 1527 1556 11
1555 1495 1732 1560 11111111111
1761 1498 1947 1560 Chilensem
1974 1499 2129 1560 interae

1369 1588 1579 1650 Peruvianam
1602 1591 1798 1669 provinciam
1810 1593 1953 1656 desertis
1976 1608 2130 1654 necessa-

1369 1683 1418 1744 rio
1439 1683 1615 1746 suboritur.

1408 1777 1477 1853 52.
1502 1776 1584 1839 llaec
1609 1779 1732 1858 aliaque
1760 1781 1922 1842 rationum
1952 1787 2129 1842 momenta
2164 1800 2334 1858 11111111-

1368 1887 1444 1932 saue
1457 1871 1644 1948 gravissima
1656 1875 1763 1935 animo
1777 1881 1962 1954 reputantes
1977 1891 2012 1937 ac
2027 1890 2127 1954 prae·
2148 1863 2184 1950 5³,
2199 1857 2334 1956 {Kissmilllgl'

1369 1964 1459 2044 cipue
1492 1967 1625 2042 quadam
1659 1968 1788 2030 caritate
1821 1969 2020 2042 extimulare,
2059 1960 2332 2046 1118111ῑί11011

1368 2059 1488 2124 11111
1511 2063 1620 2125 naeres
1642 2064 1676 2124 tn
1693 2063 1837 2126 111111
1859 2064 1979 2126 cratone
1995 2063 2126 2143 positos
2147 2015 2331 2112 iiiiiifflll'll

1356 2155 1401 2228 Ι11
1424 2155 1560 2217 Domino
1582 2156 1838 2234 complectimur,
1856 2158 1977 2220 cunctis
1992 2163 2127 2220 matura

1369 2249 1601 2311 deliberatione
1614 2251 1791 2328 perpensis,
1806 2251 1962 2329 porrectis
1978 2249 2127 2330 postula-

1370 2342 1511 2404 tionibus
1538 2342 1750 2406 libentissime
1779 2351 1957 2406 annuentes
1983 2350 2016 2406 et
2048 2358 2127 2403 con-

1369 2437 1479 2498 sensui
1501 2453 1615 2499 eornm
1639 2453 1779 2514 qnorum
1796 2437 2035 2508 lorteintersit‚
2055 2452 2127 2498 oae-

1370 2531 1512 2607 terisque
1525 2530 1693 2592 contrariis
1706 2531 1973 2608 quibuscumque,
1988 2531 2127 2609 speciali

1370 2640 1499 2702 quoque
1522 2625 1687 2686 mentione
1710 2624 1826 2702 dignis,
1851 2625 2059 2702 derogantes,
2086 2625 2126 2685 ad

1371 2718 1506 2796 gloriam
1528 2718 1584 2780 Dei
1607 2725 1639 2780 et
1660 2717 1730 2780 lesu
1747 2717 1865 2780 Christi
1887 2718 1944 2780 lilii
1966 2718 2038 2780 eius
2057 2716 2127 2779 Sal-

1370 2813 1489 2873 vatoris
1520 2812 1634 2884 nostri,
1666 2812 1756 2874 cuius
1785 2811 1871 2873 vices
1901 2811 1976 2874 licet
2003 2812 2127 2873 111111-

1370 2912 1478 2967 rentes
1501 2906 1534 2966 11
1557 2907 1652 2967 terris
1676 2905 1830 2983 gerimus,
1850 2911 1882 2966 11
1897 2906 1934 2966 ad
1949 2903 2126 2966 militantis

1352 2998 1522 3060 'ecclesiae
1544 2999 1783 3071 exaltationem,
1802 3015 1842 3060 ex
1865 3005 1951 3060 certa
1971 2999 2123 3070 scientia,

1370 3098 1461 3154 motu
1483 3092 1623 3170 proprio,
1647 3099 1680 3152 et
1701 3093 1740 3154 de
1761 3092 1931 3170 apostolica
1953 3093 2125 3170 potestatis

1370 3185 1571 3264 plenitudine
1586 3185 1752 3248 ecclesiam
1773 3184 1878 3247 Sancti
1900 3185 2001 3247 lacohi
2021 3191 2125 3262 atque

1369 3280 1503 3341 alteram
1533 3277 1649 3341 Sbeae
1678 3279 1903 3358 conceptionis
1936 3280 1975 3340 de
2004 3279 2121 3351 Chile,

1370 3389 1451 3450 quae
1479 3389 1565 3434 nunc
1592 3371 1851 3450 archiepiscopali
1880 3373 2041 3435 Ecclesiae
2072 3373 2123 3434 Li-

1370 3481 1481 3527 manae
1514 3464 1750 3542 metropolitico
1781 3465 1851 3526 iure
1881 3465 2120 3540 subiiciuntur,

1370 3563 1527 3636 perpetuo
1554 3557 1772 3619 subtrahimus
1802 3563 1897 3635 atque
1924 3560 2118 3631 eximimus,

1371 3667 1487 3728 easque
1509 3669 1525 3712 a
1547 3650 1782 3728 metropolitica
1810 3651 2030 3715 iurisdictione
2063 3655 2121 3716 Ec-

1369 3746 1484 3807 clesiae
1506 3745 1655 3807 Limanae
1677 3745 1710 3806 in
1726 3744 1902 3807 Peruviana
1922 3747 2045 3826 ditione
2065 3765 2120 3828 po-

1369 3840 1458 3910 sitae,
1482 3855 1605 3917 suoque
1620 3840 1653 3900 11
1669 3839 1904 3918 presentiarum
1920 3841 2046 3903 viduata
2065 3843 2119 3904 Pa-

1368 3935 1656 4008 store‚subtractas
1678 3934 1810 4000 omnino
1833 3941 1928 4011 atque
1949 3943 2117 4016 exemptas

1369 4029 1555 4092 volumus·

1409 4121 1478 4197 §a
1502 4111 1655 4182 Eamdern
1686 4119 1858 4182 Ecclesiam
1886 4118 1989 4182 Sancti
2013 4119 2117 4182 lacobi
2163 4138 2311 4200 1111111.

1369 4217 1413 4278 sic
1435 4221 1618 4293 exemptam
1635 4214 1974 4294 1111111111111111
1994 4215 2117 4277 111111-
2136 4190 2315 4302 fiissssoffflfifli]

1370 4309 1563 4388 piscopalem
1585 4315 1618 4370 11
1640 4309 1919 4387 metropolitanam
1949 4308 2117 4372 ecclesiam
2136 4299 2180 4356 go.

1369 4409 1464 4480 atque
1486 4404 1519 4464 in
1543 4419 1578 4464 ea
1599 4401 1874 4481 archiepiscopalis
1900 4409 1932 4465 et
1953 4409 2117 4487 metropo-

1368 4497 1458 4558 litani
1481 4496 1636 4576 praesulis
1660 4495 1765 4559 Sancti
1787 4496 1888 4559 lacobi
1907 4498 1946 4559 de
1961 4497 2053 4560 Chile
2068 4514 2117 4560 se-

1370 4590 1443 4652 dem
1460 4597 1492 4652 et
1507 4590 1689 4669 provinciae
1704 4596 1798 4669 caput
1809 4607 1867 4669 pro
1886 4606 1951 4653 uno
1964 4592 2116 4671 deinceps

1369 4683 1621 4768 1111111111111Ι
1641 4683 1745 4747 Sancti
1767 4683 1879 4756 lacobi,
1903 4685 1958 4762 qui
1981 4686 2065 4763 pallii
2084 4693 2117 4748 et

1369 4779 1471 4842 crucis
1483 4795 1576 4841 usum
1592 4795 1629 4840 ox
1643 4776 1779 4840 aliorum
1792 4778 2114 4857 Archiepiscoporum

1369 4889 1460 4936 more
1489 4873 1603 4934 habeat
1630 4888 1703 4934 cum
1733 4872 1798 4933 suis
1820 4872 1967 4950 capitulo,
1993 4873 2112 4950 sigillo,

1369 4985 1448 5040 arca,
1474 4983 1583 5028 mensa
1602 4965 1873 5044 archiepiscopali,
1899 4967 2115 5045 omnibusque

1369 5060 1690 5139 archiepiscopalibus
1722 5060 1883 5137 insigniis,
1916 5060 2112 5138 privilegiis,

1369 5154 1560 5226 honoribus,
1585 5153 1727 5226 iuribus,
1751 5153 1867 5232 quibus
1894 5153 1973 5215 aliae
1995 5160 2114 5216 metro-

1370 5247 1526 5326 politanae
1541 5247 1701 5311 Ecclesiae
1716 5247 1881 5309 hmericae
1896 5247 2114 5310 meridionalis

1369 5357 1546 5420 earumque
1565 5341 1740 5414 antistites,
1758 5357 1822 5402 non
1841 5346 1948 5402 tamen
1968 5341 2060 5404 titulo
2083 5359 2115 5403 o-

1369 5451 1498 5510 neroso,
1516 5435 1568 5497 vel
1591 5451 1630 5497 ex
1645 5435 1771 5498 indulto
1791 5440 1845 5496 aut
1859 5435 2030 5514 privilegio
2046 5450 2113 5512 par-

1368 5528 1505 5602 ticulari,
1522 5533 1659 5589 utuntur
1682 5533 1714 5588 et
1730 5527 1880 5604 gaudent,
1900 5527 2056 5604 erigimus
2071 5533 2114 5588 at-

1369 5638 1432 5700 que
1454 5621 1663 5693 instituimus,
1685 5637 1719 5682 ac
1740 5620 1873 5682 insimul
1894 5619 2113 5683 venerabilem

1369 5717 1502 5778 fratrem
1535 5714 1746 5778 Emanuelem
1779 5714 1887 5776 Siuma
1919 5714 2112 5777 hodiernum

1370 5809 1475 5874 Sancti
1490 5809 1592 5872 lacobi
1608 5811 1646 5870 de
1662 5809 1754 5871 Chile
1769 5809 1953 5871 1111111111
1969 5801 2110 5882 nomine,

1369 5904 1462 5967 titulo
1475 5911 1507 5967 11
1518 5903 1739 5966 iurisdictione
1751 5902 1989 5981 hrchiepiseopi
2002 5908 2033 5965 et
2049 5919 2112 5964 nte·
