4822 6986
567 497 625 560 372
1068 512 1133 558 run.
1158 511 1249 557 nour.
1273 512 1313 558 nc
1336 513 1365 556 r.
1390 512 1419 556 r.
1444 511 1527 556 rans
1548 513 1569 556 1.

548 634 644 696 huius
666 633 870 713 prospectus)
892 633 1008 710 quibus
1030 632 1085 693 uhi
1107 632 1149 692 ita
1176 631 1295 709 scripto

548 728 765 807 responderit,
790 733 826 788 ut
847 727 1032 804 Episcopus,
1057 731 1110 787 :aut
1138 725 1219 788 alter
1240 724 1295 802 qui

549 839 584 884 ea
606 822 650 883 illi
674 821 812 892 tradidit,
830 821 1006 899 prudenter
1029 820 1168 882 iudicare
1185 820 1294 898 possit,

548 915 652 994 ipsum
668 916 705 978 ad
717 915 852 992 collegii
868 915 966 976 finem
979 916 1215 992 assequendum
1230 915 1296 976 ido·

549 1027 643 1071 neum
676 1025 763 1081 esse,
788 1015 864 1071 tunc
885 1009 911 1070 is
939 1025 996 1088 per
1024 1010 1133 1072 literas
1161 1007 1296 1089 (quihus

549 1119 700 1181 responsa
721 1103 758 1164 ad
781 1103 922 1178 quaesita
937 1119 999 1164 una
1014 1120 1087 1166 curu
1109 1103 1297 1180 opportunis

550 1196 669 1258 notitiis
686 1203 783 1258 erunt
801 1195 1010 1276 adnectenda)
1026 1203 1204 1259 memorato
1220 1196 1297 1258 emi-

549 1289 738 1352 nentissimo
760 1290 915 1353 Cardinali
935 1289 1030 1353 Sacro
1052 1290 1193 1353 Consilio
1216 1290 1298 1351 chri-

548 1385 649 1446 stiano
673 1385 795 1447 nomini
818 1386 1022 1462 propagando
1041 1384 1205 1448 Praefecto
1229 1401 1298 1462 pro-

549 1485 699 1555 ponetur.
716 1478 849 1541 Romam
872 1493 950 1539 vero
966 1478 1149 1540 candidatus
1165 1478 1298 1540 minime

550 1577 647 1649 petet,
671 1571 731 1632 nisi
754 1579 959 1649 posteaquam
981 1571 1019 1633 ab
1042 1571 1298 1634 eminentissimo

550 1666 713 1728 Praefecto
735 1665 902 1744 epistolam
925 1665 1091 1744 acceperit,
1116 1679 1176 1742 qua
1195 1683 1229 1726 se
1252 1666 1298 1727 in-

552 1765 599 1820 ter
627 1759 754 1835 collegii
783 1758 929 1832 alumnos
958 1757 1198 1820 adsciscendum
1229 1777 1298 1822 csse

550 1852 818 1932 dep1·ehenderit;
842 1853 975 1929 quodsi
1002 1853 1083 1928 quis,
1108 1858 1143 1914 ut
1165 1853 1300 1929 contigit

550 1945 731 2023 aliquando,
754 1945 871 2007 litteris
893 1945 956 2007 illis
978 1962 1043 2008 non
1066 1946 1218 2023 exceptis
1240 1946 1299 2008 Ro-

551 2057 635 2101 mam
657 2039 795 2110 veniret,
819 2039 971 2101 continuo
994 2039 1027 2100 in
1050 2039 1182 2117 patriam
1209 2057 1297 2102 suam

550 2133 671 2194 revorti
689 2133 956 2210 adstringeretur.
981 2133 1021 2195 ltt
1035 2134 1089 2195 ubi
1105 2134 1297 2197 adolescenti

549 2225 763 2303 significatum
792 2241 944 2305 expresse
973 2225 1024 2298 sit,
1052 2233 1089 2287 ut
1116 2226 1298 2304 Collegium

550 2321 757 2395 ingressurus
779 2319 812 2379 in
834 2318 948 2380 urbem
971 2335 1006 2380 se
1028 2319 1180 2392 conferat,
1205 2321 1231 2381 is
1252 2339 1299 2384 se-

536 2415 623 2475 cum
640 2413 821 2474 testimonia
836 2412 875 2474 de
890 2412 1014 2484 studiis,
1032 2413 1148 2490 quihus
1169 2431 1298 2494 operam

550 2507 688 2578 rtavavit,
712 2507 750 2568 de
773 2505 969 2585 baptismatis
992 2513 1024 2568 et
1048 2509 1299 2572 confirmationis

549 2601 756 2662 sacramentis
783 2600 843 2662 sibi
865 2600 986 2663 collatis
1009 2617 1042 2662 ac
1065 2603 1103 2662 de
1133 2604 1300 2666 ordinibus

551 2695 684 2756 fortasse
712 2695 867 2772 susceptis
899 2694 1032 2756 Romam
1067 2697 1297 2774 proficiscetur.

551 2788 662 2850 Statim
684 2802 764 2851 cero
780 2805 813 2850 ac
829 2789 860 2850 in
883 2791 999 2850 urbem
1024 2791 1219 2868 pervenerit,
1237 2793 1300 2854 col·

551 2883 673 2958 legium
702 2881 814 2954 adibit,
838 2881 1012 2960 literasque
1034 2884 1137 2957 illius,
1162 2901 1226 2962 quo
1248 2903 1300 2948 cu-

551 2983 641 3038 rante
654 2977 686 3037 in
702 2976 869 3037 alumnum
886 2977 1027 3038 adlectus
1044 2984 1103 3050 est,
1118 2979 1296 3042 exhibebit:

552 3070 637 3148 quod
660 3070 686 3130 si
704 3069 824 3146 absque
839 3070 983 3146 legitima
998 3087 1099 3144 causa,
1117 3073 1170 3135 rel
1187 3074 1301 3152 paulis-

552 3180 620 3242 per,
639 3170 821 3225 moraretur
843 3171 932 3226 extra
954 3165 1140 3242 collegium,
1160 3167 1187 3228 is
1210 3167 1242 3229 iu
1265 3169 1301 3230 il-

552 3258 605 3320 lud
630 3273 794 3335 nunquam
817 3259 849 3320 in
872 3266 1038 3336 posterum
1062 3261 1298 3324 admitteretur.

278 3381 281 3390 ⁴
334 3371 533 3427 ursctpnuaott-
592 3351 710 3437 Orrtttes
739 3367 836 3430 porro
866 3353 992 3430 collegii
1021 3353 1143 3415 alumni
1172 3355 1209 3416 iis
1232 3357 1300 3433 qui-

321 3423 388 3480 legii.

553 3447 611 3508 bus
640 3445 852 3508 subiicientur
885 3448 1089 3526 praepositis
1120 3449 1238 3510 dociles
1268 3450 1300 3512 in

552 3540 701 3602 omnibus
724 3540 1008 3618 obtempe1·abunt;
1033 3542 1141 3614 rebuS,
1160 3559 1237 3620 quas
1253 3561 1300 3606 se-

551 3651 624 3696 cum
652 3633 849 3706 detulerunt,
874 3634 1001 3695 nonnisi
1024 3635 1062 3697 de
1085 3653 1199 3698 eorum
1227 3655 1300 3700 con-

551 3745 646 3789 sensu
668 3727 715 3789 uti
736 3733 905 3805 poterunt;
930 3743 988 3789 nec
1011 3727 1211 3792 obedientiae
1233 3737 1300 3793 tan-

552 3821 718 3883 tummodo
732 3820 867 3882 studiosi
887 3827 984 3882 erunt
996 3823 1229 3896 observatores,
1244 3827 1299 3888 sed

551 3915 687 3976 solerter
711 3931 745 3974 ac
772 3913 912 3976 studiose
938 3913 1022 3976 inid
1053 3915 1148 3978 etiam
1176 3917 1299 3980 incum-

551 4008 638 4080 bcnt,
663 4015 699 4069 ut
724 4009 882 4070 virtutum
910 4007 1054 4070 omnium
1086 4010 1211 4073 habitus
1240 4011 1299 4074 sibi

552 4107 749 4180 comparent.
773 4101 831 4175 Qui
861 4102 947 4163 enim
975 4102 1092 4164 idcirco
1114 4105 1297 4182 eliguntur,

551 4201 587 4256 ut
611 4199 698 4264 aaut,
722 4199 751 4255 et
771 4194 917 4274 fractam
948 4195 1100 4275 offerant,
1121 4203 1158 4257 ct
1177 4199 1227 4260 sol
1240 4205 1299 4260 ter-

551 4305 609 4355 rce
640 4288 742 4350 futuri
770 4289 834 4350 sint
866 4295 960 4366 atquc
988 4289 1102 4351 natandi
1130 4291 1210 4360 luc,
1245 4293 1299 4354 ho-

554 4383 655 4444 mines
680 4383 717 4444 ad
747 4382 872 4444 divinae
902 4383 1069 4460 religionis
1095 4385 1218 4446 cultum
1241 4401 1300 4447 nec

552 4477 709 4539 adducere
725 4491 866 4553 unquam
882 4483 1045 4554 poterunt,
1064 4495 1123 4540 nec
1135 4493 1297 4552 revocare,

552 4571 613 4632 nisi
635 4570 787 4648 primum,
812 4585 906 4646 quam
923 4571 1049 4649 populis
1062 4573 1298 4649 praedicabunt,

553 4681 622 4726 eam
645 4664 704 4742 ipsi
733 4664 817 4725 vitae
843 4665 1061 4742 praeseferant
1088 4667 1298 4730 sanctitatem.

553 4751 612 4820 Ubi
635 4771 714 4819 vero
736 4757 885 4819 alumnus
914 4759 1228 4836 decimumquartum
1251 4778 1301 4824 ae-

552 4851 624 4913 tatis
645 4867 721 4912 suae
742 4865 860 4912 annum
884 4852 1065 4928 expleverit
1079 4871 1113 4915 ac
1126 4855 1300 4932 septimum

553 4945 591 5006 ab
613 4943 805 5006 admissione
820 4961 965 5006 mensem
981 4946 1132 5023 attigerit,
1151 4949 1301 5025 praescri·

553 5045 644 5117 ptum
660 5039 700 5100 de
715 5053 805 5100 more
820 5038 1038 5101 iuramentum
1062 5042 1197 5113 emittet,
1215 5043 1301 5118 quod

554 5133 765 5196 nihilominus
786 5133 877 5193 iustis
891 5133 929 5194 de
945 5134 1046 5194 causis
1068 5135 1100 5195 in
1122 5135 1301 5198 aliudtem-

553 5245 611 5307 pus
633 5227 763 5290 differre
785 5225 921 5304 Collegii
943 5227 1200 5291 moderatoribus
1220 5229 1301 5292 inte-

1351 637 1494 692 accurale
1523 638 1617 708 atque
1646 631 1875 694 iuviolabiliter
1899 639 2043 702 servent,
2069 639 2105 694 ut

1352 741 1496 800 congruo
1514 723 1658 804 tompore
1673 725 1769 786 sacris
1785 725 1951 786 ordinibus
1973 725 2104 788 initien-

1354 825 1415 891 tur,
1433 818 1515 880 utin
1539 818 1794 890 ecclesiasticam,
1811 820 1898 880 unde
1914 819 2102 890 discessere,

1352 913 1549 992 provinciam
1582 913 1618 974 ad
1647 913 1854 991 apostolicum
1885 914 2104 976 ministerium

1352 1008 1442 1068 inea
1465 1013 1621 1085 perpetuo
1644 1008 1859 1069 exercendum
1883 1015 2104 1082 revertantur,

1353 1107 1388 1161 ut
1403 1101 1546 1172 demunt,
1564 1115 1637 1161 cum
1654 1100 1685 1161 in
1709 1117 1777 1161 cam
1801 1101 1967 1172 redierint,
1987 1102 2105 1164 saltem

1353 1194 1534 1272 quotannis,
1549 1194 1574 1254 si
1591 1195 1622 1254 in
1639 1193 1776 1271 Europa,
1794 1200 1848 1256 aut
1862 1195 1998 1272 singulis
2016 1197 2106 1258 bien-

1353 1289 1424 1362 niis,
1439 1290 1466 1350 si
1482 1294 1571 1350 extra
1586 1287 1673 1350 illam
1687 1289 1912 1360 versabuntur,
1930 1305 2003 1350 cum
2020 1289 2053 1351 S.
2068 1291 2104 1352 G.

1354 1384 1392 1444 de
1411 1383 1616 1461 Propaganda
1632 1382 1706 1444 Fide
1726 1383 1878 1444 derebus
1900 1383 1937 1444 ad
1957 1401 1991 1445 se
2007 1391 2106 1461 atque

1353 1478 1389 1539 ad
1408 1477 1587 1538 llissiouem
1601 1493 1691 1538 suam
1707 1477 1944 1554 pertinentibus
1959 1494 2107 1540 commu-

1355 1571 1461 1634 nicare
1475 1577 1657 1632 teneantur.
1672 1569 1924 1644 Quidamtamen
1941 1587 1980 1632 en
2003 1571 2107 1633 alum-

1353 1666 1413 1738 nis,
1429 1665 1503 1726 satis
1527 1665 1659 1744 probato
1674 1665 1820 1736 consilio,
1839 1681 2041 1742 nequaquam
2059 1666 2107 1728 iu-

1354 1767 1426 1820 rant
1445 1775 1479 1820 se
1502 1759 1534 1820 in
1558 1774 1627 1819 earn
1647 1757 1787 1836 praecise
1810 1759 1978 1836 regionem
2002 1776 2020 1820 e
2044 1775 2107 1836 qua

1354 1855 1566 1924 advenerunt,
1591 1867 1793 1924 reversuros,
1813 1853 1869 1914 sed
1891 1869 1960 1914 eam
1984 1854 2108 1914 solum-

1355 1947 1450 2019 modo
1462 1953 1668 2024 suscepturos
1680 1963 1748 2008 esse
1762 1945 1944 2008 llissionern
1957 1948 1994 2010 ad
2007 1964 2107 2024 quam

1354 2059 1369 2100 a
1393 2039 1424 2101 S.
1446 2039 1480 2102 G.
1505 2037 1761 2101 destinabuntur.

1394 2133 1439 2195 hd
1462 2133 1644 2194 studiorum
1667 2147 1745 2194 vero
1769 2133 1925 2196 rationem
1954 2137 2039 2211 (quod
2064 2143 2108 2199 at·
2153 2147 2291 2194 latiosuo

1356 2227 1445 2300 tinet,
1464 2227 1518 2288 ubi
1533 2226 1587 2288 illa
1603 2227 1640 2288 ah
1663 2227 1799 2288 alumnis
1819 2227 1913 2290 latina
1935 2228 2045 2306 lingua
2061 2249 2108 2293 sa·
2127 2209 2188 2242 rum.

1354 2322 1394 2383 tis
1416 2320 1581 2382 instructis
1603 2320 1764 2386 ineantur.
1788 2337 1844 2382 ser
1870 2337 2030 2384 annorum
2054 2340 2108 2402 pe-

1354 2415 1445 2476 riodo
1467 2414 1689 2476 absolvuntur.
1714 2413 1783 2474 fluo
1799 2414 1923 2492 priores
1946 2417 2019 2478 anni
2039 2419 2107 2495 phi-

1354 2508 1525 2588 losophicis
1548 2507 1723 2584 disciplinis
1752 2508 1951 2581 excolendis
1983 2510 2107 2588 logicae

1354 2603 1519 2673 videlicet,
1545 2600 1796 2678 metaphysicae,
1821 2601 1958 2674 ethicae,
1984 2606 2108 2666 mathe-

1354 2713 1426 2758 seos
1448 2713 1482 2756 ac
1503 2695 1663 2773 physicae,
1687 2693 1939 2772 impenduntur;
1967 2704 2108 2774 quatuor

1357 2807 1434 2851 vero
1446 2791 1652 2866 insequentes
1666 2787 1847 2865 theologiae
1863 2789 2062 2866 dogmaticae
2074 2809 2109 2854 ac

1355 2883 1480 2954 morali,
1506 2889 1572 2944 tum
1597 2881 1779 2960 Scripturas
1803 2880 1925 2954 Sacrae,
1954 2883 2109 2946 historiae

1355 2977 1584 3040 ecclesiasticae
1606 2993 1640 3038 ac
1662 2977 1723 3038 luri
1740 2977 1892 3039 canonico
1907 2978 2108 3042 addiscendis

1356 3070 1599 3150 impenduntur.
1627 3069 1759 3130 Interim
1786 3083 1876 3142 vero,
1902 3086 1960 3148 pro
1983 3072 2108 3133 missio-

1356 3181 1445 3237 num,
1470 3165 1505 3226 ud
1530 3180 1607 3241 quas
1630 3163 1752 3226 alumni
1773 3164 2030 3242 proficiscuntur,
2056 3182 2108 3228 va·

1356 3259 1479 3330 rietate,
1503 3258 1722 3320 severioribus
1744 3257 1782 3318 iis
1804 3257 1978 3336 disciplinis
2001 3260 2108 3322 diver-

1355 3369 1463 3414 sarum
1486 3352 1671 3428 linguarum
1691 3368 1724 3411 uc
1742 3351 1930 3429 praesertim
1952 3353 2105 3430 syriacae,

1356 3463 1505 3524 graecae,
1540 3461 1707 3518 ormenae,
1742 3445 1883 3506 arabicae
1913 3463 1946 3507 ac
1968 3446 2108 3510 sinensis

1355 3541 1496 3602 studium
1527 3539 1728 3616 adiungitur,
1753 3545 1848 3615 atque
1869 3539 2003 3611 interea,
2028 3542 2106 3602 dum

1356 3637 1432 3698 haec
1455 3635 1658 3706 excoluntur,
1679 3633 1863 3712 gregoriani
1886 3639 1996 3696 cautus
2014 3640 2046 3694 et
2061 3651 2107 3695 sa-

1355 3745 1426 3792 crae
1447 3728 1651 3806 eloquentiae
1666 3728 1808 3789 studium
1825 3744 1889 3788 non
1905 3728 2108 3805 praetermit-

1355 3824 1443 3885 titur.
1458 3823 1622 3894 Ccterum
1637 3838 1678 3883 ne
1693 3821 1909 3884 adolescentes
1923 3821 2106 3884 studiorum

1354 3915 1536 3977 assiduitate
1565 3915 1660 3976 nimis
1689 3915 1922 3992 defatigantur,
1949 3916 2050 3976 semel
2073 3916 2106 3978 in

1355 4010 1553 4072 hebdomada
1574 4010 1611 4070 ad
1634 4009 1757 4070 animos
1780 4009 1971 4070 recreandos
1993 4009 2025 4070 in
2047 4011 2107 4071 vil·

1354 4103 1417 4165 lam
1440 4109 1582 4182 pergunt
1606 4101 1834 4174 suburbanam,
1859 4103 1892 4163 in
1915 4103 2107 4165 autumnali-

1355 4197 1413 4260 bus
1435 4213 1514 4258 vero
1538 4195 1625 4258 feriis
1647 4195 1908 4257 ad'lusculanam
1931 4196 2040 4258 villam
2057 4202 2107 4258 ae-

1354 4291 1397 4352 ris
1426 4289 1612 4352 salubritate
1640 4289 1840 4367 praecipuam
1863 4306 1897 4351 se
1921 4289 2104 4363 conferunt,

1355 4391 1391 4446 ut
1406 4384 1491 4444 viros
1508 4384 1606 4445 totius
1628 4383 1701 4444 anni
1724 4382 1887 4444 laboribus
1910 4383 2021 4446 fractas
2038 4385 2107 4447 lon-

1356 4479 1437 4556 giori
1450 4477 1592 4556 corporis
1604 4484 1699 4554 atque
1711 4476 1808 4536 animi
1820 4477 1933 4538 solatio
1949 4479 2104 4540 reficiant.

1356 4571 1549 4634 Scholastica
1578 4577 1684 4632 autem
1714 4585 1797 4630 anno
1818 4569 1854 4632 ad
1885 4570 2008 4631 exitum
2035 4589 2106 4649 per-

1355 4667 1466 4736 ducto,
1491 4664 1635 4744 publicae
1663 4663 1827 4725 interdum
1850 4663 1889 4725 de
1919 4665 2106 4726 memoratis

1355 4759 1504 4836 superius
1527 4757 1701 4835 disciplinis
1729 4757 1959 4835 disputationes
1988 4757 2106 4820 haben-

1357 4860 1531 4930 fumatque
1554 4851 1749 4914 academicae
1772 4851 2018 4912 exercitationes
2040 4859 2106 4914 stu-

1356 4948 1549 5024 diorumque
1564 4945 1761 5006 curriculum
1779 4944 1915 5006 solemni
1931 4961 2104 5008 aureorum

1356 5047 1651 5118 argenteorumque
1665 5039 1895 5102 numismatum
1908 5039 2106 5102 distributio-

1356 5153 1396 5198 ne
1419 5141 1601 5206 coronatur,
1619 5141 1655 5194 ut
1670 5133 1792 5196 scilicet
1813 5149 1926 5194 eorum
1942 5135 2047 5196 virtus
2062 5141 2105 5196 at-

1356 5245 1419 5306 quc
1441 5228 1595 5290 industria
1618 5227 1671 5304 qui
1703 5227 1819 5304 pietate
1841 5245 1874 5288 uc
1896 5227 2026 5290 scientia
2048 5243 2105 5306 per

553 5337 649 5399 grum
672 5321 744 5382 erit.
767 5319 870 5382 Nemo
885 5327 992 5382 tamen
1007 5321 1044 5382 ad
1059 5322 1163 5383 ullum
1186 5323 1301 5403 (mino-
1356 5339 1475 5386 annum
1499 5322 1613 5384 ceteris
1636 5322 1875 5400 praestiterunt,
1899 5321 2019 5398 insigni
2040 5323 2104 5384 lau-

552 5431 622 5477 rem
654 5413 746 5492 licet)
775 5415 921 5478 ordinem
954 5417 1138 5493 promoveri
1171 5418 1299 5494 poterit,
1327 5378 1331 5493 f
1356 5415 2105 5495 dationepromeritisquemuneribuscohone-

553 5509 612 5570 nisi
636 5509 723 5587 prius
738 5509 799 5570 hoc
819 5509 1037 5570 iuramentum
1060 5511 1254 5588 praestiterit
1269 5531 1302 5575 ac
1328 5502 1330 5569 l
1356 5518 1493 5573 stentur.
1520 5509 1662 5587 Singulis
1685 5515 1849 5587 praeterea
1875 5509 1977 5581 aunis,
2001 5513 2104 5588 primo

553 5602 754 5664 luculentum
792 5602 915 5680 pietatis
948 5603 1187 5680 industriaeque
1226 5604 1330 5667 suae*

552 5697 716 5775 specimen
729 5696 922 5775 praebuerit.
947 5694 994 5758 dd
1017 5697 1094 5758 haec
1115 5704 1221 5759 autem
1238 5700 1302 5760 ius-

553 5791 725 5852 iurandum
747 5790 825 5852 illud
839 5790 1010 5867 adstringit
1031 5791 1188 5864 alumnos,
1206 5798 1242 5854 ut
1256 5793 1302 5854 ni-

553 5883 672 5946 mirum
703 5883 810 5945 omnia
830 5899 864 5946 ac
886 5883 1012 5960 singula
1037 5883 1165 5962 collegii
1186 5892 1302 5948 statuta

1356 5613 1428 5684 post
1448 5606 1654 5684 Epiphaniam
1672 5604 1831 5666 dominico
1852 5603 1913 5676 die,
1930 5605 2106 5666 academica

1356 5700 1391 5760 fit
1414 5697 1609 5768 exercitatio,
1627 5697 1736 5773 inqua
1759 5713 1774 5756 a
1790 5696 1991 5758 diversarum
2008 5699 2104 5758 natio-

1356 5806 1434 5853 num
1458 5791 1588 5852 delectis
1601 5789 1855 5851 adolescentibus
1876 5789 1982 5852 variae
1999 5790 2104 5852 elucu-

1356 5885 1529 5958 brationes,
1547 5885 1652 5947 nativa
1673 5884 1831 5962 cuiusque
1846 5883 1956 5962 lingua
1978 5901 2105 5964 compo-
