4788 6980
353 601 405 651 Au.
422 605 450 650 tl.
475 603 541 653 1837
592 599 650 664 186

375 3829 518 3874 Exordium.

361 4947 494 4994 illectionis
512 4947 548 4993 lii·

334 5001 421 5046 storia.

572 735 641 797 beri
663 737 823 810 volumus,
840 739 1013 817 quaeipsis
1029 741 1250 818 praesentibus
1267 743 1318 804 ba-

572 827 715 900 beretur,
738 828 764 890 si
787 829 986 906 originaliter
1008 833 1252 896 exhiberentur.

611 919 679 995 59.
703 920 790 983 Nulli
816 939 895 1000 ergo
924 926 1057 988 omnino
1086 926 1255 989 hominum
1282 928 1317 990 li-

571 1022 639 1076 ceat
654 1015 734 1076 lianc
747 1017 893 1093 paginam
909 1019 1134 1098 exemptionis,
1148 1020 1317 1084 subiectio-

571 1107 631 1180 nis,
655 1108 901 1183 commissionis,
925 1111 1150 1190 deputationis,
1165 1115 1314 1188 mandati,

570 1201 787 1278 derogationis
809 1209 841 1264 et
862 1203 1036 1266 voluntatis
1057 1205 1249 1283 intringere,
1263 1208 1317 1270 vel

571 1292 600 1354 ei
622 1309 701 1354 ausu
723 1295 896 1357 temerario
918 1297 1089 1360 contraire.
1119 1297 1241 1376 Siquis
1263 1317 1316 1362 au-

572 1395 636 1448 tem
649 1387 710 1449 boc
724 1395 880 1452 attentare
896 1391 1158 1469 praesumpserit,
1172 1393 1316 1470 indigna-

571 1481 692 1544 tionem
725 1483 956 1561 omnipotentis
989 1485 1062 1556 ltei,
1085 1503 1120 1547 ac
1148 1487 1315 1548 beatorum

571 1573 654 1634 Petri
679 1581 711 1636 et
731 1574 819 1636 Pauli
842 1575 1069 1654 Apostolorum
1100 1577 1180 1650 eius,
1204 1595 1239 1640 se
1261 1595 1315 1641 no·

570 1668 655 1728 verit
675 1667 895 1732 incursurum.

609 1760 722 1823 Datum
752 1762 880 1825 Romae·
899 1763 981 1841 apud
1011 1762 1043 1825 S.
1067 1764 1209 1836 Petrum,
1233 1781 1316 1827 anno

569 1853 796 1918 incarnationis
818 1855 995 1918 dominicae
1024 1857 1196 1920 millesimo
1218 1858 1316 1919 octiu-

570 1947 751 2022 gentesimo
766 1949 934 2026 trigesimo
948 1951 1097 2028 septimo,
1114 1951 1252 2028 septimo
1264 1951 1316 2012 lra-

570 2040 678 2102 lendas
701 2042 808 2114 maias,
825 2043 1026 2120 pontificatus
1042 2043 1143 2106 nostri
1159 2061 1242 2106 anno
1258 2061 1314 2105 vu.

886 2325 1005 2388 dxxix

569 2511 762 2574 Etcctioncm
773 2513 892 2576 vicerit
903 2531 975 2575 cum
989 2513 1107 2591 satura
1118 2513 1316 2574 successione

608 2623 628 2668 o
655 2605 714 2667 Vic.
739 2606 796 2686 Ap.
826 2605 966 2668 Triarius·
992 2606 1117 2686 [cctam
1146 2604 1313 2686 approbat,

607 2703 637 2759 et
657 2699 788 2760 electum
810 2699 1004 2763 exhortatur
1029 2699 1070 2762 od
1098 2699 1241 2761 intucaris
1262 2717 1314 2762 su-

606 2793 806 2872 secptioacm.

567 2978 686 3045 liilacto
708 2979 774 3045 lilio
803 2978 949 3046 clementi
976 2979 1103 3046 llesson
1134 2980 1312 3063 presbytero

608 3070 802 3231 muium
826 3072 1045 3154 apstolicam
1067 3069 1202 3139 Tuniino
1225 3073 1312 3140 occi-

740 3351 961 3420 exsecutus
983 3353 1044 3420 ΡΡ.
1069 3352 1139 3420 ttvt.

749 3511 752 3518 ’
843 3542 959 3609 otteue
982 3542 1036 3620 titt,

597 3633 726 3702 salutern
750 3639 780 3701 ct
801 3635 998 3718 apostolicam
1026 3635 1276 3701 benedictionem.

605 3823 651 3886 rid
673 3825 818 3902 supremi
839 3825 1033 3902 apostolatus
1055 3824 1218 3900 fastigium
1238 3839 1312 3886 eve·

564 3918 616 3989 cti,
635 3917 846 3994 omniumque
868 3917 1075 3979 ecclesiarum
1094 3917 1309 3990 solicitudine,

565 4009 688 4070 meritis
698 4010 773 4071 licet
784 4009 971 4087 imparibus,
985 4010 1051 4072 lieo
1063 4011 1105 4071 ita
1120 4010 1311 4087 disponente

565 4102 699 4174 onerati,
720 4101 753 4163 in
774 4101 844 4180 ipso
865 4103 972 4164 statim
995 4103 1195 4180 pontificatus
1219 4117 1311 4164 exor-

564 4196 616 4257 dio
638 4195 816 4272 peculiares
832 4196 1051 4258 convertimus
1066 4211 1157 4257 curas
1173 4195 1210 4256 ad
1227 4195 1310 4257 cbri-

563 4289 717 4350 stifideles
729 4287 763 4350 in
775 4289 1000 4350 remotissimis
1012 4287 1050 4349 ab
1062 4289 1119 4349 bac
1131 4288 1211 4350 alma
1224 4287 1310 4350 Urbe

564 4382 641 4444 locis
664 4381 835 4458 degentes,
860 4397 999 4458 quorum
1026 4381 1121 4442 saluti
1143 4397 1182 4442 eo
1205 4380 1310 4458 prori-

563 4475 692 4537 dentius
704 4475 938 4537 consulendum
950 4475 1221 4551 cognoscebamus
1233 4489 1310 4551 quo-

564 4569 671 4630 minus
694 4569 840 4647 expedita
861 4569 924 4630 illis
947 4569 996 4628 via
1018 4573 1077 4640 est,
1101 4575 1138 4630 ιιι
1158 4568 1191 4629 iu
1213 4567 1310 4631 rebus

565 4678 646 4738 quae
667 4662 844 4739 improviso
872 4660 1058 4733 acciderint,
1091 4667 1308 4738 opportunum

565 4773 581 4816 a
603 4753 686 4817 Sede
707 4753 887 4832 Apostolica
909 4753 1090 4816 remedium
1113 4754 1309 4830 intempore

566 4855 815 4925 consequantur.

605 4941 674 5015 §l
697 4940 800 5014 Quare
827 4955 928 5017 quum
957 4955 1069 5002 vener.
1094 4940 1133 5001 ιι.
1157 4939 1309 5017 losepbus

565 5035 739 5112 Episcopus
760 5033 970 5096 castoriensis
986 5033 1129 5096 llicarius
1152 5033 1310 5112 Apostoli-

565 5143 620 5190 cus
639 5127 731 5188 istius
747 5128 888 5204 regionis
903 5127 1062 5188 adiutorio
1077 5126 1238 5202 indigeret
1253 5127 1309 5188 bo-

565 5220 661 5282 minis
683 5220 853 5298 episcopali
875 5220 1058 5281 charactere
1079 5220 1236 5296 insigniti,
1255 5221 1309 5296 qui

565 5319 597 5374 et
618 5311 723 5374 eidem
753 5318 861 5390 postea
883 5311 915 5372 in
937 5310 1112 5373 vicariatus
1135 5311 1309 5389 Apostolici

564 5421 701 5467 munere
723 5405 792 5467 sine
815 5419 904 5465 mora
918 5405 1091 5466 succedere
1110 5411 1232 5482 posset;
1251 5421 1308 5466 nos

563 5499 698 5578 acceptis
721 5498 816 5560 etiam
836 5498 954 5559 ineam
977 5513 1047 5558 rem
1069 5499 1239 5560 memorati
1253 5497 1309 5560 Ca-

563 5593 730 5655 storiensis
756 5591 901 5669 Episcopi
931 5591 1091 5669 precibus,
1119 5609 1153 5652 ac
1181 5591 1308 5669 plenam

563 5687 602 5746 de
624 5685 722 5762 ipsius
746 5682 815 5744 zelo
835 5682 1068 5760 prudentiaque
1090 5683 1237 5745 fiduciam
1257 5683 1309 5745 ba-

564 5778 686 5848 bentes,
702 5777 849 5838 dedimus
861 5776 935 5838 inde
947 5775 985 5837 ab
998 5791 1081 5838 anno
1093 5791 1306 5838 uncecxxxn.

1839 11 2385 213 Ὗ

1090 623 1155 668 litia.
1179 624 1271 670 rottr.
1295 627 1335 672 brt
1357 627 1386 672 P.
1411 629 1440 672 ll.
1464 630 1548 674 PARS
1569 632 1591 675 l.
2149 624 2208 674 An.
2223 623 2254 674 G.
2279 625 2345 674 1837

1372 747 1560 824 apostolicas
1582 747 1691 810 literas
1715 749 1775 810 sub
1796 749 1916 812 annulo
1937 751 2115 824 Piscatoris,

1373 839 1489 916 quibus
1523 840 1552 901 ei
1584 847 1776 918 potestatem
1808 841 1942 906 lecimus
1976 844 2116 922 eligendi

1372 930 1490 994 indicio
1511 948 1569 994 suo
1592 933 1761 1012 probatum
1790 935 1931 1014 aliquem
1953 938 2117 1002 missione-

1373 1024 1468 1097 rium,
1483 1026 1538 1104 qui
1553 1026 1612 1088 sub
1628 1027 1722 1090 titulo
1737 1027 1947 1092 Acantltensis
1965 1030 2116 1095 ecclesiae

1372 1115 1547 1196 Episcopus
1566 1127 1820 1193 consecraretur,
1837 1121 1973 1198 eiusque
1992 1123 2116 1186 coadiu-

1373 1215 1422 1270 tor
1444 1225 1517 1270 cum
1539 1210 1611 1273 iure
1626 1209 1753 1275 futurae
1767 1215 1978 1278 successionis
2000 1219 2115 1278 cunsti-

1372 1308 1459 1362 tutus
1471 1303 1642 1380 apostolica
1653 1305 1840 1368 auctoritate
1856 1307 2041 1372 baberetur.
2055 1309 2115 1372 Ex-

1372 1395 1575 1474 pectabamus
1589 1397 1703 1460 indies
1716 1399 1869 1461 nuncium
1882 1400 1930 1462 rei
1944 1401 2115 1466 universae

1371 1491 1459 1551 iuxta
1471 1490 1655 1552 mandatum
1668 1495 1815 1553 nostrum
1827 1491 1998 1570 perlectam
2014 1509 2114 1571 quum

1371 1591 1481 1646 contra
1503 1583 1662 1662 perlatum
1684 1584 1721 1646 ad
1744 1599 1802 1646 nos
1824 1591 1874 1646 est
1895 1584 2114 1664 Apostolicum

1372 1676 1500 1753 quidem
1518 1675 1679 1738 vicarium
1698 1677 1820 1739 cunctis
1839 1667 2064 1756 plaudentibus
2083 1697 2114 1743 e-

1371 1768 1490 1845 legisse
1514 1775 1553 1840 te,
1578 1769 1693 1832 dilecte
1715 1769 1771 1842 fili,
1788 1769 1843 1848 qui
1860 1777 1966 1834 tamen
1981 1788 2114 1836 consen·

1371 1861 1432 1923 tire
1455 1861 1529 1924 huic
1551 1862 1700 1924 electioni
1716 1862 1884 1924 obfirmato
1903 1879 2035 1942 prorsus
2049 1867 2114 1928 ani·
2209 1909 2215 1914 -

1373 1970 1425 2016 mo
1446 1955 1595 2018 renuisti.
1625 1955 1728 2018 Grave
1749 1973 1783 2018 ac
1809 1957 1902 2034 plane
1927 1957 2113 2020 molestissi-

1372 2063 1462 2111 mum
1477 2049 1565 2110 cordi
1580 2055 1692 2111 nostro
1707 2049 1767 2110 luit
1781 2049 1892 2112 ridere
1908 2050 2030 2114 litteras
2043 2051 2113 2114 illas

1372 2149 1496 2202 nostras
1511 2157 1570 2205 suo
1591 2143 1667 2204 inde
1679 2143 1794 2204 ellectu
1807 2131 1973 2205 trustratas
1986 2149 2018 2206 et
2031 2145 2113 2207 cbri-

1371 2235 1504 2296 stianam
1527 2236 1607 2312 apud
1630 2251 1688 2296 vos
1703 2251 1773 2297 rem
1795 2240 1829 2297 in
1840 2252 1876 2297 ea
1891 2235 1993 2298 adhuc
2007 2238 2114 2301 condi·

1372 2327 1459 2389 tione
1475 2328 1620 2406 positam,
1638 2335 1675 2390 ut
1689 2328 1715 2388 si
1726 2343 1801 2390 ven.
1815 2328 1905 2390 fratri
1920 2328 2114 2393 castoriensi

1371 2419 1527 2500 Episcopo
1539 2420 1656 2497 aliquid
1671 2421 1856 2482 humanitus
1867 2421 2027 2494 acciderit,
2038 2421 2113 2484 flde-

1371 2515 1418 2577 les
1439 2515 1502 2586 isti,
1533 2521 1580 2576 tot
1607 2513 1668 2576 iam
1699 2513 1858 2590 tantisque
1883 2513 2113 2576 calamitatibus

1370 2608 1487 2680 vexati,
1512 2615 1694 2687 opportuno
1716 2608 1811 2670 etiam
1840 2609 1974 2686 pastoris
1999 2609 2112 2672 solatio

1370 2702 1455 2764 baud
1475 2702 1567 2764 brevi
1589 2707 1735 2780 tempore
1756 2701 1886 2763 carituri
1906 2702 1980 2764 sint.

1408 2795 1478 2870 §2-
1502 2793 1565 2856 lam
1587 2809 1666 2856 vero
1688 2800 1724 2856 ut
1750 2793 1877 2857 nullum
1904 2794 1961 2856 tibi
1990 2795 2030 2858 de
2057 2811 2113 2858 vo·
2154 2809 2191 2852 os
2208 2807 2343 2862 pontificati

1369 2887 1492 2950 luntate
1519 2893 1627 2950 nostra
1655 2886 1788 2948 dubium
1818 2887 1972 2966 supersit,
1997 2888 2053 2950 bas
2074 2890 2112 2952 ad
2130 2860 2344 2962 ἶῗὲῖιιῗιῖἒιῗῗ

1369 2988 1401 3043 te
1423 2981 1498 3044 dare
1519 2980 1682 3044 voluimus
1704 2979 1844 3052 litteras,
1868 2980 1985 3059 quibus
2007 2981 2113 3060 primo
2132 2977 2187 3013 ‘⁰¹¹¹
2203 2968 2273 3014 fam·

1369 3063 1500 3154 quidem
1529 3075 1702 3138 certiorem
1724 3081 1756 3137 te
1778 3074 1929 3148 iacimus,
1952 3090 2010 3136 nos
2031 3075 2113 3138 iodi-

1368 3169 1453 3232 cium
1485 3167 1621 3247 probare
1653 3183 1728 3230 ven.
1758 3167 1865 3230 fratris
1893 3167 2009 3230 Vicarii
2030 3167 2112 3248 Apo·

1367 3263 1482 3334 stolici,
1500 3268 1532 3324 et
1546 3261 1739 3324 electionem
1752 3261 1791 3323 de
1813 3267 1845 3322 te
1859 3259 1965 3323 abillo
1986 3261 2110 3335 iactam,

1368 3361 1467 3416 ratam
1487 3370 1619 3434 prorsus
1637 3353 1767 3416 babere.
1790 3351 2010 3430 Cognovimus
2025 3353 2112 3416 enim

1369 3463 1409 3510 ex
1431 3448 1622 3512 testimoniis
1645 3447 1707 3510 fide
1729 3446 1834 3524 dignis
1855 3453 1898 3520 te,
1916 3445 2032 3510 dilecte
2053 3447 2110 3520 fili,

1368 3558 1433 3604 non
1455 3542 1551 3604 modo
1576 3541 1704 3620 pietate,
1735 3539 1880 3602 doctrina
1901 3545 1933 3602 et
1961 3541 2112 3618 prudenti

1367 3635 1545 3698 secundum
1567 3634 1732 3696 scientiam
1755 3633 1826 3696 zelo
1848 3633 2039 3712 praeditum,
2055 3634 2110 3696 sed

1368 3730 1518 3792 diuturna
1540 3729 1636 3790 etiam
1657 3743 1769 3789 rerum
1792 3726 1826 3788 in
1846 3726 1943 3788 ardua
1958 3727 2111 3789 missione

1367 3823 1426 3884 ista
1448 3821 1663 3898 gerendarum
1693 3819 1891 3898 experientia
1916 3819 2110 3881 instructum

1367 3931 1448 3985 esse,
1474 3921 1506 3976 et
1527 3913 1690 3975 communi
1712 3913 1848 3974 fratrum
1870 3919 2001 3974 tuorum
2016 3919 2111 3990 atque

1366 4008 1592 4084 indigenarum
1615 4007 1714 4083 gratia
1736 4013 1769 4068 et
1789 4005 1898 4067 lavore
1920 4005 2055 4084 pollere,
2076 4013 2112 4068 ut

1367 4101 1471 4163 delato
1487 4099 1622 4178 proinde
1636 4100 1765 4160 muneri
1780 4098 1919 4160 maxime
1934 4099 2019 4160 inter
2033 4099 2111 4162 alios

1366 4193 1501 4256 idoneus
1523 4194 1576 4254 sis.
1606 4191 1696 4268 Quod
1718 4209 1782 4254 non
1804 4209 1843 4255 eo
1865 4208 1962 4256 sensu
1990 4193 2110 4256 dictum

1366 4287 1528 4358 volomus,
1553 4286 1642 4363 quasi
1664 4285 1770 4346 minus
1792 4285 1909 4347 bonam
1929 4287 1968 4347 de
1987 4287 2110 4349 missio-

1366 4381 1462 4443 nariis
1491 4381 1583 4442 sociis
1613 4380 1675 4441 tuis
1709 4379 1894 4457 opinionem
1923 4379 2108 4442 babeamus.

1365 4473 1468 4536 lmmo
1494 4474 1533 4536 de
1562 4471 1610 4534 bis
1640 4487 1769 4548 quoque
1797 4471 1900 4534 multa
1931 4474 2110 4551 accepimus

1366 4565 1536 4646 praeclaris
1551 4582 1627 4628 sane
1641 4566 1787 4627 laudibus
1803 4567 1913 4644 digna3
1936 4568 1992 4629 sed
2014 4583 2110 4629 unus-

1366 4660 1503 4736 quisque
1526 4657 1692 4738 propriom
1715 4659 1835 4722 donum
1851 4659 1947 4721 babet
1969 4675 2009 4721 ex
2031 4661 2107 4723 ileo.

1364 4752 1462 4814 Nobis
1484 4759 1591 4815 autem
1613 4753 1650 4814 ad
1672 4757 1771 4814 totam
1793 4753 1839 4813 rei
1862 4769 1987 4815 causam
2010 4754 2110 4832 respi-

1365 4845 1523 4908 cientibus
1545 4845 1628 4906 ltaud
1658 4844 1749 4906 lacile
1770 4852 1819 4906 ost
1839 4845 1937 4906 alium
1964 4847 2110 4923 reperire

1366 4955 1463 5016 quern
1480 4943 1567 4999 tanto
1582 4937 1635 4998 isti
1656 4937 1759 4998 allicio
1773 4952 1874 5014 aeque
1889 4953 1998 5016 parem
2015 4945 2109 5016 atque

1364 5039 1473 5110 aptum
1496 5031 1542 5090 lui
1564 5029 1633 5092 loco
1652 5029 1821 5107 eligamus.
1837 5029 1946 5107 ltaque
1968 5031 2110 5093 dilectio-

1366 5140 1440 5186 nem
1464 5131 1550 5185 tuam
1578 5123 1793 5185 vehementer
1819 5123 1986 5186 hortamur
2014 5131 2110 5202 atque

1365 5217 1564 5279 obtestamur
1592 5217 1624 5277 in
1656 5216 1808 5288 Domino,
1831 5223 1867 5278 ιιι
1888 5217 2021 5279 desistas
2043 5225 2108 5280 tan·

1365 5311 1437 5373 dem
1450 5329 1466 5371 a
1478 5311 1680 5372 recusatione
1695 5309 1759 5382 illa,
1776 5324 1857 5386 quae
1871 5309 2108 5374 Castoriensem

1364 5403 1554 5481 Episcopum
1586 5418 1709 5479 nosque
1734 5404 1818 5480 ipsos
1847 5409 2015 5481 tantopere
2036 5421 2109 5467 cun·

1365 5497 1470 5558 tristat
1491 5503 1523 5558 et
1552 5495 1680 5558 fidelem
1702 5495 1800 5557 istum
1827 5512 1961 5574 gregem
1984 5497 2016 5558 in
2039 5514 2109 5576 per-

1365 5589 1594 5652 niciosissimae
1616 5589 1759 5651 orbitatis
1775 5590 1949 5652 discrimen
1970 5591 2107 5652 adducit.

1366 5683 1527 5745 blemento
1556 5683 1641 5759 quod
1671 5681 1702 5744 S.
1727 5682 1927 5760 Augustinus
1956 5684 2050 5747 docet
2071 5684 2109 5746 de

1365 5775 1530 5854 pastoralis
1547 5775 1640 5837 officii
1652 5776 1784 5847 sarcina,
1799 5791 1880 5854 quae
1895 5777 2026 5856 proprio
2041 5777 2109 5856 qui-

1307 5913 1598 5924 w--a—

606 5989 635 6038 tlt
648 5987 684 6030 Ex
700 5989 762 6044 lieg.
777 5985 962 6034 Brevium'vol.
978 5991 1028 6044 lv,
1043 6001 1067 6046 p.
1080 5991 1127 6034 2³0.
