1290 1823
581 177 613 189 ιυιι.
625 177 671 189 eowr.
683 177 703 188 ne
714 177 729 188 ιν.
741 178 756 189 ιτ.
768 177 810 188 edus
821 178 831 189 1.

472 206 546 222 chvn.

380 253 399 269 tio
411 253 503 273 episcopalis
514 253 588 269 ecclesiae
598 253 614 269 S,
628 254 681 269 Caroli

397 277 414 292 in
424 277 498 292 Ameriam
508 277 616 292 meridionali,

392 312 501 329 (insanimus
514 312 622 330 Episcopus

413 350 468 363 servus
479 350 556 363 servorum
568 346 601 366 Dei.

380 370 396 386 ad
408 371 496 390 perpetuam
507 370 528 386 rei
544 370 628 386 memoriam

388 417 417 433 Ubi
429 417 499 437 primum
510 417 606 433 universalis
614 417 694 433 Ecclesiae

380 441 450 456 ationem
462 441 507 456 nobis
519 441 556 456 licet
570 441 694 456 immerentibus

380 468 394 479 m
400 464 477 480 divinitus
483 464 599 482 intelleximus,
605 464 653 480 nullis
658 468 694 484 pro-

380 488 419 503 :uris
430 492 447 503 ac
461 487 543 503 laboribus
556 488 654 507 parcendum
666 488 693 503 du-

380 523 382 529 .
398 513 421 529 ιιι,
436 511 464 530 qui
474 511 561 527 catholicae
574 511 645 527 veritatis
658 511 693 527 luce

380 547 382 549 .
392 534 421 550 filii
428 534 456 550 Dei
467 536 545 550 vocantur
553 536 570 550 et
577 536 620 552 sunt.
628 535 693 550 stabiles

390 559 513 577 permanerent3
522 562 561 577 quos
571 562 610 573 vero
618 558 637 573 ab
644 558 693 578 ipsius

380 585 416 600 unge
426 581 519 597 aberrantes
533 581 664 599 lamentaremur.
676 582 694 597 ii-

380 605 387 620 d
397 605 456 620 Christi
469 605 512 620 ovile
523 605 567 620 omni
581 605 693 620 sollicitudinis

392 628 521 644 traducerentur.
533 628 592 647 Quibus
603 632 641 644 sane
650 632 693 648 prae-

380 652 450 671 supremi
458 652 555 671 apostolatus
562 652 656 667 muneribus
662 652 693 667 rite

381 675 425 690 endis
438 675 508 690 maxime
522 675 590 691 inservit
601 679 619 690 ea
631 675 693 691 dioece-

380 699 500 718 ircumscriptio.
507 702 538 718 qun
544 699 597 714 dilecti
603 703 692 714 animarum

380 726 393 737 as
407 721 463 737 fideles
478 726 516 737 oves
531 722 575 737 facile
588 724 692 741 cognoscant,

380 748 439 764 emque
450 747 572 764 cognoscantur,
584 745 655 765 perditos
666 749 693 761 au-

380 768 438 784 )mines
449 770 465 784 et
476 772 551 784 errorum
562 768 622 788 laqueis
633 769 693 784 misere

382 794 405 807 tos
416 792 432 807 in
443 792 534 807 libertatem
541 792 611 807 tiliorum
622 792 692 811 adoptio-

385 815 454 830 verbum
460 815 520 830 Christi
526 815 616 831 restituant.
629 815 645 831 Si
653 819 692 831 vero

381 838 393 854 it
404 838 489 858 regionum
501 839 598 858 amplitudo.
610 839 636 854 vel
648 841 692 854 natu-

380 862 463 877 orumdem
470 862 545 880 conditio.
553 864 571 877 ut
576 862 648 881 singulos
657 862 692 882 Epi-

380 885 414 901 dire
421 885 464 900 locos
472 887 565 905 praesentes
571 887 657 905 nequeant.
665 886 692 901 vix

383 909 399 924 ix
407 908 472 928 quidem
479 908 521 924 bisce
528 908 576 924 rebus
583 913 600 924 ea
608 913 639 928 qua
647 909 692 925 decet

380 932 440 948 lulitate
455 932 480 948 vel
494 932 562 948 utilitate
578 933 652 952 gerendis
667 937 692 952 pa-

380 956 430 972 ident.

380 979 422 995 Hisce
429 979 517 995 rationibus
523 979 599 995 adductus
605 983 691 999 supremus

380 1003 398 1018 tis
404 1003 469 1019 ditionis
473 1007 536 1023 praeses
542 1007 550 1018 a
556 1003 601 1018 nobis
608 1003 692 1018 humiliter

380 1026 416 1044 avit,
428 1028 446 1042 ut
456 1026 515 1042 ssfime
526 1026 638 1046 Conceptionis
649 1026 692 1042 dioe-

380 1050 495 1065 dismembrare
506 1054 523 1065 ac
535 1050 616 1065 civitatem
627 1054 656 1065 seu
665 1054 692 1070 op-

382 1073 397 1089 S.
406 1073 463 1091 Caroli.
472 1073 515 1093 quod
523 1073 620 1093 provinciae,
631 1074 656 1089 cui
664 1078 691 1089 no-

380 1097 428 1115 hiloo,
439 1099 486 1116 caput
497 1098 544 1112 estet
552 1097 625 1116 princeps
635 1101 652 1112 ac
660 1101 691 1112 ma-

380 1124 438 1140 tuoque
449 1122 496 1140 portu
507 1120 603 1138 celebratur.
615 1121 691 1140 quodque

383 1144 401 1159 iis
413 1144 519 1164 opportunius
529 1144 599 1161 videtur.
608 1144 624 1159 iu
635 1144 690 1159 sedern

380 1167 425 1183 »alem
441 1167 507 1183 nomine
521 1167 593 1183 eiusdem
608 1167 624 1183 Si
638 1167 691 1183 Caroli

380 1191 441 1206 »andam
448 1191 512 1210 erigere
518 1191 620 1210 alterumque
627 1191 649 1206 tbi
656 1191 691 1211 Epi-

380 1218 384 1229 ι
399 1214 485 1234 praeficere
499 1214 583 1234 apostolica
597 1214 691 1230 auctoritate

380 1242 403 1253 us.
416 1237 476 1253 Retulit
483 1238 526 1253 enim
538 1238 626 1253 incolarum
635 1242 691 1253 nume-

383 1265 390 1276 r
398 1265 424 1276 eas
432 1261 506 1280 regiones
514 1261 533 1276 ab
539 1261 640 1277 institutione
648 1261 691 1277 dioe-

380 1285 423 1300 Sr'nae
430 1284 542 1304 Conceptionis
548 1284 638 1300 labentibus
646 1285 691 1300 annis

380 1312 387 1323 e
395 1308 494 1323 increbuisse
502 1308 541 1323 adeo
547 1310 565 1323 ut
570 1312 612 1323 unus
620 1308 691 1324 Antistes

380 1332 490 1351 altaribusque.
498 1331 514 1347 in
521 1331 602 1351 regimine
613 1332 691 1347 dioecesis

380 1356 423 1373 indis,
428 1355 494 1371 omuino
501 1355 552 1375 impar
558 1355 593 1370 iure
600 1355 691 1375 meritoque

380 1380 425 1394 :atur.
441 1378 462 1394 Ea
476 1378 536 1394 idcirco
550 1378 632 1396 dioecesis.
650 1382 691 1398 quae

380 1407 394 1418 ie
406 1402 445 1418 [ines
456 1406 494 1417 suos
503 1402 588 1422 protendit.
598 1402 666 1418 ducenta
674 1407 691 1418 ac

380 1426 416 1444 ginta
423 1425 545 1445 comprehendit
551 1425 635 1441 hominum
641 1426 690 1441 millia

395 1449 521 1469 quamplurimas
536 1449 625 1465 infidelium
639 1449 690 1464 tribus

381 1477 388 1488 c
397 1477 425 1492 per
433 1477 499 1488 nemora
507 1475 523 1488 et
531 1474 593 1488 montes
605 1474 689 1491 vagantes;

384 1500 423 1511 vero
437 1496 530 1516 episcopalis
542 1496 557 1511 in
569 1497 643 1511 extremo
655 1500 690 1515 pro-

380 1523 404 1535 im
415 1519 492 1535 dioecesis
501 1519 560 1535 boreali
568 1519 651 1534 territorio
661 1519 690 1535 sita

723 209 752 223 est.
759 211 776 222 ac
783 208 868 227 propterea
875 211 923 226 quam
932 207 1025 227 longissime
1033 207 1095 225 absunt.

723 230 750 249 qui
758 230 774 246 in
782 231 848 246 adversa
859 231 936 246 dioecesis
945 233 989 250 parte
997 235 1097 246 commoran-

723 255 754 269 tur.
767 253 800 269 lluc
808 254 846 269 illuc
857 254 904 269 etiam
912 254 977 272 accedit.
987 254 1029 273 quod
1038 258 1055 269 ea
1063 254 1096 270 loca

722 277 765 292 inter
776 281 793 292 se
805 277 868 296 longius
879 277 931 293 dissita
942 279 981 293 sunt
991 281 1056 297 quoquc
1064 278 1096 297 ple-

722 304 792 319 rumque
803 300 888 316 admodum
902 302 992 320 praerupta,
1004 301 1096 320 asperrimis

722 323 807 339 itineribus
818 324 845 339 vix
859 324 910 342 obvia,
926 324 999 344 pluribus
1014 325 1095 340 aerumnis

722 347 836 366 laboribusque
845 347 913 362 obnoxia
921 349 937 363 et
944 347 1051 363 infestissimis
1062 348 1096 369 bar-

723 370 797 385 barorum
810 370 927 386 incursionibus
935 370 1023 387 identidem
1032 373 1093 386 vexata.

742 393 802 412 Quibus
810 393 859 409 rebus
865 393 910 409 facilc
916 394 998 413 colligitur
1005 394 1095 410 istiusmodi

722 417 799 432 dioecesis
812 417 893 432 Pastorem
906 417 995 437 praepediri
1009 417 1095 436 quominus

722 444 789 459 gregem
801 440 831 456 sibi
841 441 952 456 concreditum
964 445 982 456 ea
992 444 1023 460 qua
1033 445 1061 460 par
1072 443 1097 456 est

722 463 806 479 sedulitate
817 464 919 484 utilitateque
931 464 1009 484 depascat,
1016 464 1095 484 integram

722 487 808 503 dioecesim
819 491 848 507 pro
859 492 888 503 suo
899 491 964 507 quoque
977 489 1049 507 tempore
1061 492 1096 508 per-

722 511 785 528 lustret.
797 511 858 526 civibus
872 515 900 530 pro
910 515 966 526 rerum
977 512 1096 531 opportunitate

722 534 850 553 nccessitateque
863 534 976 552 communicet.
992 534 1058 550 illorum
1070 535 1096 550 'de-

722 557 771 577 nique
782 558 883 573 conversioni
895 559 961 573 strenue
973 558 1059 576 incumbat.
1069 558 1096 577 qui

722 581 814 600 evangelica
828 581 899 597 doctrina
912 581 984 597 nondum
995 581 1064 597 instituti
1080 582 1095 597 in

722 604 814 620 discrimine
819 606 893 620 aeternae
899 605 954 620 salutis
959 607 1050 620 versantur.
1056 605 1096 621 llaec

722 628 793 647 profecto
804 628 889 648 praecipue
898 630 970 647 spectant
981 628 1035 648 populi
1043 628 1061 644 ad
1069 633 1095 644 ex-

722 653 789 667 tremam
801 651 873 667 eiusdem
885 651 962 667 dioecesis
973 652 1094 667 meridionalem

722 676 783 694 partem
797 675 875 694 degentes
888 677 904 690 et
919 675 1013 694 longissimo
1025 675 1044 690 ab
1058 675 1096 690 hino

722 700 795 718 tempore
806 698 878 714 destituti
890 698 956 713 omnino
969 699 1058 718 praesentia
1069 699 1095 714 Pa-

721 721 774 739 storis.
787 721 814 740 qui
826 721 885 737 nedum
897 722 951 741 pueris
965 722 993 737 sed
1004 722 1095 737 senioribus

721 744 769 760 etiam
786 744 906 760 Sacramentum
922 745 1052 760 Contirmationis
1066 746 1095 761 im-

721 768 805 787 pertiatur.
814 768 841 787 qui
852 772 904 783 sacros
914 768 982 784 Ordines
993 769 1095 788 poscentibus

721 791 815 810 idoneisque
832 791 870 806 viris
887 791 965 809 conterat.
982 792 1009 811 qui
1026 792 1095 811 denique

721 814 771 830 verbo
779 816 795 830 et
801 815 876 834 exemplo
883 815 947 830 iniit-ma
953 816 1004 833 curet.
1011 815 1095 835 depravata

721 838 795 857 corrigat.
805 838 876 857 disrupta
884 838 978 856 consolidet.
987 838 1095 857 periclitantes

720 861 736 876 in
748 861 779 876 fide
790 861 876 877 confirmet
886 863 903 877 et
913 865 967 877 caecos
979 861 1065 877 illuminet.

740 885 750 903 9
760 884 775 899 3.
787 884 838 903 Quare
852 885 984 904 percommodum
998 889 1027 900 nos
1041 885 1095 901 existi-

721 908 800 923 mavimus
810 908 895 923 consilium
902 908 1028 924 dismembrandi
1036 913 1044 924 a
1052 909 1095 924 dioe-

720 931 752 947 cesi
764 931 822 947 ssfflae
833 931 945 951 Conceptionis
959 932 1048 951 provincias
1060 932 1095 948 Val-

720 955 752 970 div.
765 959 801 970 curn
813 955 922 975 Archipelagis
934 955 953 971 de
961 955 1017 971 Citiloe
1026 957 1043 971 et
1049 956 1095 971 Guat-

720 980 767 997 tecas.
775 979 847 998 itemque
853 979 921 994 insulam
928 979 1005 997 Mocltam.
1013 981 1031 994 ut
1036 983 1094 995 novam

720 1002 757 1017 inde
765 1002 818 1018 Sancti
825 1002 878 1018 Caroli
884 1002 962 1018 dioecesis
968 1003 1045 1021 erigatur.
1054 1006 1095 1022 quae

720 1026 785 1045 quidem
792 1026 882 1041 istiusmodi
889 1026 939 1045 posita
946 1026 1094 1046 circumscriptione

720 1049 760 1065 sines
771 1053 809 1065 suos
820 1049 901 1069 prolatura
910 1051 935 1065 est
945 1050 961 1065 in
971 1049 1024 1065 leucas
1031 1050 1095 1065 circiter

720 1075 785 1088 centum
796 1077 804 1088 a
815 1073 883 1088 nordicis
894 1073 913 1088 ad
921 1073 998 1088 australes
1008 1073 1067 1093 plagas,
1076 1073 1094 1089 ab

720 1096 824 1112 orientalibus
836 1098 889 1111 autem
897 1096 915 1111 ad
924 1096 1030 1112 occidentales
1037 1096 1054 1112 in
1062 1096 1095 1112 leu-

719 1124 744 1135 cas
755 1120 819 1135 circiter
831 1120 952 1139 quinquaginta,
964 1120 985 1135 ita
997 1121 1019 1138 ut,
1031 1122 1095 1139 praeter

720 1143 837 1163 quamplurima
853 1143 928 1158 indorum
942 1143 1044 1159 ethnicorum
1059 1144 1095 1163 mil-

719 1166 745 1184 lia.
757 1166 823 1182 incolar.
831 1166 932 1186 septuaginta
943 1167 993 1182 millia
1003 1167 1033 1182 sub
1045 1167 1094 1183 eccle-

719 1190 780 1206 siastica
791 1190 901 1206 iurisdictione
911 1190 932 1205 sit
943 1190 1021 1206 habitura.

739 1214 771 1229 lam
782 1217 821 1229 vero
833 1213 871 1229 haec
879 1215 926 1233 atquc
935 1214 964 1229 alia
972 1214 1051 1229 rationum
1061 1218 1094 1230 mo-

720 1239 773 1253 menta
781 1242 788 1252 a
796 1237 867 1253 Chilensi
878 1237 961 1252 Gubernio
968 1236 1035 1253 sollicita
1046 1241 1094 1257 prece

719 1261 770 1276 delata
781 1261 819 1276 tanti
827 1260 902 1280 ponderis
910 1261 951 1280 apud
959 1265 988 1276 nos
996 1261 1068 1279 fuerunt,
1076 1263 1094 1277 ut

719 1285 735 1300 in
747 1284 857 1300 reservatione
868 1286 933 1299 utentes
944 1288 997 1303 quam,
1004 1285 1094 1304 apostolicis

719 1308 777 1323 litteris
784 1307 892 1327 expressimus
900 1312 949 1327 super
957 1308 1050 1327 nuperrima
1056 1308 1094 1324 San-

719 1331 799 1346 ctissimae
809 1330 922 1350 Conceptionis
932 1331 1009 1346 ecclesiae
1016 1332 1094 1351 provisio-

720 1359 745 1372 ne.
759 1358 817 1370 novam
830 1355 891 1370 scilicet
903 1354 980 1370 dioecesis
995 1355 1094 1371 circumscri-

719 1378 790 1398 ptionem
797 1380 845 1398 prout
852 1378 868 1393 in
876 1378 944 1394 Domino
952 1378 1028 1398 expedire
1036 1379 1094 1395 iudica-

719 1402 791 1417 verimus
801 1402 903 1419 decernendi.
913 1403 929 1417 et
939 1404 1018 1421 quatenus
1027 1406 1066 1422 opus
1073 1403 1094 1418 sit

719 1429 776 1441 eorum
783 1429 853 1444 quorum
861 1425 940 1440 interesse
947 1427 1001 1445 posset
1008 1426 1093 1441 consensui

719 1449 821 1468 derogantes.
827 1449 888 1464 cunctis
894 1449 942 1464 rebus
948 1450 1009 1464 matura
1016 1449 1093 1464 delibera-

719 1472 762 1488 tione
769 1472 852 1492 perpensis
860 1472 970 1492 porrectisque
976 1472 1094 1492 supplicationi-

719 1496 747 1511 bus
755 1496 864 1511 obsecundare
872 1495 961 1515 cupientes.
969 1499 988 1511 ex
994 1497 1037 1511 certa
1043 1496 1093 1511 scien-

719 1519 745 1537 tia.
756 1521 801 1535 motu
812 1519 877 1539 proprio
888 1520 905 1534 et
915 1519 1000 1538 apostolica
1011 1519 1092 1539 potestatis

1113 175 1138 187 Αιι,
1145 177 1159 188 υ.
1170 177 1198 189 ist«.

1113 889 1121 900 s
1127 890 1168 905 ramo
1174 890 1200 901 nm-

1105 905 1137 914 cesta
1143 904 1184 915 creetur
