4822 6986
611 546 670 614 370
844 593 848 599 -
1112 566 1178 614 11111.
1202 565 1294 612 aona.
1319 565 1412 612 11111.
1436 563 1466 610 r.
1490 565 1574 611 raas
1596 564 1618 610 1.

595 705 630 750 11
659 687 802 767 proiecto
831 689 971 752 libenter
1002 687 1148 752 tribuere
1180 687 1340 757 solemus,

595 798 676 859 quae
698 782 735 844 ad
757 781 1024 844 Christihdelium
1041 782 1162 844 bonum
1179 786 1211 844 et
1224 779 1343 842 utilita-

594 883 659 936 tem
683 875 863 938 redundare
885 891 978 954 posse
1001 873 1222 955 perspicimus.

634 967 866 1046 Exponendum
893 968 984 1032 nobis
1001 969 1124 1032 curavit
1139 983 1267 1046 praeses
1283 966 1343 1028 rei-

594 1062 739 1140 publicae
767 1061 852 1134 dile,
882 1063 982 1141 vulgo
1013 1061 1114 1134 cutte,
1142 1063 1175 1124 in
1197 1061 1344 1124 America

595 1152 808 1229 lleridionali,
839 1156 985 1220 eiusdem
1015 1156 1210 1235 reipublicae
1233 1155 1344 1222 fideles

594 1249 739 1326 impense
761 1266 880 1328 cupere
902 1249 940 1311 iis
956 1251 1105 1314 onmibus
1120 1251 1343 1330 indulgentiis,

596 1342 706 1418 gratiis
736 1359 769 1404 ao
800 1342 995 1422 privilegiis,
1027 1349 1096 1407 tum
1124 1345 1345 1424 spiritualibus

596 1443 665 1498 tum
687 1437 930 1515 temporalium,
954 1437 1029 1508 frui,
1053 1438 1170 1516 quibus
1193 1445 1343 1518 utuntur,

596 1529 652 1606 qui
673 1527 787 1592 Botloe
812 1529 1061 1602 delectamenti
1083 1531 1202 1602 dicunt,
1220 1532 1346 1595 indulto

596 1621 730 1702 pollent,
756 1623 1027 1702 quemadmodum
1050 1626 1111 1704 ipsi
1129 1625 1344 1704 potiebantur,

597 1731 698 1794 quum
713 1717 876 1780 Catholico
888 1718 967 1796 Regi
983 1719 1146 1799 parebant.
1160 1719 1224 1783 Nos
1239 1721 1346 1799 itaque

597 1811 787 1874 eorumdem
810 1812 1076 1875 christifidelium
1091 1814 1281 1878 utilitatibus
1298 1831 1347 1876 oc-

598 1919 731 1966 currere
753 1921 960 1984 summopere
987 1907 1163 1985 cupientes,
1187 1907 1348 1970 eiusmodi

516 1999 520 2006 '
599 1997 867 2077 postulationibus
879 1999 971 2062 alacri
986 1999 1164 2078 libentique
1176 2001 1283 2065 animo
1295 2018 1348 2063 111-

598 2092 765 2156 nuendum
787 2093 983 2155 censuimus.
1007 2093 1159 2168 Quocirca
1182 2111 1294 2158 omnes
1317 2102 1350 2158 et

599 2185 755 2265 singulos,
771 2187 887 2264 quibus
902 2187 961 2249 hae
977 2187 1102 2251 litterae
1118 2189 1236 2261 lavent,
1254 2207 1348 2268 pecu-

598 2283 669 2345 liari
690 2282 901 2346 beneficentia
923 2283 1075 2361 prosequi
1097 2285 1256 2354 volentes,
1281 2291 1349 2346 eta

599 2377 766 2454 quibusvis
793 2377 1144 2450 excommunicationis,
1168 2379 1350 2457 suspensio-

600 2473 648 2534 nis
661 2477 693 2533 et
706 2471 881 2544 interdicti,
895 2471 1029 2549 aliisque
1045 2472 1265 2536 ecclesiasticis
1279 2491 1350 2536 cen-

600 2567 695 2638 suris,
709 2567 879 2628 sententiis
892 2573 923 2628 et
934 2567 1046 2645 poenis
1059 2567 1173 2645 quovis
1190 2567 1285 2630 modo
1297 2568 1350 2630 vel

601 2659 711 2738 quavis
733 2661 772 2722 de
794 2661 886 2723 causat
908 2660 990 2734 latis,
1008 2662 1035 2723 si
1052 2677 1129 2739 quas
1145 2661 1229 2724 11111
1245 2662 1351 2724 incur·

600 2754 716 2825 rerinl,
737 2754 832 2815 huius
854 2761 979 2818 tantum
1002 2755 1050 2818 rei
1067 2757 1168 2833 gratia
1183 2755 1351 2818 absolven-

600 2853 649 2910 tes
671 2853 703 2908 et
724 2847 887 2910 absolutos
909 2847 979 2911 lore
1001 2857 1182 2922 censentes,
1201 2850 1351 2914 omnibus

602 2947 634 3003 et
654 2940 792 3018 singulis
821 2942 990 3019 utriusque
1018 2959 1114 3006 sexus
1138 2943 1352 3006 christifideli-

601 3034 661 3096 bus
683 3033 877 3114 reipublicae
899 3033 967 3097 (lile
989 3034 1022 3097 in
1043 3033 1190 3100 America
1206 3036 1352 3098 lleridio-

602 3125 677 3198 nali,
695 3125 782 3188 hisce
805 3126 932 3198 litteris,
949 3128 1137 3190 auctoritate
1157 3133 1266 3190 nostra
1280 3145 1352 3208 apo-

601 3219 723 3292 stolica,
748 3219 857 3282 Bullae
879 3219 1043 3282 Cruciatae
1065 3221 1228 3285 indultum
1247 3223 1284 3284 ad
1300 3223 1353 3284 de-

602 3313 754 3374 cennium
776 3319 900 3375 tantum
922 3329 1008 3376 nunc
1035 3315 1218 3393 proximum
1242 3332 1353 3378 conce-

603 3407 726 3480 dimus,
757 3407 861 3484 iisque
889 3407 1115 3484 indulgemus,
1145 3415 1181 3470 ut
1203 3409 1352 3472 omnibus

603 3501 862 3578 quibuscumque
880 3500 1100 3578 indulgentiis,
1119 3503 1239 3579 gratiis,
1258 3503 1354 3581 privi-

602 3593 706 3670 legiis,
716 3599 786 3656 tum
799 3594 1016 3674 spiritualibus
1029 3601 1096 3656 tum
1109 3596 1351 3675 temporalibus,

603 3688 705 3750 libere
718 3695 750 3750 et
765 3687 849 3750 licite
862 3689 909 3750 uti
921 3695 953 3751 et
964 3689 1028 3752 irni
1041 3690 1173 3768 possint,
1187 3690 1269 3752 sicut
1281 3707 1353 3752 cum

603 3781 767 3844 Catholico
782 3781 862 3859 Regi
873 3782 1038 3846 suberant.
1053 3783 1176 3846 Verum
1190 3784 1355 3846 huiusmo-

605 3875 636 3938 di
658 3875 821 3938 indultum
844 3875 893 3936 his
915 3876 1042 3954 legibus
1065 3882 1096 3938 et
1118 3877 1355 3940 conditionibus

585 3985 794 4056 ¹conoessum
824 3970 992 4042 volumus,
1023 3985 1100 4048 quas
1127 3972 1246 4034 nostris
1268 3971 1356 4033 hisce

605 4061 722 4124 litteris
744 4063 927 4126 inserendas
950 4065 1182 4138 mandavimus,
1201 4082 1332 4144 nempe:

645 4173 667 4217 1.
692 4155 898 4234 Omnesqui
930 4157 1025 4220 huius
1047 4159 1164 4222 indulti
1187 4160 1356 4238 participes

607 4266 677 4312 esse
703 4251 847 4329 cupiunt,
873 4257 935 4312 tans
961 4251 1238 4328 indulgentiarum
1260 4269 1356 4332 quam

606 4344 752 4406 ciborum
779 4333 914 4418 ratione,
937 4344 1158 4423 eleemosynas
1179 4346 1213 4408 in
1234 4355 1359 4426 aposto·

607 4436 676 4499 licis
698 4437 812 4500 litteris
828 4437 939 4500 Bullae
954 4435 1119 4502 cruciatae
1135 4441 1355 4520 praescriptae,

608 4531 736 4594 solvere
759 4533 890 4596 omnino
912 4533 1041 4596 debent.

648 4643 683 4688 11.
713 4625 921 4689 Venerabiles
950 4625 1065 4689 iratres
1094 4626 1224 4690 illarum
1253 4629 1358 4708 regio-

609 4735 688 4782 num
711 4719 868 4799 Episcopi,
892 4720 1017 4783 conscio
1040 4729 1235 4784 memoratae
1252 4723 1358 4802 reipu-

610 4814 710 4876 blicae
722 4813 877 4894 praeside,
892 4815 1024 4878 modum
1036 4821 1187 4890 statuent,
1198 4833 1262 4894 quo
1274 4818 1358 4880 elee-

610 4925 764 4988 mosynae
785 4909 972 4972 huiusmodi
994 4916 1090 4972 erunt
1112 4910 1311 4988 colligendae
1328 4919 1359 4974 11

610 5003 890 5065 administrandae.

651 5115 699 5158 111.
723 5095 804 5159 Cum
832 5104 940 5187 autem
963 5098 1022 5159 hae
1044 5097 1269 5178 eleemosynae
1292 5100 1359 5178 pios

611 5192 643 5253 in
666 5207 744 5253 usus
759 5191 880 5254 luerint
895 5193 1085 5270 erogandae,
1103 5200 1173 5255 1111
1189 5195 1359 5272 quotannis

611 5286 648 5347 ah
670 5285 746 5364 ipsis
768 5285 931 5365 Episcopis
954 5287 1047 5348 tertia
1066 5287 1195 5349 illarum
1211 5304 1282 5368 pars
1299 5288 1361 5350 crit

611 5381 766 5442 servanda
789 5380 826 5440 ad
846 5379 942 5441 huius
958 5377 1157 5458 apostolicae
1174 5381 1263 5444 Sedis
1279 5381 1360 5444 arbi-

611 5474 722 5548 trium,
747 5489 827 5551 quae
850 5474 907 5536 hac
929 5473 968 5536 de
990 5491 1025 5536 re
1039 5469 1248 5553 apostolicum
1266 5476 1360 5540 hma-

612 5569 695 5630 ricae
717 5567 931 5630 lleridionalis
953 5568 1136 5646 delegatum
1164 5570 1317 5632 monebit.

1437 683 1629 761 1v.1teliqui
1658 699 1736 746 vero
1765 684 2050 762 eleemosynarum
2078 697 2145 761 pro-

1398 783 1527 850 ventus,
1551 779 1607 855 qui
1628 778 1732 857 primo
1747 777 1877 840 biennio
1892 783 2100 856 supererunt,
2117 777 2148 837 in

1399 871 1573 948 collegium
1596 870 1627 933 S.
1652 871 1836 950 ildephonsi
1858 870 2103 932 instaurandum
2119 887 2148 931 1-

1399 971 1476 1026 runt
1496 965 1681 1028 insumendi
1703 982 1761 1044 pro
1784 965 1852 1028 Cile
1875 963 2096 1034 missionariis,
2113 965 2148 1024 ad

1399 1075 1480 1138 quos
1502 1061 1571 1122 eius
1594 1059 1641 1120 rei
1664 1075 1743 1136 ergo
1772 1075 1893 1122 novum
1916 1057 2149 1120 administrato·
2239 1141 2245 1158 ·

1399 1171 1467 1217 rem
1493 1155 1615 1231 eligere
1638 1153 1823 1232 pertinebit.

1440 1267 1469 1310 v.
1494 1249 1613 1310 Exacto
1630 1248 1771 1321 biennio,
1789 1248 1886 1310 iidem
1904 1253 2084 1326 proventus
2099 1261 2151 1307 ve-

1402 1343 1493 1404 niens
1515 1342 1548 1404 in
1570 1357 1687 1404 aevum
1712 1341 1745 1404 in
1768 1343 1853 1420 ipsos
1882 1339 2103 1404 missionarios
2124 1358 2152 1400 a·

1400 1435 1512 1500 lendos
1535 1436 1773 1514 impendantur,
1799 1454 1835 1498 ea
1858 1434 2082 1498 tantummodo
2102 1451 2152 1512 pe-

1401 1530 1513 1592 cuniae
1535 1530 1566 1590 vi
1582 1529 1732 1602 adhibita,
1750 1545 1846 1608 quam
1863 1546 1921 1608 pro
1938 1527 2153 1592 missionario-

1402 1639 1475 1686 rum
1490 1622 1568 1684 inibi
1586 1623 1782 1685 morantium
1798 1623 1884 1686 victu
1900 1622 2058 1699 cultuque
2069 1620 2154 1684 illius

1402 1717 1597 1798 reipublicae
1619 1717 1767 1794 regimen
1790 1719 1822 1778 in
1845 1715 2024 1796 praesentia
2040 1730 2154 1792 suppe-

1403 1813 1490 1874 ditat.
1516 1811 1674 1882 1111111,
1700 1825 1781 1888 quae
1810 1809 1972 1890 supererit
2000 1809 2155 1886 pecuniae

1404 1921 1484 1984 pars,
1510 1904 1632 1968 1111111
1656 1905 1825 1966 missiones
1848 1904 2009 1980 augendas
2025 1918 2155 1980 semper

1404 1999 1466 2060 erit
1486 1998 1680 2061 1111111111
1702 1999 1754 2060 vel
1777 1998 1809 2060 in
1831 1997 2007 2076 hospitium
2031 1995 2155 2058 111111-

1405 2091 1522 2153 diviam
1545 2091 1767 2162 reficiendum,
1792 2089 1845 2152 vel
1866 2089 2001 2152 1111111111
2018 2090 2156 2152 11111111-

1405 2186 1493 2258 dum,
1511 2185 1563 2247 vel
1579 2185 1612 2246 in
1635 2185 1773 2247 alterum
1795 2183 1970 2272 collegium
1986 2183 2157 2245 instituen-

1405 2282 1493 2354 dum,
1517 2281 1570 2343 vel
1593 2281 1625 2342 in
1647 2282 1705 2343 alia
1728 2281 1873 2342 eiusdem
1904 2279 2035 2357 generis
2062 2293 2156 2356 opera

1405 2376 1604 2456 peragenda;
1628 2375 1670 2436 ita
1696 2381 1814 2446 tamen,
1839 2381 1875 2436 ut
1896 2372 2157 2436 cornmemoratis

1405 2469 1539 2547 reliquis
1555 2467 1837 2548 eleemosynarum
1855 2467 2069 2545 proventibus
2086 2467 2158 2528 mis-

1405 2564 1533 2626 sionum
1560 2563 1644 2624 hono
1666 2561 1792 2624 assidue
1822 2561 2019 2632 consulatur,
2045 2560 2157 2637 quovis

1405 2658 1467 2719 alio
1490 2658 1680 2720 eorumdem
1704 2661 1922 2734 proventuum
1945 2670 2006 2716 usu
2031 2655 2157 2733 penitus

1406 2758 1522 2824 amoto,
1538 2751 1593 2828 qui
1609 2751 1713 2828 aliqua
1729 2767 1769 2812 111
1785 2755 1874 2828 parte
1889 2749 2061 2810 missiones
2077 2749 2157 2826 ipsas

1407 2847 1540 2909 minime
1562 2851 1719 2924 expectet.

1446 2957 1489 3002 vv.
1507 2939 1697 3002 Animarum
1713 2945 1889 3009 curatores,
1904 2938 1956 2999 vel
1972 2937 2030 3016 qui
2046 2953 2158 2999 eorum

1406 3034 1556 3095 vicariam
1579 3039 1699 3110 gerunt
1715 3047 1857 3110 operam,
1876 3031 1908 3093 in
1925 3030 2100 3110 parochiali
2115 3047 2159 3090 sa-

1407 3143 1461 3190 cro
1483 3144 1540 3189 seu
1571 3127 1667 3188 missa
1696 3126 1874 3189 dominicae
1902 3125 2160 3204 septuagesimae

1407 3221 1468 3282 hoc
1489 3227 1638 3282 nostrum
1660 3219 1822 3282 indultum
1846 3218 1983 3296 singulis
1999 3219 2093 3280 annis
2109 3233 2160 3296 po-

1407 3313 1483 3392 pulo
1506 3314 1608 3392 palam
1631 3313 1755 3384 iaciant,
1781 3319 1876 3391 atque
1899 3329 1937 3374 eo
1962 3319 2111 3391 tempore
2128 3313 2160 3374 11-

1408 3407 1496 3470 deles
1518 3409 1721 3480 admoneant,
1739 3423 1794 3469 eos
1817 3407 2028 3484 indulgentiis
2045 3413 2077 3469 et
2094 3423 2161 3484 gra-

1408 3503 1460 3564 tiis
1475 3503 1592 3566 indulti
1613 3502 1676 3564 lrni
1691 3518 1894 3580 nequaquam
1911 3518 2015 3580 posse,
2036 3501 2161 3580 quoties

1409 3598 1650 3676 eleemosynam
1672 3597 1705 3658 in
1726 3597 1907 3676 apostolicis
1932 3595 2051 3658 litteris
2075 3611 2161 3674 prae-

1409 3693 1559 3770 scriptam
1581 3690 1715 3752 minime
1738 3690 1906 3752 solverint.

1451 3802 1506 3847 vn.
1535 3785 1681 3862 Denique
1708 3800 1821 3846 omnes
1850 3785 1937 3846 illius
1966 3785 2162 3862 reipublicae

1410 3879 1543 3942 militiae
1559 3893 1766 3956 quocumque
1782 3879 1915 3942 nomine
1926 3879 2090 3958 adscripti,
2105 3879 2162 3939 hoc

1410 3973 1536 4035 indulto
1566 3971 1630 4034 lrui
1658 3979 1822 4052 poterunt,
1848 3989 1883 4034 ea
1905 3971 1999 4050 plane
2025 3973 2160 4043 ratione,

1411 4081 1473 4144 qua
1495 4066 1697 4138 fruebantur,
1722 4081 1795 4128 oum
1818 4065 1981 4129 catholico
1995 4065 2077 4144 Regi
2092 4065 2162 4128 sub-

1410 4159 1484 4222 iecti
1500 4166 1601 4234 erant,
1619 4165 1714 4236 atque
1736 4159 1796 4238 ipsi
1819 4159 1856 4220 ab
1879 4159 2088 4237 eleemosyna
2104 4158 2163 4220 sol-

1410 4254 1515 4316 venda
1536 4253 1699 4316 immunes
1722 4269 1792 4314 esse
1815 4252 1990 4326 debebunt,
2013 4252 2163 4330 quemad-

1412 4349 1545 4412 modum
1568 4349 1638 4410 veri
1661 4363 1817 4426 pauperes
1839 4347 1957 4425 aliique
1980 4363 2095 4409 omnes
2117 4363 2163 4407 so·

1412 4443 1514 4505 lemni
1536 4440 1730 4520 paupertatis
1746 4446 1822 4502 voto
1839 4440 1983 4504 obstricti
1998 4441 2036 4502 ab
2054 4441 2163 4502 cadem

1413 4536 1620 4614 eleemosyna
1635 4535 1822 4613 praestanda
1838 4535 1971 4596 omniuo
1987 4534 2163 4596 1111111111-

1412 4635 1555 4694 scantur.

1453 4723 1535 4786 llaec
1558 4723 1764 4790 concedimus
1785 4729 1881 4800 atque
1902 4723 2112 4800 indulgemus
2134 4727 2164 4781 et

1413 4820 1541 4882 decreta
1564 4818 1727 4890 volumus,
1752 4819 1887 4879 servatis
1907 4823 2016 4878 tamen
2032 4815 2162 4893 reliquis

1414 4912 1659 4982 conditionibus,
1674 4927 1756 4988 quae
1771 4911 1953 4990 apostolicis
1966 4910 2076 4972 Bullae
2088 4909 2163 4972 Gru-

1414 5007 1511 5068 ciatae
1526 5005 1641 5067 litteris
1657 5003 1880 5083 Hispaniarum
1897 5005 2007 5080 regnis
2019 5004 2081 5065 iam
2094 5018 2162 5064 con-

1414 5099 1507 5162 cessis
1532 5099 1672 5160 adiectae
1694 5105 1786 5170 sunt,
1819 5115 1883 5160 111
1907 5097 2106 5159 obstantibus
2126 5095 2161 5154 iis

1414 5193 1576 5265 omnibus,
1601 5207 1682 5269 quae
1705 5192 1819 5254 iisdem
1842 5193 1873 5252 in
1897 5191 2012 5252 litteris
2032 5207 2097 5253 11111
2112 5187 2161 5250 111-

1413 5296 1497 5350 stare
1520 5288 1685 5350 decretum
1709 5292 1769 5347 est.

1454 5382 1568 5444 Datum
1592 5380 1710 5442 111111
1733 5379 1816 5457 apud
1840 5377 1871 5441 S.
1889 5379 2020 5441 Petrum
2040 5380 2099 5441 sub
2113 5395 2161 5440 11-

1415 5476 1493 5538 nulo
1516 5475 1693 5547 Piscatoris,
1712 5474 1763 5535 die
1784 5491 1826 5536 vv.
1845 5475 1913 5536 dec.
1932 5490 2159 5544 unccexuxvr,

1415 5571 1616 5648 pontificatus
1639 5567 1741 5630 nostri
1763 5585 1847 5630 anno
1869 5586 1911 5630 vv.

967 5811 1030 5822 ---
1063 5806 1171 5827 ······
1172 5789 1817 5844 41⁴·d·ffiuej>;3·t·ct›····w—-
