4864 6994
919 557 1094 604 deuocatus
1116 559 1167 604 ΡΡ.
1191 557 1257 605 xri.

332 723 503 791 Venerabili
521 724 609 792 fratri
625 723 856 792 Bartholomneo
872 723 1038 808 Bruqoiene

513 817 664 902 Episcopo
686 817 858 901 cenetensi,

484 1015 703 1084 etttttothtts
726 1016 786 1083 ΡΡ.
812 1015 883 1082 fvt.

525 1215 714 1284 Venerabilis
737 1217 844 1294 irater,

342 1325 525 1393 salutemet
550 1323 747 1407 apostolicam
776 1323 1024 1390 benedictionem.

93 1525 269 1572 encaenium.
351 1514 604 1593 §tractorem
636 1512 774 1576 officium
805 1512 895 1574 nobis
926 1527 966 1574 ex
993 1512 1061 1574 alto

310 1609 519 1672 commissum
553 1607 633 1670 nihil
665 1622 724 1668 nos
757 1606 856 1682 magis
888 1605 1053 1678 sollicitat,

311 1718 406 1780 quam
427 1699 702 1770 christifidelibus,
719 1703 754 1761 ut
769 1699 802 1760 in
823 1699 908 1760 riam
930 1698 1056 1760 mauda-

311 1803 418 1858 torum
439 1795 496 1857 Dei
517 1793 709 1870 dirigantur,
726 1797 821 1869 atque
841 1791 878 1852 ad
893 1799 1056 1852 aeternam

309 1889 489 1950 arrtrnarum
509 1901 640 1948 suarum
667 1885 898 1962 assequendam
920 1884 1055 1946 salutem

311 1981 500 2060 opportunis
532 1979 697 2058 praesidiis
725 1979 937 2049 adiuventur,
968 1977 1056 2039 ononi

311 2091 375 2152 quo
396 2090 468 2138 cum
483 2073 549 2135 Deo
566 2071 857 2150 possumusstudio
872 2070 1053 2148 providere.

90 2185 218 2240 recusato
234 2197 292 2242 pre
351 2168 419 2244 §2
443 2166 547 2240 Quum
575 2167 682 2242 itaque
711 2172 756 2236 tn,
781 2164 974 2225 venerabilis
997 2163 1056 2224 fra·

77 2249 138 2284 tum.

312 2268 372 2332 ter,
390 2261 444 2337 qui
463 2260 663 2321 coadiutores
678 2257 824 2335 Episcopi
841 2255 1056 2334 Sozopolitani

312 2355 428 2417 Vicarii
440 2353 613 2431 hpostoiioi
625 2351 807 2421 Siamensis,
823 2351 989 2412 humiliter
1005 2365 1057 2427 pe-

311 2449 413 2520 tieris,
437 2453 473 2508 ut
501 2445 558 2507 tihi
587 2445 679 2507 liccat
707 2443 887 2506 Coreanum
917 2460 1056 2520 regnum

311 2541 439 2618 ingredi
461 2546 493 2602 et
514 2539 734 2602 Coreancrum
749 2536 989 2614 neophytorum
1004 2555 1056 2599 cu·

311 2650 380 2696 ram
394 2634 575 2711 suscipere:

98 2747 174 2786 recor
189 2752 293 2788 concae
351 2727 420 2803 §3-
444 2726 517 2798 Nos,
542 2725 708 2804 perpensis
731 2723 951 2786 Coreanorum
974 2724 1056 2786 chri-

81 2797 161 2840 sionis.

310 2822 490 2882 stianorum
512 2818 766 2890 necessitatibus,
784 2818 954 2895 habitaque
970 2819 1056 2880 insu-

310 2931 369 2994 per
384 2915 507 2976 ratione
522 2913 609 2990 quod
624 2911 766 2974 vicarius
778 2910 977 2988 Apostolicns
994 2910 1057 2972 Sia·

311 3008 431 3070 mensis
454 3007 535 3068 facili
558 3005 689 3081 negotio
704 3005 803 3066 alium
819 3005 971 3066 idoneum
988 3020 1058 3082 pre·

310 3102 479 3180 shyterum
501 3099 649 3160 invenire
671 3098 781 3176 possit,
806 3113 906 3174 quem-
919 3098 953 3159 in
968 3099 1057 3160 coad-

309 3196 452 3256 iutorem
473 3193 522 3254 sui
544 3192 652 3268 eligat,
677 3191 716 3253 de
738 3191 871 3252 consilio
891 3191 1057 3252 venerabi-

310 3290 391 3350 lium
406 3289 541 3349 fratrum
555 3291 741 3347 nostrorum
755 3283 886 3346 Sanctae
898 3284 1057 3347 Romanae

309 3381 470 3443 Ecclesiae
492 3377 708 3441 cardinalium
729 3376 790 3437 tuis
807 3376 954 3454 precibus
970 3376 1058 3439 beni-

311 3491 375 3552 gne
403 3477 593 3542 annuentes,
618 3470 675 3531 tihi
704 3470 932 3548 permittimus,
961 3476 1007 3542 ut,
1031 3471 1058 3530 si

310 3567 392 3628 nihil
414 3566 529 3636 obstet,
554 3565 591 3626 ad
614 3577 729 3624 novam
752 3563 938 3624 missionem
963 3564 1057 3641 proti-

311 3659 448 3730 ciscaris,
473 3673 533 3734 qua
555 3656 686 3734 quidem
708 3657 745 3718 ad
765 3656 888 3717 exitum
904 3673 1057 3734 prospere

310 3752 513 3828 feliciterque
546 3750 708 3828 perducta,
739 3751 834 3812 etiam
864 3766 949 3812 nnnc
972 3757 1003 3811 te
1025 3751 1057 3811 in

311 3845 473 3906 vicarium
496 3841 714 3921 Apostolicum
737 3859 794 3920 pro
816 3859 919 3920 regno
938 3842 1058 3906 Goreae

310 3953 386 4000 cum
402 3936 551 4000 omnihus
567 3935 768 3997 facultatibus
781 3935 912 3996 Vicariis
925 3933 1057 4013 Aposto-

311 4032 380 4092 liois
401 4031 435 4091 in
457 4029 644 4106 regionibus
662 4027 821 4100 Sinarum,
839 4028 892 4089 rel
909 4027 991 4090 Sinis
1007 4029 1057 4090 ad·

310 4123 499 4193 iacentibus,
523 4121 654 4184 concedi
675 4121 775 4182 solitis
798 4121 835 4182 ad
857 4128 1002 4182 nostrum
1027 4129 1058 4183 et

312 4216 402 4279 Sedis
417 4215 615 4294 Apostolieae
634 4214 870 4292 beneplacitum
892 4217 1058 4276 auctorita-

311 4317 343 4371 te
359 4309 529 4388 apostolica
545 4315 657 4370 tenore
673 4307 890 4385 praesentium
907 4308 1058 4384 eligimus

311 4409 344 4464 et
372 4404 574 4480 deputamus,
605 4399 737 4462 iacintus
767 4408 798 4460 et
819 4401 1055 4472 constituimus,

308 4496 395 4557 salua
424 4503 532 4556 tamen
560 4510 690 4572 semper
718 4495 750 4554 in
774 4495 956 4571 praemissis
985 4511 1058 4556 con·

311 4589 507 4666 gregationis
523 4587 713 4650 eorumdem
725 4585 939 4648 Cardinalium
953 4593 1058 4648 ancto-

309 4684 415 4744 ritate.
443 4681 625 4744 Mandemus
654 4687 825 4757 propterea
855 4679 1004 4740 omnibus
1027 4685 1058 4740 et
1085 4670 1087 4733 !

309 4776 446 4852 singulis
468 4775 505 4836 ad
535 4789 616 4851 quos
644 4779 765 4851 spectat
792 4789 826 4834 ac
847 4772 1003 4850 spectabit
1024 4773 1057 4834 in
1084 4788 1087 4921 h

310 4875 488 4948 posterum,
513 4873 549 4930 ut
571 4865 626 4928 tihi
650 4865 681 4926 in
704 4865 887 4944 praemissis
909 4873 1057 4943 prompte

310 4969 441 5041 pareant
463 4967 495 5022 et
517 4961 676 5030 obediant,
701 4966 820 5035 tuaque
838 4959 976 5020 salubria
992 4975 1057 5020 nto-

309 5057 375 5117 nita
397 5061 429 5116 et
450 5055 596 5116 mandata
621 5052 790 5114 humiliter
818 5053 1001 5130 suscipiant,
1026 5059 1058 5113 et

310 5148 479 5210 efficaciter
501 5147 677 5225 adimplere
707 5153 891 5224 procurent,
916 5145 1057 5221 alioquin
1084 5136 1087 5213 ἔ

308 5243 502 5304 sententiam
525 5241 593 5302 sire
616 5255 763 5318 poenam,
789 5255 883 5315 quam
900 5239 961 5301 rite
976 5240 1058 5300 tule-
1084 5222 1087 5301 l

1155 675 1268 737 Datum
1297 673 1415 738 Romae
1444 674 1526 754 apud
1557 673 1587 736 S.
1614 674 1742 738 ildariam
1770 674 1863 736 Maio·

1115 783 1185 830 rem
1200 769 1260 830 snb
1276 769 1396 831 annulo
1411 769 1576 830 Piscatoris
1593 769 1644 830 die
1660 785 1704 832 ιιι.
1722 774 1860 858 septem-

1116 863 1180 924 bris
1202 879 1415 934 dccccxxxi,
1436 861 1637 940 pontiilcatus
1653 861 1754 924 nostri
1769 877 1819 923 an.
1837 877 1859 922 ι.

1371 1021 1610 1032 ——n—-n—u——u-

1432 1141 1540 1206 xviii.

1118 1328 1195 1392 Unio
1217 1329 1405 1392 dioecesium
1421 1328 1617 1392 -Uronieneis
1644 1331 1674 1388 et
1696 1325 1862 1405 Suhsploo·

1153 1423 1273 1485 niensis
1296 1422 1472 1486 Basileeosi
1494 1421 1579 1502 opud
1600 1420 1766 1484 Helvetios.

1290 1591 1507 1660 entecnius
1531 1591 1591 1658 ΡΡ.
1616 1590 1686 1658 xttt.

1232 1716 1268 1782 ed
1292 1721 1466 1798 perpetuam
1492 1716 1534 1781 ιιι
1561 1714 1741 1781 memoriam.

1154 1893 1172 1966 ἓ
1193 1892 1219 1952 l.
1234 1891 1281 1952 hd
1293 1891 1469 1953 faciliorem
1482 1889 1801 1965 commodioremque
1813 1887 1861 1948 rei
1903 1899 2070 1944 rroocmmm.

1114 2000 1220 2046 sacrae
1242 1984 1501 2062 procurationem
1518 1999 1576 2062 pro
1592 1983 1737 2046 locorum
1753 1980 1859 2042 condi-

1114 2075 1201 2137 tione
1230 2075 1430 2138 statuendam
1460 2075 1654 2154 pervigilare
1683 2091 1741 2136 nos
1762 2073 1861 2150 adigit

1114 2169 1282 2232 commissa
1303 2167 1394 2230 nohis
1428 2168 1580 2231 divinitus
1609 2185 1667 2247 pro
1689 2167 1859 2230 universae

1114 2263 1271 2324 Ecclesiae
1294 2261 1484 2324 utilitatibus
1506 2260 1699 2324 sollicitudo.

1153 2356 1222 2432 ἐι.
1251 2355 1412 2417 habentes
1441 2355 1575 2432 proinde
1603 2371 1639 2414 ea
1667 2353 1857 2431 accepimns,
1879 2370 1961 2412 aenon
1980 2367 2089 2412 aaronis.
2154 2418 2156 2424 ,

1116 2463 1196 2525 quae
1223 2448 1260 2509 ad
1282 2463 1377 2525 pagos
1400 2447 1608 2509 Uraniensem
1638 2452 1670 2508 et
1691 2447 1860 2522 utriusque

1116 2539 1345 2618 Suhsylvaniae
1376 2539 1548 2601 Basileensi
1580 2539 1718 2600 dioecesi
1748 2539 1860 2601 unien-

1115 2635 1171 2696 dos
1194 2635 1281 2696 iuxta
1313 2634 1367 2696 fel.
1391 2650 1455 2696 rec.
1480 2633 1734 2712 praedecessoris
1757 2635 1860 2696 nostri

1114 2728 1160 2788 Pii
1182 2727 1259 2790 tili.
1283 2733 1357 2787 rota
1376 2743 1391 2786 a
1407 2725 1584 2786 venerabili
1600 2725 1698 2786 fratre
1714 2725 1860 2804 Philippo

1114 2819 1361 2898 archiepiscopo
1389 2818 1624 2894 cathaginense
1645 2825 1756 2880 nostro
1777 2820 1860 2897 apud

1114 2913 1276 2974 Helvetios
1298 2911 1413 2973 nuntio
1434 2917 1510 2972 sunt
1531 2911 1694 2972 conciliata
1716 2928 1787 2973 cum
1805 2928 1860 2974 uo-

1114 3005 1231 3068 hilihus
1253 3005 1342 3076 viris,
1360 3005 1415 3082 qui
1437 3004 1470 3066 in
1492 3005 1684 3066 eorumdem
1703 3019 1859 3082 pagorum

1114 3100 1251 3162 comitiis
1273 3099 1311 3159 ad
1332 3098 1363 3159 id
1386 3097 1507 3174 negotii
1527 3096 1660 3159 fuerunt
1675 3100 1858 3176 praepositi,

1114 3193 1234 3256 Cuncta
1262 3193 1370 3268 itaque
1399 3191 1446 3252 rei
1468 3190 1592 3253 ratione
1621 3197 1767 3254 accurate
1789 3209 1860 3271 per-

1115 3302 1222 3364 pensa,
1237 3285 1402 3362 cupientes
1418 3299 1477 3346 nos
1491 3283 1649 3362 spirituali
1665 3286 1859 3363 populorum

1115 3379 1234 3440 ibidem
1256 3377 1445 3454 degentium
1461 3377 1546 3440 bono
1560 3377 1732 3440 salubriter
1747 3395 1860 3442 consu-

1114 3471 1193 3544 lere,
1219 3487 1258 3532 ιιι
1280 3477 1366 3532 certa
1387 3470 1519 3532 scientia
1540 3487 1574 3532 ac
1596 3477 1719 3532 matura
1742 3472 1861 3535 delibe-

1114 3566 1236 3626 ratione
1252 3564 1381 3636 nostris‚
1399 3564 1503 3640 deque
1519 3563 1708 3642 apostolicae
1724 3571 1860 3642 potesta·

1114 3659 1154 3719 tis
1177 3657 1376 3735 plenitudine
1398 3663 1521 3734 partem
1544 3657 1728 3718 Uraniensis
1751 3659 1860 3735 pegia

1114 3750 1349 3814 Constantiensi
1364 3749 1502 3812 dioecesi
1517 3749 1704 3821 seiunctam,
1721 3765 1780 3811 nec
1795 3766 1861 3812 non

1115 3844 1284 3920 utriusque
1301 3841 1530 3919 Suhsylvaniac
1546 3857 1653 3920 pagos
1672 3843 1727 3918 qni
1743 3843 1861 3920 pariter

1113 3938 1151 3998 ad
1172 3938 1259 3999 illam
1282 3935 1455 3998 dioecesim
1475 3935 1552 3998 oiim
1567 3935 1762 4012 spectabant,
1779 3936 1861 3999 Basi-

1114 4031 1216 4092 leensi
1242 4029 1380 4092 dioecesi
1408 4035 1566 4106 perpetuo
1595 4028 1807 4090 adtribuimus
1829 4036 1862 4092 ιι

1114 4125 1324 4201 assignamus.
1349 4122 1428 4184 ilinc
1451 4121 1490 4182 ob
1513 4121 1557 4183 sic
1586 4121 1747 4183 decretam
1770 4123 1861 4186 unio·

1115 4233 1190 4280 nem
1211 4217 1355 4278 redditus
1375 4214 1573 4292 episcopatus
1588 4213 1787 4287 Basileensis,
1806 4217 1861 4292 qui

1114 4311 1210 4372 modo
1232 4309 1441 4372 aestimantur
1464 4307 1575 4368 decem
1602 4307 1745 4370 millibus
1767 4309 1860 4370 libra·

1114 4419 1188 4465 rum
1200 4402 1400 4472 helveticar.,
1411 4399 1617 4476 augebuntur
1631 4405 1710 4462 stata
1725 4401 1860 4478 quadam

1115 4511 1251 4567 summa,
1266 4511 1327 4571 qua
1343 4509 1400 4572 pro
1416 4493 1593 4554 incolarum
1606 4493 1644 4554 iis
1659 4493 1792 4571 inpagis
1808 4495 1860 4556 de-

1116 4590 1262 4666 gentium
1284 4603 1421 4650 numero
1450 4587 1657 4665 praefinietnr
1678 4589 1767 4650 iuxta
1788 4605 1861 4651 con-

1115 4683 1263 4754 ditiones,
1294 4681 1423 4759 regulas
1445 4681 1601 4758 legesque
1623 4681 1656 4742 in
1679 4681 1766 4744 illius
1788 4698 1860 4744 cen·

1113 4793 1166 4838 sus
1188 4775 1415 4838 constitutione
1441 4781 1582 4836 servatas
1611 4790 1669 4851 pro
1691 4775 1778 4852 pagis
1800 4775 1861 4836 Lu-

1115 4869 1274 4940 cernensi,
1306 4867 1526 4938 Solodurensi,
1561 4866 1728 4938 Beruensi,
1760 4867 1861 4944 argo-

1114 4963 1218 5023 riensi
1240 4969 1272 5024 et
1293 4959 1549 5037 'lhurgoriensi3
1573 4960 1684 5021 eadem
1701 4961 1814 5037 regula
1829 4968 1862 5023 et

1114 5055 1322 5134 praescriptio
1354 5054 1420 5115 rim
1448 5051 1579 5114 habebit
1606 5053 1638 5113 in
1667 5054 1862 5132 suffraganei

1114 5164 1213 5209 censu
1242 5147 1424 5216 sanciendo,
1449 5161 1546 5223 quem
1576 5146 1609 5206 in
1638 5161 1787 5224 praesens
1812 5147 1860 5210 bis

1114 5241 1204 5302 mille
1217 5241 1306 5302 libris
1317 5238 1488 5301 Helveticis
1501 5245 1646 5300 constare
1659 5245 1786 5300 cautum
1799 5246 1858 5301 est.

1803 541 1843 604 23
1894 543 1947 596 An.
1962 545 1991 600 0.
2014 544 2080 596 teat

311 5335 354 5395 ris
376 5351 433 5395 seu
457 5333 605 5396 statueris
627 5333 660 5394 in
690 5333 847 5404 rebelles,
880 5339 978 5394 ratam
1005 5331 1087 5407 ina-5
1155 5333 1223 5408 53.
1247 5333 1292 5394 De
1313 5332 1471 5394 canonicis
1494 5338 1601 5392 antem
1617 5331 1782 5393 decretum
1799 5339 1857 5404 est,
1913 5348 2091 5412 necanonrcts

310 5427 459 5489 bebimus
482 5435 514 5488 et
542 5427 693 5489 faciemus
715 5433 900 5488 auctorante
922 5425 1058 5488 Domino
1085 5412 1087 5425 '
1114 5435 1151 5490 ut
1171 5433 1298 5506 praeter
1319 5428 1381 5487 iam
1404 5431 1548 5487 extantes
1569 5425 1736 5486 canonicos
1758 5424 1792 5486 in
1813 5441 1859 5486 oa·
1879 5402 2091 5508 ‘ggfflffffflssgffl

310 5537 414 5597 usqne
430 5522 468 5582 ad
483 5521 731 5582 satisfactionem
748 5519 940 5596 condignam
956 5520 1057 5580 invio·
1085 5542 1087 5565 ι
1115 5521 1253 5598 pitulum
1276 5519 1456 5580 cathedrale
1478 5518 1658 5580 Basileense
1674 5533 1860 5578 accensean—
1879 5507 1994 5554 ⁵⁵¹0⁰¹¹⁵⁰·

310 5615 450 5675 labiliter
472 5613 646 5675 observari.
1085 5632 1087 5641 ·
1115 5621 1168 5676 tur
1183 5622 1249 5675 tres
1264 5613 1406 5676 canonici
1422 5629 1486 5674 non
1502 5613 1680 5673 residentes
1695 5611 1783 5672 iuxta
1796 5617 1859 5673 tres

350 5708 419 5782 54.
450 5707 521 5770 Non
549 5706 749 5770 obstantibus
778 5705 1058 5768 constitutionibus
1085 5706 1087 5723 '
1115 5715 1309 5770 memoratos
1325 5722 1421 5784 pagos
1436 5705 1633 5782 designandi,
1648 5719 1787 5780 quorum
1802 5705 1860 5766 sci-

310 5809 344 5863 et
365 5801 581 5863 sanctionibus
600 5801 791 5878 apostolicis
810 5800 1009 5876 caeterisque
1025 5800 1057 5860 in
1085 5790 1087 5812 '
1114 5803 1189 5862 lieet
1209 5799 1289 5860 alter
1317 5799 1355 5859 ab
1377 5797 1545 5859 Uraniensi
1574 5803 1741 5868 statuatur,
1766 5803 1798 5858 et
1820 5813 1860 5859 ex

311 5895 507 5958 contrarium
530 5893 719 5956 iacientibus
740 5894 1009 5972 quibuscumque.
1085 5928 1087 5952 ι
1115 5893 1238 5958 duobus
1267 5891 1400 5972 reliquis
1424 5891 1506 5954 alter
1534 5908 1550 5952 a
1578 5905 1660 5970 pago
1689 5889 1860 5972 Subsylva-
