4770 6982
899 561 1075 610 caesonius
1096 527 1237 609 rrssxvr.

294 677 445 758 principis
473 679 581 743 Novae
610 682 728 745 Galliae
757 681 972 745 Meridionalis
1004 679 1041 742 ad

294 772 596 852 archiepiscopalem
623 776 813 854 dignitatem
845 781 878 838 et
906 776 1040 852 gradum

293 883 349 928 seu
372 867 405 928 in
431 870 712 948 metropolitanam
742 872 921 946 evehimus,
946 873 1042 950 erigi·

294 977 366 1023 mus
389 969 421 1025 et
442 965 680 1038 constituimus
694 982 768 1028 cum
791 965 942 1028 omnibus
964 965 1041 1028 iuri-

294 1055 364 1128 bus,
388 1056 578 1132 honoribus,
596 1059 787 1137 privilegiis,
810 1059 955 1131 indultis,
973 1061 1041 1138 qui-

293 1147 352 1210 bus
374 1148 453 1212 aliae
481 1151 766 1230 archiepiscopales
795 1169 853 1215 seu
879 1161 1041 1232 metropo-

292 1241 408 1304 litanae
431 1243 583 1308 ecclcsiae
611 1251 760 1318 utuntur,
784 1247 964 1326 potiuntur,
988 1249 1040 1310 vel

292 1336 339 1398 uti
361 1353 395 1399 ac
424 1336 488 1399 lrui
517 1346 652 1416 possunt
676 1346 708 1402 et
736 1347 900 1418 poterunt.
935 1339 1040 1419 Atque

292 1428 479 1492 huiusmodi
500 1431 759 1511 archiepiscopali
776 1432 977 1512 Sydneyensi
993 1452 1041 1496 se-

292 1523 323 1584 di
345 1523 538 1604 Episcopum
569 1526 831 1590 llobartoniensis
858 1529 981 1592 insulae
1007 1549 1041 1594 ac

292 1622 398 1680 torrae
410 1616 634 1682 van-bremen
646 1637 704 1682 seu
717 1621 910 1694 Tasmaniae,
925 1629 957 1685 et
969 1624 1040 1702 Epi-

290 1727 423 1790 scopum
445 1711 690 1776 ddelaidensem
713 1715 921 1780 inlustrabat
944 1719 1040 1780 meri-

261 1805 265 1814 '
291 1805 410 1868 dionali
430 1805 592 1870 subiectos
609 1825 677 1870 esse
693 1809 812 1872 debere
827 1811 1040 1890 praecipimus

74 1995 189 2054 berngat
211 2005 272 2038 con·

52 2053 141 2090 tractis

90 3885 253 3930 Prooemium.

70 4820 150 4916 niilatio
165 4822 269 4869 divisio·

92 4885 106 4916 5.

290 1905 386 1976 atque
408 1901 607 1964 mandamus.

330 1995 348 2068 5
370 1992 410 2062 3.,
424 1992 506 2056 llaec
521 1996 684 2070 volumus,
699 1998 880 2072 statuimus,
895 1999 1040 2062 decerni-

291 2102 374 2157 mus,
392 2093 488 2166 atque
504 2088 665 2162 iubemus,
683 2107 748 2153 non
765 2092 964 2154 obstantibus
977 2099 1037 2154 etc.

330 2179 444 2242 Datum
466 2179 585 2243 Romae
606 2185 688 2261 apud
711 2183 743 2246 S.
761 2185 891 2272 lffetrum
907 2185 968 2247 sub
987 2203 1040 2247 an-

290 2275 367 2336 nulo
379 2275 547 2337 Piscatoris
562 2277 613 2339 die
625 2295 705 2340 xxrr.
720 2279 827 2357 aprilis
839 2295 1037 2352 uococrnrn,

291 2368 491 2445 pontificatus
513 2371 616 2432 nostri
637 2388 720 2435 anno
739 2391 796 2435 xn.

561 2563 772 2570 ...--—-—

605 2749 720 2814 ccxli.

290 2937 455 3017 Distringit
471 2957 491 3002 a
506 2937 671 3002 vicariatu
684 2940 860 3020 ‚apostolico
884 2938 1040 3004 Oceoatioe

333 3029 545 3095 Occidentalis
559 3049 658 3095 cacroc
671 3033 851 3096 concredito
872 3032 1040 3096 societatis

328 3123 552 3204 Lugdunensis
574 3125 611 3186 Β.
629 3125 672 3188 M.
693 3125 723 3188 V.
745 3127 853 3208 plures
882 3127 1037 3206 regiones,

329 3233 408 3294 quos
423 3217 458 3279 in
473 3235 591 3280 novum
605 3219 802 3282 vicariatum
818 3220 1037 3302 apostolicum,

333 3310 512 3375 Centrclcau
533 3315 800 3395 nuncupandum,
817 3315 924 3394 cripit,
941 3313 1039 3374 cidem

330 3403 481 3469 Societoti
502 3407 771 3470 caminiecensem.

463 3550 684 3646 onreo‘nus
708 3580 769 3646 ea.
795 3579 867 3646 xvv.

404 3701 439 3768 ad
467 3707 642 3787 perpetuam
672 3703 715 3768 rei
742 3702 922 3770 memorien.

329 3879 467 3942 Pastoris
489 3878 612 3940 aeterni
626 3878 777 3940 vicariam
793 3893 923 3956 operam
939 3877 991 3940 bic
1005 3877 1038 3940 in

290 3971 395 4044 terris,
412 3971 510 4034 nullis
529 3978 617 4034 certe
633 3973 751 4034 nostris
767 3972 964 4051 promeritis,
981 3973 1038 4035 sed

288 4064 442 4128 inetiabili
454 4065 581 4128 divinae
597 4066 819 4144 providentiae
833 4065 967 4128 consilio
984 4081 1038 4143 ge-

288 4166 411 4234 rentes,
437 4160 524 4221 omni
548 4167 636 4222 certe
664 4160 750 4232 cure,
774 4159 880 4222 studio
902 4177 936 4223 ac
956 4159 1038 4237 vigi-

288 4252 385 4316 lantii
413 4254 596 4332 prospicere
625 4252 857 4326 debemusne
886 4254 1037 4316 dominici

290 4347 398 4424 gregis
427 4361 516 4420 oves,
545 4347 636 4409 nobis
663 4345 817 4408 divinitus
848 4347 1037 4410 commissae

289 4446 384 4518 atque
406 4440 619 4511 concreditae,
637 4439 739 4516 magis
755 4440 923 4518 magisque
938 4441 976 4508 ad
991 4457 1038 4502 sa-

288 4533 402 4596 lutaria
430 4549 544 4613 pascua
570 4533 785 4606 deducantur,
811 4533 964 4612 omnique
985 4536 1037 4598 ad-

288 4627 443 4690 iuventur
458 4628 627 4707 praesidio,
641 4642 705 4704 quo
717 4627 854 4690 salutem
868 4643 1037 4706 assequan-

288 4721 342 4783 tur
363 4727 539 4784 aeternam.

327 4815 396 4891 gl.
420 4815 529 4894 ltaque
558 4831 631 4878 cum
660 4816 785 4878 sumrnd
811 4817 909 4877 animi
935 4817 1037 4879 nostri

288 4908 406 4971 laetitit
421 4909 611 4972 noverimus
622 4910 655 4971 in
671 4909 868 4988 amplissimo
884 4910 1036 4972 vicariatu

288 5003 461 5080 apostolico
489 5001 641 5066 Oceaniae
669 5003 702 5064 in
729 5009 819 5082 parte
850 5003 1037 5066 occidentali

289 5093 454 5159 Societatis
476 5095 702 5174 Lugdunensis
724 5097 784 5158 sub
806 5097 901 5159 titulo
923 5097 957 5158 B.
977 5097 1037 5160 lila-

288 5189 354 5252 rise
379 5189 417 5252 v.
447 5190 645 5270 presbyteris
674 5191 846 5253 commisso
876 5192 1037 5269 evangeli-

288 5299 355 5348 cam
384 5285 491 5347 lucem
523 5285 630 5346 divini
658 5285 838 5363 adspirante
868 5286 967 5363 gratia
994 5287 1038 5348 ita

288 5393 521 5456 usquequaque
554 5379 751 5458 pervasisse,
783 5386 820 5442 ut
846 5379 1037 5443 innumerae

289 5470 351 5533 iarn
375 5477 487 5549 gentes
510 5489 528 5535 e
557 5473 700 5535 tenebris
727 5479 758 5535 et
779 5472 894 5535 umbri
923 5475 1037 5537 mortis

287 5564 410 5627 luerint
438 5565 581 5638 eductae,
605 5571 700 5643 atquc
729 5565 852 5628 indies
882 5573 1038 5644 augeatur

288 5657 491 5722 credentium
506 5659 540 5720 in
555 5659 692 5721 Domino
714 5659 899 5732 multitudo,
916 5677 951 5722 ac
966 5677 1038 5740 pro·

288 5757 398 5830 pterea
420 5767 496 5814 ven.
520 5751 620 5814 irater
640 5751 775 5814 loannes
787 5751 925 5831 Baptista
946 5753 1038 5815 Pom-

288 5845 401 5924 pallier
422 5845 591 5910 Maroneae
613 5846 802 5932 Episcopus,
817 5848 872 5925 qui
893 5847 927 5909 in
949 5863 1038 5926 prae-

287 5941 389 6004 sentia
411 5941 509 6004 totius
525 5941 694 6004 vicariatus
716 5939 926 6006 Occidentalis
949 5958 1038 6021 prac-

1099 695 1161 753 ses,
1185 681 1226 743 ob
1256 682 1387 746 nimiam
1411 683 1556 748 locorum
1586 685 1726 748 invicem
1748 685 1847 748 inter-

1099 772 1182 836 iecto
1213 792 1302 838 mare
1334 777 1556 840 seiunctorum
1589 779 1781 851 distantiam,
1813 797 1848 842 ac

1099 869 1293 948 multiplices
1323 873 1508 934 commercii
1536 873 1737 936 difficultates
1759 881 1847 936 tanto

1099 963 1189 1026 oneri
1206 963 1341 1026 terendo
1355 965 1459 1044 impar
1476 967 1607 1028 omnino
1622 968 1673 1040 sit,
1692 969 1730 1030 de
1745 983 1843 1029 venn.

1098 1058 1234 1120 fratrum
1258 1063 1443 1121 nostrorum
1468 1058 1499 1121 S.
1516 1059 1552 1122 ll.
1570 1060 1606 1121 Ε.
1630 1059 1846 1123 Cardinalium

1098 1152 1237 1230 negotiis
1252 1152 1475 1230 Propagandae
1490 1152 1578 1215 Fidei
1591 1155 1846 1232 praepositorum

1097 1245 1234 1310 consilio
1264 1247 1435 1308 nonnullas
1468 1263 1508 1308 ex
1544 1248 1658 1310 eodem
1693 1251 1846 1312 vicariatu

1097 1339 1248 1416 regiones
1263 1340 1447 1417 seiungere,
1465 1356 1582 1418 easque
1605 1343 1637 1404 in
1659 1343 1846 1405 distinctum

1097 1433 1308 1512 apostolicum
1330 1435 1517 1497 vicariatum
1540 1436 1632 1498 alteri
1655 1437 1795 1516 praesuli
1815 1454 1846 1499 e-

1097 1528 1223 1590 iusdem
1244 1529 1410 1592 Societatis
1425 1531 1694 1594 committendum
1713 1547 1747 1593 ac
1765 1531 1845 1593 Cen-

1098 1623 1211 1684 tralem
1245 1624 1468 1702 appellandum
1502 1625 1630 1703 erigere
1662 1626 1843 1699 statuimus,

1097 1731 1161 1793 quo
1177 1716 1311 1789 facilins,
1329 1717 1430 1778 tutius
1445 1725 1540 1795 atque
1557 1719 1768 1797 opportunius
1783 1721 1845 1798 spi-

1096 1810 1204 1872 rituali
1223 1810 1354 1872 illorum
1370 1810 1636 1874 cbristindelinn
1653 1813 1737 1875 bono
1750 1820 1845 1891 atque

1095 1903 1226 1965 utilitati
1247 1904 1442 1966 consulatur.

1136 1997 1205 2072 §2-
1229 1997 1337 2075 ltaque
1360 2005 1449 2061 motu
1473 2001 1614 2078 proprio,
1636 2003 1721 2063 certa
1743 2002 1845 2064 scien·
1865 2014 2078 2112 lupqqssiv'vecgaata-

1098 2090 1148 2162 tia,
1172 2093 1297 2154 maturi
1318 2092 1567 2165 deliberatione,
1592 2094 1697 2171 deque
1722 2103 1844 2174 aposto·

1096 2184 1174 2248 licae
1187 2191 1315 2247 nostrae
1327 2187 1492 2264 potestatis
1505 2187 1717 2265 plenitudine,
1729 2189 1844 2250 barum

1096 2277 1265 2341 literarum
1280 2279 1323 2351 vi,
1341 2295 1464 2342 novum
1479 2286 1573 2358 atque
1597 2282 1782 2344 distinctum
1799 2284 1845 2344 vi-

1096 2371 1249 2434 cariatum
1272 2373 1494 2451 apostolicum,
1515 2373 1698 2438 Centralem
1722 2393 1844 2439 nuncu-

1096 2467 1248 2546 pandum,
1261 2465 1414 2530 Oceaniae
1429 2467 1462 2529 in
1475 2475 1564 2547 parte
1581 2469 1768 2533 occidentali
1784 2469 1845 2532 erl-

1097 2560 1203 2637 gimus
1226 2566 1259 2622 et
1269 2561 1479 2634 instituimus,
1504 2561 1545 2625 ita
1561 2569 1597 2626 ut
1612 2563 1688 2625 novi
1710 2563 1844 2626 huiusce

1096 2653 1265 2714 vicariatus
1288 2653 1407 2718 limites
1429 2657 1665 2720 constituantur
1680 2657 1716 2720 ad
1740 2659 1844 2720 orien-

1097 2753 1162 2808 tem
1185 2746 1268 2808 lined
1297 2749 1467 2811 meridiani
1488 2765 1570 2827 quae
1592 2767 1649 2829 per
1678 2751 1843 2830 blangeam

1095 2841 1233 2904 insulam
1256 2843 1381 2914 transit,
1404 2843 1473 2906 sive
1495 2843 1578 2906 linea
1600 2845 1678 2922 ipsi,
1693 2860 1774 2922 quae
1789 2844 1844 2907 Oc-

1095 2936 1287 2998 cidentalcrn
1309 2937 1347 2998 ab
1368 2935 1521 2998 Orientali
1543 2938 1694 3001 vicariatu
1712 2939 1842 3015 dividit;
1925 2934 1927 2945 '

1095 3029 1133 3091 ad
1160 3029 1360 3092 occidentem
1389 3030 1472 3092 linei
1501 3046 1631 3108 quoque
1661 3033 1841 3105 meridiani,

1096 3137 1177 3200 quae
1191 3124 1380 3186 orientalem
1392 3124 1493 3202 tangit
1503 3125 1611 3186 sinum
1623 3126 1747 3190 insulae
1756 3127 1845 3190 Obri-

1095 3217 1209 3288 stoval,
1234 3217 1311 3295 quin
1327 3223 1434 3292 tamen
1450 3233 1520 3280 earn
1542 3219 1790 3298 complectatur;
1807 3223 1842 3283 ad

1095 3311 1364 3388 septemtrionem
1397 3311 1481 3374 linet
1515 3313 1772 3390 aequinoctialis;
1806 3315 1843 3378 ad

1096 3405 1265 3467 meridiem
1296 3405 1434 3484 denique
1457 3406 1616 3485 tropicum
1639 3406 1842 3486 Capricorni;

1095 3515 1129 3560 ac
1150 3505 1321 3577 propterea
1344 3500 1449 3562 eidem
1474 3501 1641 3563 vicariatui
1663 3518 1775 3564 omnes
1797 3503 1843 3564 in-

1094 3599 1142 3654 tra
1165 3593 1343 3670 praedictos
1372 3593 1452 3655 fines
1481 3594 1633 3671 regiones
1661 3596 1778 3673 positas
1800 3604 1843 3658 at-

1094 3686 1230 3748 tributas
1252 3703 1323 3748 esse
1348 3687 1570 3764 decernimus3
1595 3703 1734 3766 namque
1756 3690 1843 3752 insu-

1093 3781 1139 3842 las
1161 3781 1262 3858 vulgo
1281 3780 1393 3848 wallis
1415 3780 1550 3852 Futuna,
1575 3781 1694 3860 longa,
1712 3783 1840 3858 Hamoa,

1094 3872 1181 3952 Witij
1204 3872 1292 3936 Nova
1320 3873 1509 3947 Caledonia,
1538 3873 1645 3936 Novae
1672 3875 1840 3950 Hebrides,

1093 3966 1233 4044 aliasque
1254 3983 1365 4046 parvas
1386 3967 1506 4030 insulas
1526 3967 1564 4030 iis
1585 3968 1768 4032 interiectas
1789 3972 1843 4033 vel

1093 4061 1291 4132 adiacentes,
1323 4075 1400 4138 quas
1430 4077 1543 4124 ornnes
1572 4068 1604 4124 et
1629 4063 1772 4140 singulas
1793 4079 1843 4126 re-

1095 4154 1207 4230 giones
1237 4155 1348 4217 eidem
1377 4155 1565 4218 auctoritate
1593 4157 1702 4218 nostri
1724 4174 1740 4218 a
1761 4157 1843 4218 vica-

1094 4247 1177 4309 riatu
1199 4255 1231 4310 et
1253 4249 1436 4310 omnimodi
1458 4249 1679 4312 iurisdictione
1696 4250 1842 4312 eiusdem

1093 4355 1168 4402 ven.
1192 4341 1300 4403 fratris
1322 4341 1447 4404 loannis
1469 4341 1625 4421 Baptistae
1650 4343 1843 4423 Pompallier

1094 4423 1252 4514 perpetuo
1268 4434 1445 4499 auferimus
1461 4443 1556 4514 atque
1572 4437 1842 4500 dismembramus

1095 4529 1181 4591 etin
1202 4529 1398 4609 peculiarem
1421 4545 1543 4593 novum
1565 4531 1775 4612 apostolicum
1796 4533 1843 4595 vi-

1094 4624 1247 4686 cariatum
1279 4623 1460 4691 Centralem
1492 4625 1717 4704 appellandum
1747 4627 1843 4705 erigi-

1094 4733 1167 4780 mus
1182 4724 1215 4781 et
1228 4718 1463 4782 constituimus.
1480 4719 1542 4798 lpsi
1554 4727 1662 4782 autem
1675 4721 1742 4784 llic.
1760 4721 1843 4800 Apo-

1093 4813 1207 4876 stolico
1228 4813 1325 4874 huius
1347 4814 1423 4875 novi
1438 4813 1607 4876 vicariatus
1627 4814 1666 4877 ab
1688 4815 1746 4877 bac
1760 4815 1843 4894 Apo-

1093 4907 1203 4970 stolica
1226 4907 1308 4970 Sede
1331 4907 1480 4986 eligendo
1510 4925 1623 4971 omnes
1646 4915 1678 4972 et
1699 4909 1842 4987 singulas

1093 5001 1258 5064 facultates
1290 5001 1475 5064 huiusmodi
1497 5001 1630 5064 Vicariis
1651 5001 1842 5082 Apostolicis

1093 5095 1225 5158 concedi
1247 5093 1357 5156 solitas
1378 5095 1489 5156 eadem
1516 5096 1704 5158 auctoritate
1733 5101 1842 5158 nostra

1094 5189 1300 5252 concedimus
1323 5195 1355 5251 et
1375 5189 1593 5268 impertimur.

1133 5283 1202 5358 53.
1227 5282 1308 5345 llaec
1334 5283 1501 5357 volumus,
1533 5285 1719 5358 statuimus,
1747 5292 1842 5363 atque

1093 5379 1297 5451 mandamus,
1328 5379 1540 5442 decernentes
1570 5379 1624 5441 bas
1657 5385 1842 5458 praesentes

1094 5470 1216 5532 litteras
1238 5487 1368 5550 semper
1385 5472 1503 5544 firmas,
1518 5471 1636 5534 validas
1654 5479 1686 5533 et
1700 5473 1842 5535 efficaces

1094 5565 1235 5628 existere
1256 5571 1289 5626 et
1309 5565 1390 5638 lore,
1415 5581 1556 5644 suosque
1572 5565 1732 5645 plenarios
1750 5571 1782 5629 et
1795 5566 1843 5628 in·

1095 5665 1204 5737 tegros
1227 5659 1359 5722 ellectus
1381 5659 1490 5722 sortiri
1513 5667 1545 5722 et
1567 5659 1726 5734 obtinere,
1750 5676 1785 5723 ac
1805 5659 1843 5722 iis

1094 5753 1132 5816 ad
1154 5767 1234 5831 quos
1256 5759 1377 5832 spectat
1399 5759 1431 5815 et
1452 5752 1485 5815 in
1507 5754 1654 5816 loturum
1676 5753 1840 5833 spectabit,

1094 5848 1155 5910 boc
1166 5847 1349 5925 futurisque
1365 5847 1565 5926 temporibus
1578 5847 1763 5926 plenissime
1778 5848 1843 5910 sut-

1095 5941 1212 6020 iragari
1227 5959 1261 6004 ac
1276 5939 1506 6004 invielabiliter
1526 5939 1710 6018 observari3
1733 5943 1844 6022 sicque

1768 551 1827 614 295
1878 553 1930 604 An.
1946 555 1976 607 O.
1997 556 2067 606 1842
