1290 1823
562 175 595 186 lun.
607 174 653 186 rowr.
665 174 685 186 ne
696 174 711 186 ι’.
722 174 737 185 r.
749 174 791 186 rans
802 174 813 185 1.

488 209 500 226 S
511 210 542 227 ΡΡ.
554 210 590 226 ΧῊ.

495 250 516 267 rei
528 250 617 267 memoriam.

487 301 499 313 n
507 297 601 317 apostolicae
609 297 676 317 dignita-

488 322 533 336 certe
544 321 602 336 nostris
613 324 676 340 prome<

487 344 551 359 divinae
566 344 676 363 providentiae

487 368 566 386 iropterea
576 367 593 383 in
603 367 675 383 universi

487 392 526 406 item
537 390 581 406 omni
594 394 676 406 sacrorum

487 417 575 433 immopere
585 413 650 432 intenti.
658 415 676 429 ut

487 440 492 452 ³
503 436 568 452 stabiles
582 438 629 456 atque
640 437 676 452 l'un-

487 459 539 479 gionis
549 463 604 475 amore
615 460 676 475 innam>

488 482 507 498 iis
521 483 593 501 Domini.
608 483 676 503 eiusque

487 508 548 525 ,terque
561 508 632 524 servent.
644 507 675 522 sin-

487 531 518 545 iate
532 529 565 549 pias
579 533 636 545 eorum
648 530 675 545 bo-

487 556 519 568 ·ere
531 552 608 570 solemus.
620 553 648 572 qui
659 553 675 568 in

495 576 562 595 collegia
576 576 625 592 coacti
636 576 675 592 divi-

487 603 539 617 )vere.
556 599 633 615 maiorem
647 599 676 615 Dei

496 624 543 641 atque
554 622 573 637 iis
580 622 675 642 praesertim

487 645 541 661 itatem
556 646 582 661 vel
593 646 609 661 in
624 646 675 661 Deum

487 669 588 687 aeselerunt,
600 669 675 685 insistere

497 694 544 711 atque
556 692 651 711 gloriantur.

493 715 539 731 nobis
549 717 626 731 curarunt
637 716 676 731 dile·

487 742 500 756 ι,
515 738 574 758 aliique
588 739 675 754 sodalitatis

487 773 490 779 .
505 765 546 781 quae
556 766 564 777 a
575 761 641 781 Deipara
655 762 675 778 de

487 785 526 804 lema
537 785 553 800 in
568 785 606 801 aede
620 785 675 801 heatae

488 812 535 828 perae
546 812 595 827 sacra.
604 808 631 824 nbi
639 813 675 828 pro-

488 843 491 849 .
499 831 515 847 in
523 831 586 847 civitate
597 831 675 847 Fluminis

488 856 526 872 tuta,
535 859 552 870 se
564 855 637 874 impense
648 859 675 871 cu-

488 879 520 893 tem
527 878 575 893 tertio
582 878 637 894 beatae
645 878 675 894 Ma-

487 901 529 917 'cede
540 901 593 917 ordini
600 901 674 920 adscribi.

488 924 535 943 legiis
542 926 558 940 et
565 925 632 940 indultis
640 929 675 945 per-

487 947 547 963 indulta
558 948 611 963 eidem
619 948 675 964 sodali-

487 972 506 986 lta
517 971 618 989 confirmari.
630 971 675 991 leges

488 994 499 1011 iv
507 994 556 1009 altare
567 994 584 1009 in
594 994 633 1010 aede
641 994 675 1010 Dei-

488 1021 506 1032 ra
513 1017 599 1037 apostolico
611 1018 675 1037 privile·

488 1040 557 1056 iusmodi
571 1041 675 1061 privilegium

487 1067 515 1079 um
523 1064 603 1083 protendi,
612 1065 676 1083 quoties

489 1087 498 1102 d
510 1089 552 1102 esset
560 1087 675 1103 transferenda.

488 1114 495 1125 s
501 1110 519 1125 ad
526 1114 555 1126 uos
561 1110 675 1130 confugerunt.

487 1135 548 1151 rarunt.
555 1135 573 1149 ut
579 1133 617 1149 haec
623 1134 676 1150 omnia

487 1158 533 1172 nostra
540 1157 640 1176 indulgentia
649 1158 676 1173 tri-

487 1207 530 1219 rnnes
538 1205 554 1218 et
561 1203 634 1223 singulos
641 1205 676 1223 qui-

488 1228 512 1245 nt.
519 1226 594 1246 peculiari
606 1226 676 1243 benev&

487 1251 532 1268 zntes.
547 1251 563 1265 et
573 1254 581 1265 a
592 1250 676 1269 quibusvis

487 1274 501 1288 st
511 1273 598 1291 interdicti,
608 1273 676 1293 aliisque

487 1300 498 1314 ς,
506 1296 590 1311 sententiis
598 1298 614 1312 et
619 1297 675 1316 poenis

487 1323 559 1338 *cumque
571 1319 590 1335 de
601 1324 647 1335 causa
654 1320 675 1336 la-

487 1342 571 1361 zurrerint.
583 1343 631 1358 buius
642 1345 675 1359 tan-

489 1366 552 1381 lventes
565 1368 581 1382 et
594 1366 675 1382 absolutos

487 1393 508 1404 xus
523 1389 597 1405 omnibus
612 1391 675 1406 maturo

487 1416 504 1427 ea
513 1416 541 1431 spe
552 1412 594 1430 freti,
603 1414 621 1428 ut
631 1413 675 1428 soda-

487 1435 516 1450 lam
527 1435 592 1455 impulsi
603 1436 674 1454 stimulo,

487 1458 519 1473 >atis
526 1460 542 1474 et
552 1458 635 1478 religionis
643 1461 675 1474 stu-

487 1485 509 1497 ue
516 1482 642 1500 inflammentur.
650 1486 676 1498 eo-

487 1505 585 1521 innuendum
596 1506 676 1521 existima-

704 204 763 219 vimus.
779 204 834 223 ltaque
850 204 896 224 plena
912 206 967 219 nostra
983 204 1077 219 auctoritate

704 227 789 247 apostolica
804 227 862 242 harum
876 227 960 243 literarum
974 227 991 242 vi
1004 227 1077 243 sodalita-

705 252 737 266 tem
751 254 780 266 seu
791 250 940 266 confraternitatem
954 250 1009 266 beatae
1020 250 1077 266 Mariae

704 273 775 293 Virginis
786 274 806 289 de
817 274 890 290 Mercede
901 274 917 289 in
929 274 990 293 templo
1000 274 1077 293 Deiparae

704 297 795 317 Puerperae
802 297 853 313 dicato
861 297 929 312 civitatis
940 297 1018 312 Fluminis
1023 297 1077 313 lanua-

704 320 724 335 rii
730 320 748 336 ad
754 320 854 336 sodalitatem
866 320 909 336 tertii
914 319 978 336 Ordinis
984 320 1039 336 heatae
1047 320 1077 336 Ma-

704 343 737 359 riae
751 343 823 363 Virginis
836 344 855 359 de
870 343 943 359 Mercede
958 343 1049 361 evellimus.
1061 345 1077 359 et

704 370 760 382 omnes
768 366 803 382 eius
810 366 871 382 ordinis
881 366 990 385 indulgentias
1001 368 1036 382 tum
1044 366 1077 386 ple>

704 389 761 407 uarias.
774 391 808 405 tum
819 390 856 405 alias
864 393 979 409 quascumque.
988 391 1005 405 et
1012 390 1077 409 privile-

704 412 734 432 gia,
746 413 822 431 honores.
831 413 892 428 indulta
900 416 1003 432 quocumque
1011 413 1077 428 nomine

703 436 796 455 appellanda
802 436 881 451 sodalitati
892 436 945 451 eidem
953 438 1031 455 perpetuo
1040 440 1076 452 con-

704 459 777 477 ferimus,
784 460 832 478 atque
843 459 936 478 elargimur.
949 459 1032 475 Praeterea
1040 463 1076 475 con-

703 482 775 497 cedimus
786 483 834 501 atque
845 482 957 501 indulgemus,
973 484 991 498 ut
1001 482 1076 498 sodalitas

703 505 736 525 ipsa
747 505 822 521 omnibus
828 505 919 525 quibusque
930 505 997 521 indultis
1005 507 1021 521 et
1028 506 1076 525 privi-

704 528 750 547 legiis
758 528 790 544 {rui
798 530 814 544 et
821 528 844 544 uti
856 528 911 548 possit.
923 529 981 548 quibus
987 529 1076 544 aRomanis

703 551 806 567 Pontificibus
817 552 967 571 praedecessoribus
975 552 1034 568 nostris
1045 552 1075 568 iam

703 574 734 590 tuit
748 579 765 590 ea
780 575 845 593 donata,
860 577 907 595 atque
924 575 981 591 iccirco
997 575 1076 591 eiusmodi

703 598 787 617 privilegia
793 602 859 614 omnem
865 598 898 614 vim
905 598 965 614 habere
970 598 1075 614 declaramus.

704 621 787 637 Praeterea
798 621 854 637 iisdem
864 621 945 637 sodalibus
956 622 1047 637 facultatem
1055 622 1076 637 fa-

703 644 763 662 cimus.
778 644 824 660 cuius
837 645 859 662 vi.
873 649 924 664 quum
939 649 978 665 opus
993 645 1047 663 tuerit,
1059 650 1076 661 ac

704 668 781 687 temporis
792 669 809 683 et
822 672 878 683 rerum
893 668 933 684 ratio
948 668 1037 688 postularit,
1049 673 1075 684 an-

703 692 764 706 nuente
775 692 828 707 tamen
839 695 856 706 ac
869 691 967 711 approbante
978 695 1015 707 ven.
1027 692 1076 707 fratre

703 714 781 734 Episcopo
792 714 870 730 Fluminis
883 714 951 730 Ianuarii
959 719 988 734 pro
996 717 1075 735 tempore,

704 741 761 753 eorum
775 737 820 757 leges
834 742 863 753 seu
877 739 935 753 statuta
948 738 1035 753 emendare
1049 739 1076 754 vel

703 760 789 776 immutare
803 760 854 776 libere
865 762 882 776 et
894 761 937 776 licite
951 761 1013 781 possint
1024 763 1040 777 et
1050 765 1076 777 va-

703 784 751 799 leant.
760 784 832 803 Itemque
840 784 933 800 auctoritate
939 785 985 800 nohis
993 789 1001 800 a
1009 785 1076 801 Domino

703 807 765 825 tradita,
780 807 833 826 deque
847 808 962 827 omnipotentis
973 808 1001 824 Dei
1014 809 1076 824 miseri-

703 830 755 846 cordia
763 835 780 846 ac
787 830 871 846 beatorum
883 831 925 846 Petri
933 833 950 846 et
960 831 1003 847 Pauli
1009 831 1076 851 Aposto-

703 854 756 869 lorum
773 854 807 869 eius
824 854 918 870 auctoritate
932 855 988 870 confisi
1004 855 1076 871 concedi-

704 881 739 892 mus
753 879 770 892 et
783 877 896 896 indulgemus.
910 879 928 893 ut
942 878 1076 898 quandocumque

703 900 760 919 aliquis
770 900 844 916 sacerdos
855 900 931 916 secularis
939 901 966 917 vel
973 901 1043 917 cuiusvis
1051 906 1076 917 or-

703 923 750 941 dinis.
758 924 888 943 congregationis
896 926 912 940 et
919 924 989 940 instituti
996 925 1076 944 regularis

703 947 768 962 missam
784 947 898 963 defunctorum
915 951 944 967 pro
958 948 1010 963 anima
1024 948 1076 964 cuius-

703 974 773 989 cumque
787 970 904 988 chrisiifidelis.
916 974 957 990 quae
971 971 1000 987 Dei
1011 971 1027 987 in
1038 972 1076 987 cari-

704 995 735 1008 tate
750 993 834 1009 coniuncta
848 993 867 1009 ab
882 993 910 1009 hac
925 994 961 1009 luce
975 994 1075 1014 migraverit,

703 1018 828 1032 commemorata
839 1016 855 1032 in
867 1017 938 1035 ecclesia,
949 1017 975 1033 vel
986 1018 1002 1033 in
1013 1018 1048 1036 alia,
1060 1018 1076 1033 in

704 1043 751 1059 quam
759 1039 833 1055 sodalitas
841 1040 873 1059 ipsa
881 1040 912 1055 rite
920 1040 1003 1056 transferri
1011 1041 1075 1060 poterit.

703 1063 722 1078 ad
733 1063 783 1079 altare
796 1063 875 1078 eiusmodi
886 1063 973 1079 sodalitatis
984 1064 1075 1082 celebrabit.

704 1087 755 1102 anima
766 1087 799 1106 ipsa
810 1087 830 1102 de
837 1087 912 1102 thesauro
920 1087 1000 1103 Ecclesiae
1007 1092 1036 1107 per
1043 1092 1076 1103 mo-

704 1110 742 1125 dum
753 1110 825 1129 sull'ragii
836 1110 953 1129 indulgentiam
961 1113 1075 1130 consequatun

704 1133 725 1149 ita
736 1135 753 1148 ut
764 1133 837 1148 eiusdem
847 1133 912 1149 Domini
922 1134 973 1149 nostri
985 1134 1020 1149 lesu
1031 1134 1076 1150 Chri-

704 1156 724 1172 sti
735 1161 752 1172 ac
766 1156 866 1172 beatissimae
880 1157 937 1172 Mariae
950 1157 1027 1177 Virginis.
1042 1162 1077 1173 san-

704 1182 800 1199 ctorumque
806 1180 879 1196 omnium
885 1181 948 1196 meritis
954 1181 983 1196 sibi
990 1181 1076 1201 suffragan-

705 1203 746 1219 tibus
757 1208 765 1219 a
776 1204 864 1223 purgatorii
875 1204 931 1223 poenis
942 1204 1026 1220 liberetur.

723 1227 733 1246 ἓ
744 1227 758 1242 li.
770 1227 811 1242 Haec
825 1227 933 1245 concedimus.
949 1227 1040 1246 statuimus.
1054 1229 1076 1243 at-

704 1254 736 1269 que
742 1250 851 1269 indulgemus,
856 1250 962 1266 decernentes
969 1250 996 1266 has
1002 1255 1077 1270 praesen-

704 1276 728 1289 tes
739 1274 798 1291 literas.
811 1275 827 1289 et
837 1273 854 1289 in
868 1273 891 1289 eis
902 1275 976 1289 contenta
991 1278 1076 1293 quaecum-

704 1301 735 1316 que
746 1297 804 1316 quovis
815 1298 905 1320 praetextu,
918 1297 972 1312 colore
983 1299 999 1312 et
1010 1297 1076 1316 ingenio

704 1320 724 1335 de
734 1320 843 1339 subreptionis
853 1320 880 1335 vel
891 1320 990 1340 obreptionis
998 1320 1043 1339 vitio.
1050 1321 1076 1336 vel

703 1343 798 1359 intentionis
812 1345 876 1359 nostrae
890 1345 917 1359 aut
930 1343 961 1359 alio
974 1347 1076 1363 quocumque

704 1366 767 1382 defectu
779 1366 836 1384 notari.
843 1366 940 1386 impugnari.
949 1368 976 1382 aut
986 1367 1002 1382 in
1013 1369 1076 1382 conti-o-

704 1390 773 1405 versiam
788 1389 845 1405 deduci
856 1393 888 1405 non
902 1393 958 1409 posse,
970 1390 997 1406 sed
1011 1394 1076 1410 semper

704 1413 766 1431 lli-mas.
784 1412 844 1428 validas
858 1414 874 1428 et
888 1413 959 1428 efficaces
973 1413 1043 1429 existere
1059 1417 1077 1429 ac

704 1436 744 1454 iore.
756 1440 827 1455 suosque
838 1436 918 1456 plenarios
929 1438 945 1451 et
956 1436 1028 1455 integros
1039 1437 1077 1452 elie>

704 1461 739 1475 ctus
750 1459 804 1474 sortiri
816 1461 832 1475 et
842 1459 921 1477 obtinere,
930 1460 946 1474 et
956 1463 1013 1474 eorum
1024 1464 1076 1478 causa,

704 1486 745 1502 quae
756 1486 831 1502 expressa
842 1483 885 1500 sunt,
897 1482 927 1497 hoc
938 1482 1029 1501 futurisque
1037 1484 1077 1498 tem-

705 1506 771 1525 poribus
783 1505 877 1525 plenissime
890 1505 979 1525 suflragari,
995 1506 1050 1525 sicque
1061 1507 1077 1522 iu

1092 169 1119 183 An.
1126 169 1142 183 G.
1155 168 1198 182 1833

1095 1231 1157 1243 Clausala
1164 1231 1194 1242 sub-

1086 1244 1114 1269 ὲῗιῗι
1121 1244 1194 1269 5223er
