4828 6974
926 588 1100 634 obscenius
1121 589 1172 635 nr.
1195 589 1262 635 xvi.
1808 563 1849 626 89
1897 564 1951 618 An.
1965 564 1994 618 0.
2018 562 2086 616 1833

1121 707 1191 769 nice
1223 707 1395 784 erigendae
1427 705 1609 768 facultatem
1641 709 1772 781 rogatus
1804 709 1863 774 est,

1121 799 1266 862 eiusdem
1278 799 1516 878 Archiepiscopi
1538 797 1758 860 commendata
1779 795 1865 858 solli-

321 709 504 790 praemissis
524 723 581 787 per
597 721 818 785 quoscumque
839 707 959 770 iudices
981 707 1064 768 ordi·

320 803 426 864 narios
449 807 482 864 et
510 801 674 878 delegatos
700 799 795 862 etiam
824 815 991 862 causarum
1014 816 1063 878 pa·

319 895 387 958 latii
401 895 504 958 nostri
518 894 681 974 apostolici
703 893 863 956 auditores
885 893 1017 956 iudicari
1033 900 1065 956 et
1121 892 1272 964 titudine,
1296 893 1418 972 copiam
1441 892 1634 954 fundationis
1649 891 1806 954 curandae
1828 889 1864 952 li·

1121 985 1236 1048 benter
1258 985 1356 1048 fuerit
1376 985 1570 1064 impertitus.

1158 1081 1177 1154 ἓ
1198 1080 1227 1141 2.
1245 1079 1363 1142 Eadem
1378 1081 1475 1142 animi
1490 1079 1687 1157 benignitate
1702 1081 1780 1142 item
1796 1095 1861 1141 rec.
1897 1091 1983 1152 ‘natio
1997 1099 2096 1135 eonces-

1121 1187 1219 1234 mem.
1243 1173 1503 1251 praedecessores
1531 1173 1632 1236 nostri
1655 1173 1719 1235 Leo
1740 1171 1805 1234 llll.
1829 1189 1864 1235 ac
1882 1153 1972 1190 ⁸¹⁰¹¹¹⁸'

321 988 448 1050 deliniri
477 985 608 1059 debere,
632 1004 667 1049 ac
693 987 823 1048 irritum
850 993 882 1050 et
909 987 1013 1060 inane,
1037 987 1064 1049 si

319 1097 411 1144 secus
433 1080 596 1159 superbis
611 1097 627 1142 a
642 1095 804 1158 quoquam
827 1080 937 1158 quavis
959 1087 1064 1142 aucto-

319 1175 413 1236 ritate
435 1174 585 1244 scienter,
609 1173 661 1234 vel
684 1173 871 1250 ignoranter
892 1174 1064 1250 contigerit

83 1369 299 1430 nerogatiocon-

69 1427 223 1468 tremorum.

96 4825 267 4871 Prooemium.

319 1267 478 1330 attentari.

359 1361 428 1436 55.
451 1359 522 1423 Non
550 1360 749 1422 obstantibus
781 1361 1063 1424 constitutionibus

320 1460 353 1516 et
373 1453 589 1516 sanctionibus
611 1453 801 1531 apostolicis,
819 1470 877 1515 nec
893 1470 967 1525 non,
985 1469 1063 1532 quo-

320 1547 379 1608 ties
401 1562 480 1625 opus
502 1545 610 1617 luerit,
635 1545 904 1609 confraternitatis
927 1553 958 1610 et
980 1547 1062 1610 ordi-

318 1639 379 1711 nis,
403 1639 441 1700 de
464 1638 581 1715 quibos
602 1638 708 1700 habita
737 1638 860 1700 mentio
882 1645 941 1712 est,
966 1640 1061 1732 etiam

317 1732 510 1804 iuramento,
533 1731 777 1794 confirmatione
805 1732 985 1811 apostolica,
1009 1733 1062 1796 vel

317 1825 428 1902 quavis
450 1825 602 1886 firmitate
624 1823 682 1886 alia
704 1824 861 1888 roboratis
883 1825 1008 1886 statutis
1031 1833 1062 1888 et

316 1917 614 1988 consuetudinibus,
625 1917 803 1995 privilegiis
817 1932 945 1994 quoque
958 1918 1061 1980 indul-

316 2011 368 2083 tis,
392 2017 425 2072 et
446 2009 549 2074 literis
578 2009 757 2088 apostolicis
786 2011 1007 2089 superioribus
1030 2017 1062 2074 et

316 2103 462 2182 personis
484 2103 544 2165 sub
560 2103 818 2180 quibuscumque
841 2104 1007 2165 tenoribus
1030 2111 1062 2166 et

315 2197 440 2268 formis,
464 2214 498 2258 ac
519 2212 592 2258 cum
615 2195 782 2274 quibusvis
805 2197 899 2258 etiam
929 2198 1061 2276 deroga-

316 2289 472 2351 toriarum
484 2289 708 2367 derogatoriis,
725 2289 859 2366 aliisque
881 2291 1061 2353 efficaciori-

314 2383 387 2454 bus,
411 2383 647 2454 efficacissimis,
670 2399 704 2444 ac
732 2383 869 2444 insolitis
898 2383 1058 2458 clausulis,

313 2475 580 2552 irritantibusque
606 2481 638 2537 et
659 2475 727 2537 aliis
750 2476 887 2538 decretis
909 2477 942 2538 in
965 2493 1060 2554 gene-

314 2584 363 2640 re,
387 2570 439 2632 vel
462 2570 494 2630 in
516 2569 633 2646 specie,
656 2585 691 2630 ac
711 2568 780 2630 aliis
803 2569 835 2630 in
864 2572 1060 2632 contrarium

314 2661 1060 2743 praemissorumquomodolibetconcessisap-

315 2757 455 2836 probatis
478 2761 510 2818 et
530 2755 705 2817 innovatis:
730 2755 847 2833 quibus
864 2757 1012 2819 omnibus
1029 2765 1061 2820 et

314 2847 451 2925 singulis
465 2848 598 2908 illorum
613 2853 743 2908 tenores
765 2847 986 2926 praesentibus
1003 2864 1060 2926 pro

314 2943 411 3021 plene
432 2947 465 3002 et
475 2940 673 3003 sufficienter
694 2941 867 3019 expressis,
884 2958 918 3003 ae
933 2943 972 3004 de
987 2957 1059 3004 rer-

313 3035 354 3098 bo
376 3032 566 3096 adverbum
582 3032 712 3094 insertis
728 3032 894 3104 habentes,
908 3034 972 3096 illis
984 3035 1059 3098 alias

312 3127 347 3189 in
368 3143 427 3188 suo
449 3126 566 3188 robore
588 3126 824 3205 permansuris,
848 3127 886 3188 ad
907 3129 1058 3206 praemis·

313 3236 426 3283 sorum
442 3220 593 3282 effectum
608 3219 666 3282 hac
680 3220 750 3282 vice
762 3220 928 3283 dumtaxat
942 3223 1058 3299 specia-

313 3313 388 3375 liter
410 3319 443 3374 et
464 3329 615 3391 expresse
638 3312 843 3390 derogamus,
860 3315 1058 3391 caeterisque

313 3405 481 3468 contrariis
503 3405 771 3484 quibuscumque.

353 3498 467 3560 Datum
489 3497 618 3571 Homae,
649 3499 731 3576 apud
754 3497 785 3560 S.
810 3499 937 3562 Mariam
965 3501 1058 3563 ltlaio·

312 3608 383 3654 rem
405 3592 465 3653 sub
487 3591 606 3652 annulo
628 3591 794 3653 Piscatoris
817 3593 868 3654 die
884 3611 972 3656 xxiv.
989 3595 1058 3657 iulii

313 3701 551 3759 uncccxxxin.,
569 3684 771 3765 pontificatus
786 3687 888 3748 nostri
910 3703 993 3750 anno
1008 3706 1056 3750 ιιι.

645 4057 721 4119 nix.

315 4247 489 4328 Confirmat
498 4247 740 4310 constitutiones
753 4247 898 4312 instituti
912 4267 1059 4315 sororum

525 4337 681 4434 Caritatis
703 4337 846 4402 Dubiini.

484 4505 705 4575 succentus
729 4510 788 4575 ΡΡ.
814 4509 884 4578 ltvt.

431 4627 467 4695 ad
489 4633 665 4712 perpetuam
688 4630 732 4696 rei
755 4633 935 4698 memorien.

350 4805 368 4878 ἓ
392 4803 418 4864 l.
442 4804 530 4866 lnter
552 4805 722 4884 praeclara,
746 4821 827 4882 quae
848 4823 1057 4887 saepenume-

309 4911 347 4956 ro
369 4912 426 4974 per
455 4896 640 4960 Hiberniam
666 4897 757 4960 allata
779 4906 865 4972 sunt,
889 4901 1056 4978 religionis

309 4989 548 5069 amplificandae
578 4995 611 5051 et
638 4991 816 5052 animarum
845 4993 956 5054 salutis
985 5011 1055 5072 pro-

309 5083 467 5144 curandae
479 5081 630 5154 subsidia,
646 5081 724 5144 illud
737 5087 972 5148 numerandum
986 5088 1056 5151 iure

308 5191 490 5246 censemus,
515 5176 601 5252 quod
623 5175 656 5236 in
678 5177 811 5238 consilio
834 5179 1018 5241 continetur
1040 5200 1056 5242 a

308 5268 517 5348 pientissimis
533 5267 683 5331 Hibernis
699 5271 890 5334 mulieribus
906 5281 1055 5353 suscepto

309 5363 348 5425 de
370 5363 522 5425 societate
544 5364 678 5440 quadam
701 5366 878 5438 statuenda,
903 5382 984 5443 quae
1006 5383 1054 5428 so·

307 5472 421 5519 rorum
433 5457 571 5518 caritatis
582 5456 809 5536 appellaretur,
823 5474 969 5536 quaeque
982 5477 1055 5538 pau-

308 5565 424 5628 perum
453 5549 583 5612 utilitati
614 5555 646 5612 et
673 5552 842 5613 commodo
865 5553 1053 5630 praesertim

307 5641 467 5721 spirituali
481 5659 516 5705 se
532 5649 629 5705 totam
653 5645 840 5707 devoveret.
864 5645 993 5708 Factum
1009 5647 1054 5709 iil-

307 5735 393 5797 circo
405 5743 464 5808 est,
481 5743 517 5797 ut
528 5735 583 5797 nbi
599 5737 740 5815 primum
754 5737 807 5800 fel.
822 5754 886 5800 rec.
901 5739 973 5801 Pius
986 5739 1050 5802 llll.

307 5829 535 5906 praedecessor
547 5835 659 5890 noster
675 5827 713 5890 ab
725 5829 973 5910 Archiepiscopo
991 5832 1052 5894 itu-

306 5919 447 5984 blinensi
460 5921 581 5992 Thema
593 5922 677 6002 Troy
693 5923 851 5987 societatis
864 5925 949 5986 illius
961 5941 1052 5987 cano-

412 6065 465 6114 lur.
481 6067 552 6113 Perit.
568 6067 599 6114 ds
613 6067 688 6128 Prop.
704 6067 766 6114 Fide
780 6069 861 6114 Partis
875 6071 894 6115 1.
910 6067 962 6114 vol.
977 6070 1004 6115 v.

1120 1265 1193 1327 Pius
1221 1265 1298 1328 vili.
1329 1282 1403 1329 ven.
1435 1267 1540 1328 fratris
1569 1266 1706 1330 Danielis
1735 1265 1862 1344 Hurray

1120 1359 1153 1420 in
1181 1360 1433 1438 praesentiarum
1466 1360 1670 1423 llublinensis
1699 1357 1863 1438 Archiepi-

1119 1451 1207 1530 scopi
1228 1451 1410 1531 impensum
1439 1451 1606 1529 religionis
1634 1451 1776 1514 studium
1798 1453 1863 1514 lau-

1120 1543 1277 1605 daverunt
1288 1560 1361 1606 cum
1375 1545 1495 1623 pluries
1508 1544 1547 1606 de
1558 1544 1754 1608 absolvendo
1765 1560 1862 1622 quan·

1120 1642 1152 1697 to
1180 1637 1272 1698 citius
1301 1644 1409 1716 posset
1436 1637 1625 1715 regularum
1649 1655 1683 1700 ae
1711 1639 1862 1702 constitu-

1119 1728 1243 1791 tionum
1257 1731 1401 1792 eiusdem
1412 1731 1571 1792 societatis
1583 1731 1730 1794 examine
1746 1731 1862 1794 Sedem

1118 1822 1331 1901 Apostolicam
1353 1824 1516 1900 flagitavit.
1541 1823 1640 1886 Hulto
1667 1825 1862 1890 luculentius

1118 1932 1176 1977 nos
1208 1916 1371 1994 potuimus
1403 1917 1443 1977 de
1474 1923 1670 1978 memoratae
1701 1919 1860 1982 societatis

1117 2007 1255 2070 utilitate
1283 2025 1317 2069 ac
1346 2008 1469 2072 meritis
1498 2009 1667 2072 efformare
1696 2010 1860 2086 iudicium,

1119 2101 1216 2178 longo
1238 2101 1293 2164 illo
1317 2108 1473 2180 tempore,
1497 2117 1561 2180 quo
1583 2109 1765 2180 antequam,
1789 2105 1864 2169 licet

1118 2194 1339 2268 immerentes,
1354 2196 1391 2257 ad
1406 2195 1471 2256 divi
1487 2195 1571 2258 Petri
1593 2197 1775 2260 cathedram
1791 2215 1862 2277 pro-

1118 2287 1325 2360 veheremur,
1356 2287 1436 2349 sacri
1458 2288 1582 2350 consilii
1611 2289 1784 2353 christiano
1807 2309 1862 2354 no·

1118 2381 1205 2442 mine
1221 2381 1423 2460 propagando
1439 2382 1671 2460 praefecturam
1688 2385 1858 2460 gessimus.

1117 2473 1151 2534 ln
1174 2475 1355 2551 quotidiana
1377 2475 1463 2536 enini
1493 2491 1604 2537 rerum
1627 2477 1664 2538 ad
1690 2477 1861 2543 Hiberniae

1117 2567 1303 2630 catholicam
1326 2575 1457 2645 gentem
1479 2569 1711 2647 pertinentium
1741 2579 1861 2650 pertra-

1117 2660 1265 2732 ctatione,
1289 2660 1473 2739 saepissime
1496 2661 1587 2723 nobis
1617 2663 1737 2724 occasio
1759 2663 1861 2727 oblata

1117 2759 1176 2823 est,
1193 2758 1229 2814 ut
1243 2743 1513 2830 persuaderemus
1534 2754 1651 2826 animo,
1676 2756 1860 2820 societatem

1116 2845 1203 2907 illam
1226 2846 1346 2924 optime
1365 2862 1497 2925 prorsus
1513 2847 1552 2909 de
1567 2846 1726 2925 religione
1741 2853 1860 2914 mereri

1117 2945 1149 3000 et
1170 2939 1298 3016 dignam
1322 2939 1454 3002 omnino
1470 2957 1550 3014 esse,
1570 2957 1651 3018 quae
1674 2942 1763 3006 Sedis
1779 2944 1861 3023 hpo·

1116 3033 1245 3094 stolicae
1267 3033 1492 3095 benevolentia
1520 3035 1752 3112 cumularetur.
1781 3039 1860 3102 Huic

1117 3133 1180 3188 tam
1202 3125 1356 3188 diuturno
1385 3133 1431 3188 tot
1459 3143 1618 3190 annorum
1640 3131 1679 3192 de
1701 3133 1860 3194 societatis

1115 3235 1265 3282 sororum
1297 3219 1466 3282 charitatis
1499 3221 1703 3286 Dublinensis
1735 3226 1859 3288 meritis

1116 3313 1338 3392 experimento
1357 3314 1488 3376 accessit
1508 3314 1672 3392 singulare
1696 3317 1775 3382 illud
1796 3320 1860 3378 vir-

1116 3407 1192 3468 tutis
1221 3415 1253 3470 et
1281 3407 1470 3469 christianae
1492 3406 1690 3472 fortitudinis
1717 3412 1860 3475 testimo-

1116 3499 1216 3574 nium,
1235 3500 1321 3578 quod
1342 3499 1603 3577 religiosissimae
1619 3501 1756 3568 feminae
1771 3505 1860 3567 insti-

1116 3601 1185 3658 tuto
1200 3594 1247 3656 illi
1262 3594 1402 3657 addictae
1418 3600 1483 3656 tota
1498 3594 1648 3657 Hibernia
1664 3597 1729 3659 Deo
1745 3600 1859 3675 gratias

1115 3689 1278 3752 referente
1310 3686 1539 3760 exhibuerunt,
1569 3705 1643 3750 cum
1673 3692 1859 3754 teterrimus

1116 3783 1247 3846 morbus
1269 3797 1353 3844 anno
1381 3781 1554 3859 praeterito
1576 3781 1664 3844 illam
1690 3785 1858 3862 regionem

1115 3875 1241 3946 invasit,
1266 3874 1344 3936 etin
1367 3881 1550 3936 extremum
1572 3875 1656 3938 vitae
1679 3877 1858 3954 periculum

1116 3983 1324 4048 permagnam
1352 3967 1529 4030 incolarum
1562 3968 1684 4046 copiam
1717 3970 1857 4045 adduxit,

1116 4069 1210 4140 atque
1225 4061 1392 4139 ingentem
1405 4061 1574 4122 hominum
1589 4067 1732 4139 stragem
1748 4063 1857 4126 edidit.

1116 4155 1304 4233 Accepimus
1320 4156 1406 4216 enim
1422 4159 1538 4230 quanta
1558 4156 1743 4229 constantia,
1762 4171 1858 4234 quan-

1116 4251 1155 4310 tis
1177 4247 1339 4310 laboribus
1362 4247 1516 4308 mulieres
1538 4246 1611 4308 illae
1633 4248 1723 4310 nullo
1745 4251 1858 4312 mortis

1115 4343 1235 4420 ubique
1250 4340 1466 4418 impendentis
1482 4340 1667 4402 discrimine
1681 4343 1859 4405 retardatae

1116 4452 1209 4514 opem
1226 4452 1264 4496 eo
1280 4433 1393 4495 morbo
1415 4433 1571 4510 correptis
1595 4432 1737 4506 tulerint,
1762 4451 1858 4507 omne

1115 4527 1249 4589 remedii
1272 4543 1374 4604 genus
1393 4525 1679 4603 suppeditaverint,
1693 4527 1858 4590 morienti-

1115 4620 1174 4682 bus
1196 4620 1367 4692 adfuerint,
1384 4621 1416 4682 id
1430 4619 1463 4682 in
1481 4618 1592 4697 primis
1615 4619 1805 4692 adnitentes,
1823 4629 1859 4684 ut

1114 4712 1280 4789 religionis
1303 4712 1418 4775 auxilia
1441 4712 1563 4774 nemini
1584 4713 1745 4785 deessent,
1770 4715 1858 4778 etad

1114 4807 1259 4869 divinum
1272 4805 1412 4868 tribunal
1425 4806 1547 4866 animae
1564 4807 1698 4883 peccatis
1715 4808 1857 4885 expiatae

1114 4901 1334 4979 pervenirent.
1370 4899 1583 4973 Quamobrem
1616 4900 1702 4976 quod
1738 4901 1857 4964 iamdiu

1113 5001 1344 5064 statueramus,
1369 4994 1399 5054 id
1422 4993 1491 5054 sine
1520 4991 1659 5068 longiori
1689 5009 1778 5056 mora
1800 4995 1858 5057 irn-

1113 5088 1266 5166 plendum
1290 5103 1360 5148 esse
1389 5086 1602 5158 decrevimus,
1626 5092 1662 5147 nt
1684 5087 1778 5150 toties
1805 5106 1857 5167 pe·

1113 5181 1169 5242 tita
1189 5179 1456 5242 constitutionum
1468 5195 1502 5240 ac
1517 5179 1706 5255 regularum
1727 5182 1857 5243 societa-

1112 5275 1152 5334 tis
1174 5289 1325 5336 sororum
1347 5272 1492 5335 Caritatis
1514 5273 1720 5354 Dnblinensis
1743 5277 1857 5336 conflr-

1113 5367 1208 5430 matio
1229 5366 1400 5446 apostolica
1414 5368 1601 5428 auctoritate
1617 5374 1725 5429 nostra
1737 5367 1856 5429 tribue-

1112 5467 1212 5522 retur.

1150 5555 1218 5628 ἐι.
1249 5554 1294 5618 bo
1322 5553 1456 5616 consilio
1489 5555 1588 5631 igitur
1619 5554 1854 5616 venerabilium
1876 5572 2087 5666 smirnii-es-

1111 5645 1246 5707 fratrum
1269 5653 1454 5708 nostrorum
1479 5645 1510 5707 S.
1527 5646 1562 5708 li.
1581 5647 1615 5706 Ε.
1639 5644 1853 5708 cardinalium

1111 5739 1247 5816 negotiis
1260 5739 1482 5818 Propagandae
1494 5739 1581 5801 Fidei
1598 5739 1854 5816 praepositorum

1110 5837 1232 5893 matura
1254 5833 1350 5893 etiam
1372 5831 1626 5894 consideratione
1647 5838 1679 5894 et
1700 5831 1854 5894 delibera-

1111 5925 1196 5988 tione
1211 5931 1320 5988 nostra
1341 5924 1470 6002 regulas
1493 5931 1525 5987 et
1545 5925 1790 5988 constitutiones
1806 5942 1855 5988 so·

1724 6071 1750 6115 12
