4770 6982
326 543 539 612 ,11161643
590 543 650 608 312

573 680 751 758 provincias
773 695 849 756 quas
865 680 956 741 Pataz
979 685 1011 740 et
1032 678 1256 756 Chachapoyas
1272 693 1322 754 ap-

572 773 702 850 pellant,
719 789 735 832 a
751 770 948 832 Truxillensi
968 770 1106 832 dioecesi
1121 770 1264 832 adimere
1279 777 1322 830 at-

570 882 634 943 qua
656 866 902 938 dismembrare‚
921 881 1039 942 easque
1059 865 1214 926 finitimae
1236 864 1322 926 dioe-

570 961 633 1021 cesi
657 960 820 1038 Maynensi
850 961 1028 1038 adiungere
1050 965 1145 1036 atque
1174 959 1322 1038 incorpo-

569 1070 653 1126 rare,
677 1054 841 1132 simulque
857 1055 895 1117 ab
911 1056 977 1134 ipsa
996 1055 1123 1116 civitate
1139 1055 1178 1120 de
1195 1053 1328 1140 Magnas

568 1149 601 1210 in
615 1149 774 1210 civitatem
786 1148 1010 1228 Chachapopas
1023 1149 1199 1212 transferre
1212 1149 1321 1212 sedem

569 1242 783 1320 episcopalem
812 1242 984 1315 vellemus,
1009 1249 1054 1314 ut,
1079 1258 1143 1319 quo
1167 1242 1321 1304 hactenus

569 1336 701 1396 ecclesia
725 1337 764 1398 de
786 1336 913 1414 blaynas
935 1343 1116 1416 nuncupata
1138 1337 1322 1410 661611111-

569 1436 735 1507 posterum
758 1429 797 1491 ab
821 1430 957 1508 ipsamet
985 1430 1112 1492 civitate
1140 1430 1322 1508 (1111611166-

569 1539 624 1601 vas
640 1539 760 1586 nomen
776 1523 945 1602 acciperet.
966 1523 1023 1586 Cui
1040 1525 1086 1586 rei
1103 1526 1321 1602 assequendae

570 1624 602 1679 et
625 1619 731 1695 gravis
753 1617 887 1680 illorum
902 1618 1169 1681 Gtiristmdelium
1183 1619 1321 1680 uecessi-

535 1725 537 1730 ’
570 1719 616 1772 tas
639 1719 671 1774 et
694 1713 795 1774 maior
817 1727 898 1789 quae
916 1712 992 1774 inde
1012 1712 1192 1789 exurgebat
1206 1711 1321 1774 Catho-

569 1804 647 1866 licae
678 1805 854 1882 Religionis
882 1806 1060 1868 servandae
1089 1807 1320 1883 augendaeque

570 1901 792 1978 opportunitas
814 1899 1018 1962 atterebatur.
1049 1900 1088 1962 ut
1109 1915 1188 1960 vero
1211 1915 1251 1962 ex
1274 1917 1321 1962 ca-

570 1993 685 2054 nonico
707 2009 859 2072 processu
882 2009 979 2072 quem
1001 1995 1033 2055 in
1055 1995 1086 2056 id
1103 1994 1229 2070 negocii
1250 2011 1321 2078 per-

569 2087 731 2164 agendum
757 2087 926 2160 iussimus,
957 2087 1017 2149 rite
1039 2086 1202 2158 conlecto,
1229 2089 1320 2166 plano

570 2181 736 2258 cognitum
749 2181 1018 2260 exploratamque
1030 2189 1079 2242 est
1093 2181 1320 2244 dioecesanum

571 2273 769 2336 territorium
787 2274 827 2337 de
843 2274 988 2336 Truxillo
1007 2280 1132 2360 septem
1148 2290 1321 2337 recensere

569 2367 763 2428 vastissimas
794 2366 973 2446 provincias
1006 2366 1094 2444 pagis
1131 2366 1321 2444 oppidisque

569 2477 645 2522 sane
658 2461 767 2522 multis
780 2467 812 2522 et
823 2461 970 2538 pluribus
981 2460 1158 2522 incolarum
1177 2460 1320 2522 millibus

569 2553 720 2630 refertam
744 2553 923 2632 provincias
945 2561 1052 2616 autem
1076 2569 1157 2631 cquae
1184 2555 1321 2618 veniunt

569 2647 629 2709 sub
652 2647 784 2710 nomine
806 2647 897 2710 Patan
917 2655 950 2710 ct
964 2647 1200 2728 Chaohapoyas,
1217 2649 1254 2711 ab
1270 2665 1320 2711 16-

569 2741 656 2820 liqua
678 2741 816 2804 dioecesi
832 2741 1029 2805 Truxillensi
1049 2759 1106 2821 per
1121 2743 1243 2806 llumen
1260 2745 1320 2807 lla-

569 2838 665 2900 rinon
694 2853 826 2916 prorsus
855 2837 1080 2908 discriminari,
1110 2837 1261 2916 ipsasque
1282 2839 1320 2902 ab

570 2931 725 2992 extremis
747 2931 864 2993 finibus
880 2937 1017 2994 centeno
1039 2932 1230 3010 etamplius
1252 2933 1321 2996 1611-

570 3041 680 3087 carum
702 3017 873 3086 intervallo
889 3043 905 3086 a
921 3024 1066 3086 Truxillo
1082 3025 1210 3098 distare,
1228 3027 1269 3089 ita
1285 3035 1322 3090 ut

571 3119 716 3182 eiusdem
740 3118 890 3180 ecclesiae
912 3117 1053 3180 Antiates
1076 3118 1173 3181 nimia
1194 3121 1320 3184 viarum

570 3213 741 3290 asperitate
760 3209 977 3289 gravibusque
998 3212 1153 3275 itinerum
1169 3214 1320 3292 periculis

571 3321 716 3368 necnon
745 3305 1041 3368 vehementissimis
1071 3309 1241 3369 memorati
1263 3311 1320 3372 llu-

571 3399 666 3462 minis
688 3400 783 3462 undis
806 3399 1021 3478 praepeditus,
1045 3401 1149 3462 rarius
1176 3403 1320 3480 proiecto

570 3509 666 3571 quam
690 3499 856 3572 oporteret
880 3509 918 3554 eo
946 3509 1017 3558 sese
1046 3494 1195 3557 conterre
1221 3499 1322 3576 possit

569 3591 608 3651 ad
640 3588 832 3667 pastoralem
865 3587 1081 3650 visitationem
1111 3606 1145 3650 ac
1180 3599 1320 3655 caeteras

570 3682 757 3760 episcopalis
781 3682 873 3744 officii
895 3688 1001 3760 partes
1024 3682 1209 3761 explendas,
1232 3688 1320 3750 unde

569 3775 749 3837 animarum
772 3774 857 3836 salus
877 3774 1080 3852 potissimum
1103 3778 1232 3854 pendet.
1255 3779 1320 3854 Oua

569 3867 799 3930 communione
810 3868 888 3930 adeo
904 3869 1081 3931 necessaria
1097 3877 1255 3949 pastorem
1273 3874 1319 3937 in-

571 3969 620 4023 ter
642 3961 795 4038 illamque
816 3962 978 4022 commissi
1003 3963 1111 4040 gregis
1127 3972 1251 4041 partem
1266 3969 1319 4030 vel

571 4054 698 4134 penitus
720 4053 843 4116 sublata
860 4054 913 4116 vel
928 4055 966 4116 ad
984 4055 1174 4120 diuturnum
1191 4065 1319 4139 tempus

570 4148 754 4222 interclusa,
780 4147 955 4210 dolendum
977 4167 1052 4212 sane
1076 4158 1125 4212 est
1146 4153 1319 4232 plerosque

570 4243 681 4304 fideles
694 4242 755 4304 iam
768 4243 904 4316 adultos,
915 4245 980 4306 imo
993 4245 1087 4306 etiarn
1100 4255 1317 4324 senescentes,

570 4337 674 4398 adhuc
694 4345 892 4399 sacramento
914 4337 1174 4401 confirmationis
1195 4358 1317 4404 carere.

570 4431 690 4504 Quibus
711 4433 831 4494 accedit
856 4432 994 4510 exiguus
1022 4433 1194 4495 admodum
1217 4451 1319 4498 sacer-

571 4525 680 4586 dotum
705 4541 861 4588 numerus
884 4526 938 4603 qui
961 4533 1063 4588 tantae
1079 4533 1111 4590 et
1133 4533 1196 4590 tarn
1219 4528 1320 4590 incul-

572 4625 621 4679 tae
636 4618 763 4680 Domini
778 4619 875 4680 messi
891 4620 1084 4683 excolendae
1099 4622 1203 4700 impar
1218 4623 1320 4685 omni·

571 4728 614 4773 no
637 4718 695 4783 est,
719 4729 778 4773 nec
799 4711 979 4774 Catholicae
1000 4713 1160 4790 Religioni
1182 4717 1319 4780 tuendae

571 4812 667 4882 atque
688 4805 927 4884 amplificandae
956 4809 1167 4870 necessariam
1196 4810 1320 4890 impen-

573 4901 650 4961 dere
673 4915 802 4979 operam
826 4907 942 4979 potest.

381 5007 503 5064 sequitur
525 5012 552 5054 ui
612 4994 681 5069 52.
705 4993 888 5066 Caeterum,
906 4995 1102 5072 perhibitum
1124 4999 1320 5070 611611111-

340 5073 423 5119 supra.

572 5085 711 5148 iusmodi
724 5085 1008 5150 dismembratione
1022 5088 1076 5150 vel
1092 5105 1132 5150 ne
1147 5090 1320 5154 minimum

573 5181 704 5257 quidem
724 5179 968 5242 decrementum
984 5182 1105 5244 mensis
1121 5183 1320 5263 episcopatus

572 5280 626 5336 aut
653 5271 787 5351 capituli
811 5274 1000 5338 cathedralis
1027 5275 1239 5340 lruxiliensis
1267 5278 1320 5341 ob-

566 5357 760 5440 venturum,
778 5368 1039 5445 quandoquidem
1062 5369 1167 5432 eidem
1182 5371 1320 5434 dioecesi

572 5469 782 5540 superessent
803 5463 882 5524 aliae
911 5463 1055 5540 quinque
1083 5465 1266 5544 peramplac
1289 5473 1322 5528 et

572 5556 747 5618 ditissimae
769 5557 963 5634 provinciae,
987 5557 1086 5636 ipsius
1110 5564 1217 5620 autem
1233 5557 1320 5622 Anti-

572 5656 637 5712 stes
658 5649 733 5712 inde
756 5657 990 5714 exoneraretur
1004 5667 1069 5714 non
1092 5653 1245 5716 mediocri
1268 5669 1320 5714 cu-

572 5759 681 5806 rarum
705 5751 736 5805 et
757 5745 904 5807 laborum
920 5752 1020 5823 parte,
1038 5745 1155 5823 quibus
1176 5747 1209 5808 in
1232 5763 1320 5825 prae-

572 5837 749 5898 sentiarum
765 5845 1005 5916 praegravatur.
1030 5838 1064 5900 ln
1078 5847 1256 5902 memorato
1272 5839 1320 5902 iti-

573 5930 647 5992 dem
663 5947 814 6009 processu
832 5933 1013 6010 expositum
1029 5939 1062 5994 et
1076 5933 1320 6012 comprobatum

1094 557 1159 604 tuh.
1184 557 1275 604 PON'l'.
1300 557 1341 606 bu
1362 557 1392 602 Ρ.
1416 557 1446 602 F.
1471 557 1555 602 PARS
1577 557 1598 602 1.

1378 681 1427 736 est
1448 690 1518 736 rem
1536 674 1661 748 utilem,
1675 674 1740 736 imo
1757 689 1887 752 quoque
1903 672 2139 742 necessariam,

1378 785 1447 830 esse
1462 774 1499 830 ut
1515 769 1671 848 praelatae
1687 767 1869 847 provinciae
1891 769 1985 830 Pataz
2004 773 2039 828 et
2059 765 2142 828 Cha·

1377 862 1534 940 chapoyas
1550 862 1712 940 blapnensi
1729 860 1868 924 dioecesi
1890 862 2143 936 coniungantur

1377 963 1473 1032 atque
1495 955 1729 1028 adiudicentur,
1754 963 1823 1016 tum
1850 955 1956 1027 etiam,
1987 961 2071 1015 uta
2098 954 2142 1014 ci-

1377 1049 1475 1111 vitate
1498 1049 1625 1127 Maynas
1647 1049 1740 1112 sedes
1756 1050 1944 1128 episcopalis
1966 1050 2140 1111 dimovea-

1377 1147 1430 1202 tur
1446 1157 1547 1220 eaque
1564 1142 1596 1204 in
1612 1143 1771 1204 civitatem
1788 1142 2017 1221 Chachapoyas
2035 1149 2142 1204 trans-

1377 1235 1510 1310 feratur,
1525 1236 1798 1314 quandoquidem,
1813 1237 2141 1314 praeterquamquod

1376 1330 1505 1392 illarum
1528 1331 1767 1408 provinciarum
1790 1331 2031 1394 christifideles
2049 1334 2142 1394 inco·

1376 1423 1425 1486 lae
1442 1423 1546 1486 terme
1562 1425 1707 1486 universi
1720 1441 1917 1504 magnopere.
1930 1426 2016 1487 hanc
2033 1427 2141 1503 ipsam

1376 1534 1446 1580 rem
1463 1518 1687 1596 adprecantur,
1705 1519 1906 1598 exploratum
1923 1521 2068 1599 insuper
2084 1535 2142 1580 ex-

1375 1610 1450 1673 indo
1473 1619 1521 1674 est
1536 1611 1698 1674 civitatem
1716 1612 1842 1691 llapnas
1857 1615 1950 1676 sitam
1966 1615 2004 1676 in
2020 1621 2142 1676 monte

1376 1712 1550 1783 praerupto
1572 1713 1604 1767 et
1626 1707 1726 1768 arduo
1747 1707 1807 1768 sub
1835 1710 2013 1770 aestuantis
2038 1716 2141 1785 atque

1375 1798 1547 1862 insalubris
1569 1800 1650 1861 aeris
1672 1799 1879 1864 inclementia
1894 1820 1976 1875 esse,
1995 1803 2142 1881 insuper

1377 1893 1548 1956 obnoxiam
1564 1911 1710 1956 summae
1726 1895 1879 1973 penuriae
1901 1896 2038 1958 illorum
2056 1913 2141 1974 quo-

1376 2001 1439 2063 que
1452 1988 1659 2065 vectigalium
1676 1997 1707 2052 et
1722 2006 1922 2052 annonarum
1938 1991 2063 2068 quihus
2082 2007 2141 2053 ne-

1376 2083 1532 2144 cessarius
1563 2083 1688 2160 indiget
1719 2085 1803 2146 vitae
1829 2100 1924 2158 usus,
1959 2085 2139 2148 ecclesiam

1376 2191 1457 2252 quae
1479 2175 1556 2238 inibi
1580 2183 1667 2240 extat
1694 2178 1847 2240 incultam
1871 2195 1941 2240 esse
1971 2187 2075 2256 atque
2098 2179 2139 2242 iis

1376 2269 1470 2330 etiam
1487 2271 1584 2332 rebus
1600 2287 1721 2344 carere,
1736 2287 1816 2348 quae
1832 2271 1892 2334 rite
1907 2272 2067 2335 adhibere
2081 2289 2139 2335 ne-

1376 2379 1464 2424 cesse
1476 2369 1523 2425 est
1535 2365 1572 2426 ad
1584 2365 1792 2428 incruentum
1806 2366 1920 2428 missae
1935 2366 2137 2428 sacrificium

1375 2458 1615 2534 per-agendmm
1640 2475 1657 2520 e
1679 2475 1847 2530 converso,
1864 2459 2029 2521 civitatem
2053 2458 2138 2521 Cha-

1375 2551 1531 2629 chapoyas
1544 2551 1576 2613 in
1592 2553 1812 2616 commodiore
1831 2561 1863 2615 et
1877 2570 1978 2633 prope
1993 2553 2137 2616 centrali

1375 2645 1445 2707 loco
1471 2646 1607 2724 positam
1630 2647 1710 2710 coeli
1732 2647 1918 2710 salubritate
1941 2648 2019 2719 frui,
2045 2665 2136 2710 com-

1376 2740 1496 2804 morcio
1516 2741 1779 2818 frequentissimo
1802 2742 2136 2820 locupletariipsam-

1375 2849 1438 2910 que
1461 2834 1659 2912 praecellere
1683 2841 1750 2897 tum
1772 2836 1993 2898 aedificiorum
2016 2837 2136 2916 ampli-

1375 2927 1487 2990 tudine
1505 2945 1539 2990 ac
1554 2935 1726 3002 structura,
1745 2935 1814 2991 tum
1829 2929 2008 2993 incolarum
2025 2931 2135 3009 magis

1375 3022 1469 3084 cultis
1502 3023 1648 3084 moribus
1675 3029 1707 3084 et
1735 3022 1929 3085 familiarum
1959 3024 2134 3087 nobilitate

1376 3132 1434 3177 nec
1463 3133 1528 3178 non
1550 3117 1690 3178 incolatu
1713 3117 1865 3195 praelecti
1886 3119 2074 3196 provinciae
2102 3126 2136 3180 ot

1375 3209 1579 3287 publicorum
1588 3210 1882 3272 administratorum
1896 3213 2134 3290 copiarumque

1375 3302 1564 3366 militarium
1587 3303 1740 3378 statioue;
1764 3309 1929 3382 praeterea
1946 3305 2026 3368 inibi
2043 3313 2134 3368 exta-

1375 3413 1410 3458 re
1426 3397 1639 3476 parochialem
1660 3399 1826 3460 ecclcsiaut
1849 3399 1909 3461 sub
1924 3399 2133 3462 invocatione

1376 3489 1482 3554 Sancti
1503 3492 1628 3554 loannis
1641 3491 1798 3570 Baptistae
1820 3493 1894 3554 satis
1911 3500 2058 3556 ornatam
2076 3495 2133 3556 de-

1375 3591 1484 3648 center
1507 3603 1595 3648 sacra
1610 3585 1803 3663 supellectili
1825 3595 1857 3648 et
1878 3587 2042 3650 dolatione
2059 3605 2132 3650 ntu-

1375 3680 1486 3752 uitam,
1510 3681 1589 3744 adeo
1605 3687 1640 3742 ut
1654 3680 1768 3744 idonea
1788 3697 1862 3759 prae
1884 3682 2017 3744 caeteris
2035 3689 2069 3745 et
2085 3683 2132 3744 di-

1376 3789 1437 3850 gna
1459 3775 1596 3844 dicatur.
1625 3790 1706 3852 quae
1735 3775 1924 3836 cathedralis
1954 3776 2051 3839 titulo
2075 3777 2130 3840 do-

1375 3876 1482 3940 netur,
1497 3869 1572 3930 alias
1594 3868 1714 3930 ibidem
1731 3867 1875 3945 quinque
1897 3871 2061 3932 recenseri
2079 3887 2131 3934 ec-

1375 3961 1496 4034 clesias,
1521 3963 1765 4034 coemeterium,
1789 3962 1934 4040 publicae
1963 3964 2130 4044 hospitali-

1375 4055 1445 4116 tatis
1468 4056 1613 4127 domum,
1637 4055 1772 4128 scholas,
1790 4055 1964 4133 collegium
1985 4067 2130 4136 praesto·

1375 4163 1437 4224 que
1467 4165 1537 4211 esse
1567 4151 1800 4212 dioecesanum·
1822 4167 1881 4228 pro
1904 4152 2128 4216 ecclesiasticis

1374 4240 1512 4304 alumnis
1525 4243 1745 4315 seminarium,
1757 4244 1916 4321 aedesque
1928 4261 1987 4323 pro
1999 4246 2128 4308 decenti

1374 4335 1569 4399 habitatione
1581 4343 1614 4399 et
1625 4337 1877 4417 curiaEpiscopi,
1889 4339 1979 4399 cuius
1991 4339 2127 4419 insuper

1374 4445 1504 4492 mensae
1519 4446 1681 4507 congruae
1700 4431 1870 4492 dotationis
1894 4432 1990 4494 modo
2005 4434 2128 4496 accedit

1375 4524 1535 4586 cumulus.
1563 4523 1677 4586 Ratum
1704 4525 1844 4602 denique
1871 4527 2126 4605 nunciatumque

1375 4621 1433 4688 est,
1448 4617 1606 4680 eiusmodi
1619 4619 1835 4697 episcopatum
1849 4619 1888 4681 de
1900 4619 2027 4698 Maynas
2039 4621 2125 4683 haud

1375 4726 1468 4788 posse
1484 4712 1537 4774 diu
1553 4711 1743 4789 utiliterque
1758 4713 1946 4787 subsistere,
1963 4715 2024 4776 nisi
2040 4715 2125 4778 eius·

1375 4805 1462 4866 modi
1484 4806 1654 4867 consilium
1677 4806 1886 4884 compleatur.

2172 535 2223 588 An.
2237 539 2263 590 C.
2284 547 2335 598 1813

1414 4901 1433 4975 5
1454 4899 1484 4962 3.
1507 4900 1561 4961 llis
1584 4899 1734 4962 omnibus
1749 4900 1954 4978 amplissimis
1968 4902 2123 4966 indubiis·
2150 4910 2315 4972 uramentum

1375 5009 1438 5071 que
1462 4993 1652 5056 testimoniis
1674 4993 1858 5057 luculenter
1883 4996 2120 5069 demonstratis,

1375 5088 1497 5150 cunctis
1526 5095 1650 5150 matura
1677 5089 1907 5153 deliberatione
1936 5092 2120 5170 perpensis,

1375 5198 1434 5246 nec
1456 5199 1522 5245 non
1550 5183 1654 5246 audita
1684 5185 1808 5262 pridem
1839 5185 1872 5247 in
1894 5185 1925 5246 id
1955 5185 2122 5263 peculiaris

1375 5275 1643 5354 Congregationis
1666 5276 1697 5340 S.
1712 5279 1747 5340 h.
1765 5279 1801 5339 Ε.
1819 5277 2037 5340 Cardinalium
2052 5297 2123 5342 seu·

1376 5370 1483 5443 tentia,
1501 5371 1605 5433 enixis
1620 5372 1755 5434 Peruani
1779 5372 1928 5449 gubernii
1944 5389 2123 5452 eorumque

1374 5465 1570 5543 populorum
1586 5466 1669 5528 votis
1684 5467 1892 5528 annuendum
1909 5484 1980 5529 esse
2001 5469 2122 5530 censui·

1376 5574 1460 5620 mus.
1474 5559 1582 5637 ltaque
1598 5561 1636 5622 de
1649 5561 1838 5638 apostolicae
1850 5563 2046 5624 auctoritatis
2059 5562 2122 5640 ple-

1376 5652 1533 5727 nitudine,
1552 5662 1642 5717 motu
1659 5655 1800 5734 proprio,
1818 5663 1905 5718 etex
1923 5663 2008 5718 certa
2023 5656 2122 5717 scien-

1377 5748 1418 5810 tiu
1436 5764 1470 5810 ac
1485 5755 1608 5809 matura
1624 5748 1864 5821 deliberatione,
1883 5749 2037 5827 praelatas
2052 5763 2122 5827 pro-

1376 5841 1496 5903 vincias
1518 5856 1600 5918 quae
1622 5843 1712 5904 Pataz
1733 5849 1766 5904 et
1780 5841 2004 5922 Chachapoyas
2019 5843 2122 5921 appel·

1377 5935 1499 6008 lantur,
1524 5936 1607 5997 idest
1634 5936 1825 5998 universum
1855 5935 2056 5999 territorium
2086 5937 2122 5998 ab

2141 4977 2180 5020 nis
2194 4975 2301 5018 concessio.
