4864 6994
108 2397 240 2441 Novissima
255 2395 285 2440 il·

88 2452 128 2495 lius
139 2451 197 2494 unio
207 2459 237 2494 ex
247 2460 285 2494 er-

88 2515 132 2547 rore
153 2505 216 2547 laria
240 2513 285 2546 ee-

88 2557 164 2599 clesiae
184 2555 284 2610 episco-

89 2609 128 2666 pali
141 2609 267 2665 segnensl.

92 3845 285 3944 ξῇἷὲῗζᾎᾞίᾷἦὲῗ
305 3875 355 3930 111
385 3867 553 3941 utriusque

92 3955 112 3996 ta
124 3953 182 3996 sunt

141 5553 285 5612 1111111111-
345 5541 363 5616 ἓ

95 5607 122 5662 tvo
134 5607 283 5663 singularum

95 5653 233 5706 dioecesium.

912 583 1087 630 unuuonlbs
1109 583 1159 628 1³1².
1183 583 1249 630 xv1.

303 709 472 776 structam,
490 710 543 766 aut
556 701 714 782 Segnensi
733 701 883 766 eeclesiae
906 699 1050 764 extincti-

303 813 345 858 va
367 798 488 860 unione
510 797 755 876 incorporatam.
781 794 963 872 Segnenses
986 793 1051 854 imo

303 889 470 968 praesules
485 890 639 974 peculiari
661 887 943 952 administrationis
958 887 1052 948 titulo

304 1001 347 1046 111
356 983 525 1062 pontificiis
533 981 630 1045 bullis
643 981 786 1060 quaesito
797 981 1051 1044 blodrusiensem

304 1077 474 1138 ecclesiam
493 1075 623 1136 adhaec
645 1089 748 1151 usque
769 1081 913 1151 tempora
936 1071 1052 1149 guber-

303 1168 442 1231 nandam
463 1175 688 1245 susceperunt:
714 1183 787 1230 suos
808 1174 944 1242 utraque
967 1165 1052 1226 dioe-

304 1263 387 1323 cesis
407 1269 512 1324 certos
532 1260 764 1337 distinctosque
779 1259 898 1337 iugiter
912 1258 1053 1320 servavit

304 1355 440 1416 limites:
465 1355 545 1416 duos
568 1353 714 1432 Episcopi
736 1352 919 1430 Segnenses
938 1350 1051 1414 consti-

305 1455 400 1510 tuere
414 1452 654 1509 consueverunt
676 1445 824 1508 officiales
838 1461 896 1506 seu
912 1443 1052 1506 Vicarios

305 1540 487 1617 generales,
511 1553 651 1616 quorum
675 1538 756 1600 alter
778 1537 988 1614 Segnensen,
1010 1536 1052 1597 al-

304 1639 358 1696 ter
380 1633 635 1695 blodrusiensem
656 1648 714 1693 seu
736 1631 985 1694 Corbaviensem
1001 1630 1051 1692 ad-

304 1727 506 1788 ministraret
534 1725 724 1788 dioecesimz
754 1725 833 1786 duos
855 1723 977 1794 itidem,
1003 1739 1052 1784 oc-

304 1826 459 1882 currente
488 1817 660 1896 segnensis
689 1817 846 1880 Ecclesiae
875 1816 1049 1886 vacatione,

304 1913 426 1974 electos
448 1911 546 1974 luisse
573 1917 659 1988 patet
680 1910 821 1972 vicarios
851 1909 1049 1987 capitulares,

303 2021 409 2068 unum
431 2023 446 2065 a
468 2003 606 2083 capitulo
629 2003 796 2081 Sequensi,
814 2003 952 2064 alterum
974 2019 1052 2065 aca-

305 2099 409 2179 pitulo
432 2099 653 2169 blodrusiensi,
678 2105 714 2160 ut
735 2113 824 2158 suam
846 2097 984 2174 quisque
1006 2097 1052 2158 in-

305 2193 528 2271 dependenter
549 2191 588 2254 ab
602 2192 714 2262 altero,
732 2191 914 2268 usquedum
937 2191 1052 2268 perdu-

305 2293 394 2348 raret
414 2285 562 2358 viduitas,
585 2291 716 2362 regeret
737 2284 919 2346 dioecesim.

347 2381 366 2453 ἓ
387 2379 416 2440 3.
439 2376 634 2456 Nuperrime
655 2383 762 2438 autem
784 2377 852 2438 sive
872 2391 983 2438 rerum
1006 2375 1052 2438 in-

304 2471 394 2534 scitia
415 2472 483 2532 sive
505 2470 654 2550 cupidine
674 2469 766 2531 latius
788 2469 965 2547 explicandi
981 2485 1052 2547 pro-

306 2566 408 2643 priam
436 2564 689 2626 iurisdictionem
719 2577 784 2624 non
812 2562 964 2636 deluere,
997 2562 1051 2639 qui

306 2658 562 2720 llodrusiensem
584 2671 642 2718 seu
656 2654 906 2717 Corbaviensem
929 2655 1052 2717 dioece-

304 2751 368 2812 sinr
396 2750 517 2812 dudum
547 2747 719 2810 extinctam
748 2763 782 2810 ac
810 2747 967 2824 Sequensi
996 2747 1051 2809 Ec-

304 2843 420 2906 clesiae
442 2843 484 2904 ita
505 2841 628 2904 unitam
656 2841 908 2912 arbitrarentur,
932 2847 968 2902 ut
989 2857 1051 2902 una

305 2937 470 2999 dumtaxat
501 2934 641 2996 evaserit
671 2933 844 3004 dioecesis,
879 2933 1051 3009 solumque

304 3045 426 3093 nornen
448 3045 482 3090 11
502 3027 616 3090 titulus
638 3025 867 3088 blodrusiensis
894 3025 1051 3088 Ecclesiae

303 3122 505 3202 superfuerit
525 3121 563 3182 ad
584 3125 729 3182 vetustae
759 3118 945 3197 episcopalis
967 3119 1050 3181 sedis

303 3214 557 3279 conservandam
587 3213 788 3284 memoriam,
819 3228 853 3273 11
882 3217 1051 3290 propterea

305 3317 452 3387 tempore
474 3305 645 3368 vacationis
674 3304 863 3367 cathedralis
893 3305 1051 3368 Ecclesiae

305 3399 1051 3478 Segnensisunumtantummodo‚atqueistum

303 3515 321 3556 a
343 3494 480 3574 capitulo
493 3489 651 3570 Segnensi
667 3492 865 3568 eligendum,
884 3507 955 3554 esse
970 3493 1051 3554 vica-

304 3590 391 3650 rium
413 3587 636 3666 capitularem,
660 3585 806 3662 quitum
837 3583 1048 3662 Segnensem,

304 3689 375 3744 tunr
398 3679 652 3742 llodrusiensem
683 3678 843 3754 gubernet
865 3678 1048 3740 dioecesim.

123 3793 198 3844 111111
235 3803 283 3836 ese
345 3777 364 3850 ς
385 3775 415 3836 1.
437 3773 585 3849 Cumque
607 3771 715 3848 gravia
737 3771 853 3832 exinde
880 3771 1051 3848 111131111-

583 3863 737 3925 dioecesis
764 3863 886 3924 clerum
916 3865 1050 3926 iacturas

304 3963 338 4022 in
360 3958 517 4038 spirituali
532 3957 712 4018 animarum
735 3957 894 4032 regimine
911 3963 942 4018 et
958 3959 1051 4020 noxia

303 4052 448 4116 scandala
470 4051 503 4112 in
526 4049 644 4128 populo
659 4055 768 4111 essent
784 4049 1048 4126 pertimescenda,

304 4145 366 4208 nisi
389 4145 483 4206 buius
507 4141 637 4206 Sanctae
661 4141 750 4203 Sedis
766 4157 918 4220 supremo
934 4143 1050 4205 iudicio

305 4240 417 4302 oborta
437 4237 591 4300 dubitatio
610 4234 830 4308 dirimeretur,
848 4235 965 4298 idcirco
981 4237 1051 4297 cba-

303 4333 452 4394 rissirnus
465 4328 634 4392 inchristo
647 4328 731 4390 lilius
744 4335 855 4389 noster
867 4329 1050 4392 Franciscus

304 4427 428 4505 primus
450 4423 597 4484 Austriae
626 4421 803 4498 imperator
826 4429 858 4482 et
879 4421 1050 4485 Bobemiae

304 4528 400 4596 atque
422 4514 602 4592 Hungariae
625 4529 683 4574 rex
706 4514 895 4592 apostolicus
918 4516 1051 4578 1111111-

304 4610 352 4672 bis
374 4607 606 4672 studiosissime
628 4621 693 4667 suis
723 4606 825 4667 literis
855 4608 1048 4686 efflagitavit,

304 4711 341 4766 ut
369 4707 561 4764 memoratas
594 4699 756 4762 dioeceses
789 4699 989 4776 Segnensem
1019 4710 1051 4765 et

305 4795 561 4858 llodrusiensem
590 4794 675 4855 inter
696 4810 730 4855 se
752 4809 830 4856 vere
859 4811 892 4858 ac
920 4797 1051 4858 realiter

305 4907 376 4952 esse
399 4889 571 4960 distinctas,
589 4905 623 4948 ac
638 4889 809 4949 eveniente
825 4889 956 4951 decessu
980 4891 1050 4969 Epi-

305 4983 392 5060 scopi
414 4999 471 5060 pro
495 4987 642 5060 tempore
669 4979 843 5058 segnensis
866 4989 898 5044 et
919 4984 1050 5046 admini-

304 5077 450 5137 stratoris
473 5073 712 5146 Modrosiensis,
735 5081 913 5152 utrumque
934 5078 1050 5154 capitu-

305 5170 372 5231 lum
395 5168 531 5230 seorsim
544 5168 719 5245 procedere
736 5167 855 5230 debere
870 5170 907 5231 ad
923 5169 1051 5232 electio-

305 5277 380 5324 nem
409 5261 526 5323 Vicarii
555 5260 737 5338 capitularis
770 5277 827 5338 pro
860 5277 1050 5340 unaquaque

305 5355 443 5417 dioecesi
454 5353 661 5432 gubernanda
673 5353 908 5416 declar-aremus
922 5362 954 5416 et
963 5371 1051 5434 prae-

304 5449 497 5526 ciperemus.

384 5540 413 5601 5.
437 5539 502 5602 Nos
517 5539 627 5616 igitur,
645 5539 700 5616 qui
720 5541 906 5602 earumdem
929 5542 1051 5604 dioece-

305 5635 389 5696 sium
417 5639 535 5694 statum
565 5639 596 5694 et
617 5633 840 5710 antiquitatem
865 5635 1051 5697 utilitatem-

305 5743 368 5804 que
390 5725 631 5804 perpendimus,
646 5727 806 5788 rationum
829 5735 992 5790 momenta
1014 5729 1051 5790 ab

304 5819 475 5895 utriusque
504 5819 659 5880 dioecesis
688 5819 774 5881 clero
803 5818 894 5882 allata
925 5829 1050 5883 mature

304 5911 598 5984 consideravimus,
628 5913 887 5990 sententiamque
916 5929 1050 5977 venera-

1797 567 1836 632 63
1886 567 1939 621 An.
1954 569 1984 622 C.
2006 569 2075 622 1⁸33

1108 698 1379 762 biliumlratrum
1394 701 1480 762 Petri
1496 701 1702 764 Klobusiczli
1725 700 1855 764 11111111-

1108 793 1227 870 piscopi
1256 793 1444 856 Colovensis
1467 799 1498 856 et
1520 792 1703 855 Bacbiensis
1733 810 1766 856 ac
1788 809 1855 854 rne-

1109 886 1292 964 tropolitani
1322 886 1530 950 ecclesiarum
1563 885 1793 948 llodrusiensis
1824 892 1855 949 et

1109 977 1292 1055 Segnensis,
1318 995 1376 1042 nec
1403 995 1468 1042 non
1490 979 1541 1041 bo.
1566 995 1628 1040 me.
1654 979 1778 1042 loannis
1801 979 1855 1042 Ba·

1109 1071 1221 1150 ptistae
1243 1072 1344 1134 lesicb
1370 1073 1444 1135 dunt
1475 1073 1603 1134 viveret
1631 1071 1778 1151 Episcopi
1801 1071 1854 1134 Se-

1109 1165 1239 1241 gnensis
1269 1171 1301 1225 et
1329 1165 1594 1227 administratoris
1625 1164 1854 1228 liodrusiensis

1109 1257 1312 1328 libravimus,
1337 1258 1493 1320 eximium
1522 1257 1667 1320 eiusdem
1697 1258 1854 1322 Francisci

1109 1351 1204 1428 primi
1219 1351 1424 1429 imperatoris
1437 1351 1544 1412 zelum
1558 1367 1615 1428 pro
1628 1351 1712 1412 bono
1725 1359 1851 1414 ottran-

1109 1443 1266 1519 quillitate
1288 1444 1482 1522 populorum
1504 1459 1649 1514 suorum,
1672 1443 1806 1520 eiusque
1822 1445 1854 1506 in

1109 1537 1189 1598 banc
1216 1537 1430 1615 apostolicam
1464 1536 1581 1599 Sedena
1610 1539 1852 1600 venerationem

1108 1629 1233 1690 meritis
1255 1629 1401 1690 laudibus
1430 1629 1614 1702 efferentes,
1639 1630 1763 1708 piisque
1786 1631 1854 1692 eius

1109 1721 1376 1800 postulationibus
1393 1721 1532 1784 libenter
1547 1739 1673 1786 morem
1690 1730 1852 1800 gerentes,

1108 1831 1142 1874 ac
1164 1815 1259 1876 etiam
1283 1820 1371 1876 motu
1395 1816 1536 1892 proprio,
1560 1823 1646 1876 certa
1667 1816 1798 1878 scientia
1824 1823 1857 1878 et

1110 1913 1232 1968 matura
1260 1907 1503 1978 deliberatione,
1532 1908 1636 1985 deque
1665 1909 1855 1986 apostolicae

1109 1999 1273 2077 potestatis
1297 2000 1497 2078 plenitudine
1524 2017 1557 2062 ac
1579 2002 1797 2078 praesentium
1820 2003 1855 2064 li-

1110 2098 1252 2155 terarum
1285 2101 1399 2156 tenore
1431 2094 1647 2166 declaramus,
1682 2095 1856 2157 dioecesim

1109 2185 1364 2248 Modrusiensem
1387 2203 1443 2249 seu
1466 2187 1717 2249 Corbaviensem
1730 2188 1768 2250 ab
1784 2189 1856 2267 Epi·

1109 2295 1204 2357 scopo
1236 2295 1294 2358 pro
1327 2287 1473 2358 tempore
1504 2279 1662 2356 Seguensi
1693 2289 1854 2358 tamquam

1109 2373 1177 2434 eius
1199 2373 1457 2434 administratore
1487 2380 1688 2451 procuratam
1710 2374 1748 2434 ab
1770 2375 1855 2437 dioe-

1108 2465 1173 2527 cesi
1196 2464 1354 2542 Segnensi
1376 2481 1447 2526 esse
1460 2481 1538 2526 vere
1560 2483 1593 2526 ac
1615 2465 1746 2528 realiter
1768 2483 1855 2546 sepa-

1108 2565 1208 2619 ratam
1230 2567 1262 2620 et
1284 2559 1416 2621 omnino
1432 2559 1623 2631 distinctam,
1639 2567 1681 2632 et,
1697 2567 1854 2636 quatenus

1109 2667 1188 2730 opus
1200 2652 1251 2724 sit,
1263 2653 1301 2714 de
1317 2668 1401 2713 novo
1414 2667 1610 2730 separamus,
1625 2653 1854 2730 distinguimus

1108 2751 1202 2822 atque
1224 2745 1436 2806 secernimus.

1148 2837 1216 2913 56.
1242 2837 1397 2900 Similiter
1420 2838 1532 2900 iisdem
1556 2845 1657 2911 motu,
1675 2839 1806 2902 scientia
1821 2857 1855 2903 ac
1896 2852 2028 2914 concessio
2044 2863 2086 2897 no-

1108 2932 1271 3010 potestatis
1294 2931 1493 3009 plenitudine
1516 2933 1687 3004 edicimus,
1716 2933 1854 2996 declara·
1874 2906 2086 3004 fflnffigljffissff'

1108 3042 1179 3087 mus
1201 3032 1296 3102 atque
1318 3026 1516 3096 mandamus,
1540 3032 1577 3086 ut
1599 3032 1745 3104 tempore
1767 3043 1854 3090 vaca·

1108 3119 1203 3180 tionis
1226 3126 1289 3180 tam
1311 3119 1395 3179 sedis
1425 3117 1614 3196 segnensis,
1638 3135 1734 3196 quarn
1756 3121 1854 3182 admi·

1108 3212 1305 3274 nistrationis
1341 3212 1496 3274 dioecesis
1534 3211 1763 3274 blodrusiensis
1795 3230 1853 3276 seu

1108 3305 1330 3368 Corbaviensis
1352 3305 1401 3367 ius
1425 3305 1567 3382 eligendi
1589 3305 1751 3369 vicarium
1774 3309 1853 3386 oapi-

1107 3399 1245 3462 tularem
1258 3414 1379 3476 prosua
1391 3413 1517 3476 quaque
1530 3399 1668 3460 dioecesi
1680 3400 1716 3460 ad
1729 3407 1853 3462 utrum-

1108 3507 1171 3570 que
1197 3491 1371 3570 capitulum
1400 3497 1537 3569 spectet,
1569 3492 1724 3554 nimirum
1747 3495 1784 3555 ad
1807 3511 1853 3556 ca·

1108 3584 1246 3665 pitulum
1270 3583 1436 3661 Segnense
1451 3583 1611 3646 Vicarium
1635 3601 1692 3662 pro
1715 3585 1853 3648 dioecesi

1108 3677 1275 3754 segnensi,
1305 3678 1399 3739 etad
1429 3676 1603 3754 capitulum
1632 3677 1853 3742 lllodrusiense

1107 3787 1163 3834 seu
1176 3769 1391 3833 Corbaviense
1405 3787 1462 3848 pro
1475 3770 1613 3832 dioecesi
1626 3769 1850 3845 blodrusiensi,

1106 3871 1142 3924 ut
1170 3864 1393 3940 unusquisque
1426 3862 1569 3924 Vicarius
1598 3863 1779 3940 capitularis
1806 3865 1852 3926 iu·

1107 3957 1325 4020 risdictionem
1351 3973 1441 4018 suam
1470 3957 1726 4034 independenter
1751 3957 1789 4019 ab
1811 3959 1852 4020 al-

1109 4057 1176 4112 tero
1200 4065 1353 4112 exercere
1375 4049 1530 4128 possitae
1554 4049 1679 4110 debeat.

1147 4143 1215 4220 §7-
1247 4143 1405 4206 Volumus
1433 4149 1541 4204 tamen
1574 4150 1669 4220 atque
1701 4145 1851 4222 praecipi·
1886 4153 2017 4250 Ι1111111111
2032 4163 2084 4209 sne·

1107 4253 1191 4310 mus,
1201 4244 1237 4299 ut
1247 4237 1280 4300 in
1293 4237 1450 4300 electione
1460 4237 1570 4298 vicarii
1582 4237 1762 4315 capitularis
1772 4240 1852 4300 sacri
1871 4215 1949 4250 ‘³³¹⁵'

1107 4347 1243 4393 canones
1266 4347 1299 4392 ac
1314 4330 1504 4409 praesertim
1521 4330 1647 4391 decreta
1662 4333 1852 4394 sacrosancti

1106 4425 1240 4486 Concilii
1267 4423 1462 4494 Tridentini,
1490 4423 1527 4483 ab
1553 4429 1692 4499 utroque
1714 4423 1852 4501 capitulo

1107 4519 1298 4580 adamussim
1322 4525 1354 4578 et
1379 4515 1608 4578 inviolabiliter
1637 4517 1852 4578 observentur

1107 4620 1201 4688 atque
1223 4610 1453 4672 custodiantur.

1146 4707 1164 4780 ἓ
1185 4703 1215 4765 8.
1239 4705 1427 4765 Praesentes
1449 4717 1577 4780 quoque
1600 4703 1707 4764 literas
1723 4719 1852 4782 semper
1871 4711 2084 4810 Ι111111111111-

1107 4807 1139 4860 et
1161 4805 1317 4878 perpetuo
1345 4796 1465 4878 validas
1488 4803 1520 4856 et
1548 4795 1689 4858 efficaces
1720 4813 1789 4859 esse
1818 4815 1852 4860 ac
1871 4775 1927 4863 viii
1945 4775 2082 4864 inrui?

1107 4893 1187 4964 lore,
1206 4907 1265 4954 nec
1282 4890 1350 4952 ullo
1365 4905 1507 4966 unquam
1524 4895 1670 4966 tempore
1687 4891 1726 4950 de
1740 4890 1852 4953 subre-

1107 4984 1235 5063 ptionis,
1251 4981 1448 5061 obreptionis
1464 4989 1518 5043 aut
1533 4981 1688 5043 nullitatis
1704 4983 1783 5046 vitio
1799 4987 1851 5047 vel

1106 5078 1294 5140 intentionis
1310 5084 1448 5148 nostrae,
1465 5077 1569 5138 aliove
1584 5077 1697 5152 quovis
1713 5077 1850 5151 delectu,

1107 5173 1202 5234 etiarn
1234 5187 1273 5232 111
1296 5186 1334 5231 11
1364 5171 1449 5246 quod
1479 5169 1510 5240 11,
1536 5185 1674 5245 quorum
1704 5169 1850 5243 interest,

1106 5273 1160 5326 aut
1181 5265 1340 5326 interesse
1363 5271 1471 5341 posset
1486 5263 1519 5323 in
1543 5263 1689 5324 futurum
1711 5265 1852 5325 cuiusvis

1106 5365 1217 5430 status,
1243 5358 1374 5429 ordinis,
1404 5357 1675 5435 praeeminentiae
1698 5357 1853 5434 111111111-

1108 5453 1178 5514 tatis
1194 5451 1268 5524 sint,
1288 5452 1382 5512 eliam
1404 5451 1548 5528 specifica
1571 5450 1735 5512 mentione
1751 5451 1851 5526 digni,

1106 5546 1169 5607 illis
1192 5561 1256 5606 non
1279 5545 1511 5614 consenserint,
1527 5550 1580 5605 aut
1601 5543 1735 5604 minime
1751 5545 1853 5606 vocati

1107 5645 1139 5700 et
1160 5638 1259 5699 auditi
1282 5638 1414 5708 luerint,
1438 5637 1564 5698 tametsi
1593 5652 1727 5697 suorum
1749 5636 1853 5697 indul-

1107 5738 1214 5792 torum
1244 5737 1297 5791 aut
1326 5729 1574 5808 privilegiorum
1604 5729 1716 5806 vigore
1746 5731 1854 5792 vocari

1106 5831 1159 5885 aut
1180 5823 1283 5884 audiri
1305 5822 1501 5894 debuissent,
1526 5828 1579 5882 aut
1594 5838 1634 5884 ex
1653 5824 1789 5900 eoquod
1805 5840 1854 5886 so-

1106 5916 1299 5989 lemnitates,
1328 5922 1381 5978 aut
1410 5931 1632 5994 quaecumque
1658 5915 1717 5978 alia
1743 5916 1852 5980 lorsan
