4822 6986
147 2185 173 2228 S.
193 2188 295 2241 congre

111 2239 199 2284 tionis·
221 2243 246 2284 el
262 2241 294 2286 Co

113 2350 184 2394 llnis.

730 769 1540 883 SUPPLEMEN'PUM

961 1021 1308 1040 &MNWWQMWM

722 1343 743 1406 l.

603 1527 862 1596 rnosreerus
923 1494 925 1500 ’

361 1716 489 1798 Colleqii
514 1717 634 1782 b'rbeai
650 1719 681 1782 S.
702 1719 965 1802 Conprcqctioais
980 1721 1016 1783 de
1031 1721 1108 1784 Pro-

395 1812 549 1892 paganda
571 1813 659 1880 Fide.
684 1820 778 1892 atque
799 1815 937 1878 eiusdem
964 1816 1109 1878 alumno-

397 1921 470 1966 ram
497 1905 538 1968 ad
562 1907 774 1970 scientiarum
802 1908 912 1970 stadia
938 1915 967 1968 et
989 1908 1030 1971 ud
1058 1925 1108 1972 sa·

398 1999 573 2061 cerdotiom
595 2001 811 2062 institutionis
832 2001 886 2082 (l).
966 2042 971 2056 .
1041 2065 1043 2070 ,

297 2196 339 2288 ἦξζ
398 2186 485 2261 Quod
509 2187 658 2249 Romanis
675 2187 882 2250 Pontificibus
898 2188 958 2250 luit
980 2205 1109 2268 semper

110 2297 147 2346 trs
161 2293 338 2344 instruendae
357 2281 464 2343 animo
487 2282 753 2362 preposituram
774 2283 880 2344 divina
903 2283 973 2344 lesu
990 2283 1109 2345 Christi

358 2375 484 2437 Domini
514 2375 614 2437 nostri
644 2375 768 2452 Religio
795 2375 915 2454 ubique
949 2384 1107 2438 terrarum

357 2470 616 2548 amplificaretur,
631 2470 660 2532 ld
677 2470 709 2531 in
726 2470 836 2551 primis
851 2471 1026 2548 Gregorius
1039 2469 1106 2534 XV.

357 2569 451 2640 atque
475 2561 621 2624 Urbanus
643 2562 720 2624 Vlll.
746 2563 858 2624 sedulo
886 2564 1107 2637 intenderunt,

357 2663 451 2733 atque
474 2656 592 2732 insigni
616 2657 684 2719 data
707 2672 803 2734 opera
825 2656 951 2734 plenius
981 2659 1109 2735 assequi

356 2757 555 2828 sategerunt.
579 2751 754 2828 Gregorius
770 2751 856 2812 enim
872 2751 1046 2828 apostolico
1062 2753 1108 2813 iu-

356 2859 471 2906 census
484 2845 598 2906 ardore
610 2851 705 2921 atque
718 2844 804 2905 orbis
816 2845 961 2906 universi
970 2846 1007 2906 ad
1017 2845 1107 2908 Citri-

356 2946 441 3000 stum
458 2938 667 3000 convertendi
684 2938 790 3000 studio
803 2939 951 3016 llagrans,
966 2955 1024 3017 per
1040 2939 1107 3002 bul·

356 3034 418 3095 larn
442 3033 503 3095 die
517 3050 596 3093 xxrr.
614 3033 693 3093 iunii
710 3049 793 3094 anno
810 3049 957 3094 uncxxu.
977 3032 1106 3106 editam,

356 3135 483 3189 coetum
500 3126 733 3188 nonnullorum
752 3125 827 3188 Sit.
839 3125 875 3187 Ε.
890 3125 1107 3188 cardinalium

356 3221 445 3282 Fidei
467 3220 691 3298 Propagandae
715 3219 875 3298 praeierit,
893 3227 988 3297 atque
1004 3221 1045 3282 ita
1061 3223 1108 3282 in-

356 3316 458 3394 clytae
480 3315 567 3376 illius
588 3313 856 3390 congregationis·
883 3329 963 3392 quae
987 3315 1107 3393 optime

357 3409 471 3487 quovis
506 3416 651 3487 temporo
683 3409 722 3470 de
750 3407 910 3469 Gatllolica
939 3408 1107 3486 lleligione

357 3504 471 3566 merita
487 3511 545 3574 est,
564 3503 717 3582 providus
733 3502 839 3563 extitit
854 3502 1031 3565 institutor.
1050 3504 1107 3565 Ur-

356 3600 457 3661 banus
480 3613 558 3659 vero
574 3596 652 3659 vill.
670 3596 908 3674 pientissimum
924 3597 1107 3674 praedeces-

356 3695 437 3756 soris
466 3693 515 3755 sui
544 3691 714 3753 consilinm
744 3690 922 3768 suscipiens
952 3697 1047 3768 atque
1069 3691 1106 3754 ad

357 3787 583 3866 praestitutum
599 3786 637 3847 ab
654 3785 710 3846 illo
726 3785 847 3846 exitum
866 3785 1042 3862 perducere
1055 3802 1107 3846 cu-

356 3883 457 3962 piens,
482 3882 532 3944 die
548 3899 569 3942 1.
587 3881 715 3958 augusti
737 3896 821 3940 anno
843 3895 1011 3940 nocxxvu.
1030 3895 1106 3957 pon·

357 3975 489 4037 tilleium
520 3974 558 4036 de
588 3972 792 4051 Propaganda
820 3969 895 4034 Fide
923 3971 1104 4049 Collegium

356 4069 482 4142 statuit3
506 4075 600 4145 atque
623 4067 701 4128 illud
725 4067 761 4126 ad
781 4073 944 4128 aeternam
961 4065 1106 4128 lundato-

356 4163 400 4224 ris
422 4163 612 4224 memoriam
636 4175 738 4237 usque
762 4160 797 4222 ad
826 4161 911 4222 lruno
934 4161 1018 4222 diem
1050 4161 1105 4223 Ur-

356 4257 472 4319 banum
496 4255 684 4334 appellatur.
709 4253 808 4315 Porro
826 4253 895 4315 linis
917 4253 955 4316 ab
978 4254 1106 4318 Urbano

356 4352 500 4414 intentus
522 4351 555 4411 iu
578 4349 638 4410 boc
660 4347 815 4425 erigendo
842 4348 1105 4427 instituendoque

287 4517 292 4536 ‚
354 4443 500 4522 Collegio
522 4443 730 4520 dignissimus
752 4459 828 4504 sane
851 4442 920 4514 luit,
946 4444 998 4520 qui
1023 4461 1105 4506 asu-

355 4555 467 4617 premo
483 4537 641 4600 Ecclesiae
664 4536 764 4614 eapite
783 4535 1019 4598 intenderetur.
1044 4538 1105 4600 Vo-

354 4633 414 4696 luit
436 4632 590 4694 nimlrum
608 4629 754 4694 Pontifex
774 4630 828 4692 ille
844 4631 1003 4692 maximus
1021 4638 1057 4693 ut
1072 4632 1104 4693 in

354 4727 439 4789 Urbe
462 4725 560 4788 totius
582 4724 727 4786 catholici
752 4723 838 4786 orbis
867 4724 1010 4803 principe
1032 4727 1104 4788 ado-

353 4820 549 4883 lescentibus
571 4819 803 4896 cuiuscumque
823 4819 965 4895 regionis
981 4827 1012 4880 et
1027 4835 1105 4897 quo—

353 4929 491 4991 cumque
515 4913 665 4975 idiomate
688 4912 895 4989 loquentibus
914 4913 1105 4976 adminicula

353 5010 458 5072 omnia
482 5015 607 5087 praesto
630 5013 746 5078 essent,
772 5007 888 5084 quibus
911 5015 943 5069 et
963 5008 1104 5070 scientiis

352 5102 540 5182 praesertim
571 5102 667 5163 sacris
694 5101 713 5162 ii
745 5101 981 5172 imbuerentur,
1007 5109 1038 5162 et
1067 5103 1104 5165 ad

352 5197 509 5259 sinceram
544 5211 795 5273 germanamque
824 5195 976 5273 pietatem
1005 5195 1103 5257 inlor-

353 5297 535 5362 marentur,
560 5297 595 5351 ut
621 5289 771 5351 videlicet
800 5290 836 5351 ad
866 5289 984 5351 curisti
1007 5291 1103 5351 tidem

352 5383 385 5444 in
408 5383 520 5460 quavis
543 5382 628 5444 orbis
651 5382 742 5460 plaga
765 5382 832 5444 sire
861 5383 1101 5461 praedicandam

353 5479 505 5555 primum,
523 5477 592 5538 sive
608 5477 857 5538 confirmandam
874 5493 907 5538 ac
928 5491 1103 5555 propagan-

353 5571 435 5643 dam,
460 5571 523 5650 apti
545 5571 719 5647 idoneique
741 5571 957 5632 efficerentur.

397 5845 426 5898 tl)
443 5846 474 5888 llt
488 5845 558 5900 apud
573 5847 678 5888 exteras
693 5846 784 5898 geistes
801 5843 946 5888 innotescat
959 5847 1059 5899 quiante
1069 5841 1105 5887 sit

354 5911 462 5966 Collegit
484 5910 580 5955 Urbani
603 5913 626 5953 s.
643 5909 860 5964 ‹.·0ogregationts
882 5911 913 5954 de
935 5911 1105 5966 Propaganda

354 5976 416 6021 Fide
431 5977 604 6033 praestantia,
617 5982 769 6033 prospectus
784 5976 901 6021 eiusdem
915 5977 1024 6032 collegii
1036 5977 1104 6033 typis

1203 1345 1259 1407 llic
1280 1351 1387 1408 autem
1412 1346 1483 1408 nnis
1500 1361 1572 1408 curn
1589 1347 1625 1408 ad
1648 1347 1775 1414 divinae
1791 1348 1913 1426 gloriae
1932 1352 2054 1454 ¹collati
2070 1353 2147 1410 oriri-

1162 1439 1400 1501 inorementum
1418 1445 1514 1516 atque
1528 1439 1564 1502 ad
1581 1440 1760 1503 animarum
1775 1443 1912 1504 salutem
1942 1419 2007 1465 ⁰⁸¹⁸'

1163 1531 1297 1594 miridce
1320 1533 1419 1604 cedat,
1436 1547 1548 1594 omnes
1563 1532 1722 1595 Romanos
1744 1534 1913 1598 Pontidccs

1163 1626 1280 1688 Urbani
1294 1625 1372 1688 vill.
1389 1642 1590 1689 successores
1607 1628 1777 1706 permovit,
1792 1635 1829 1692 ut
1842 1628 1913 1691 Gol-

1163 1719 1285 1797 legium
1308 1720 1347 1781 de
1369 1719 1573 1799 Propaganda
1600 1719 1676 1784 Fide
1697 1723 1803 1784 studio
1832 1737 1915 1785 sem-

1163 1831 1221 1893 per
1253 1813 1406 1892 peculiari
1435 1814 1658 1893 singularique
1688 1817 1914 1880 benevolentia

1164 1913 1450 1986 prosequerentur.
1475 1907 1580 1985 dique
1595 1909 1669 1971 hinc
1681 1909 1799 1972 lactum
1816 1915 1865 1973 est
1879 1917 1915 1974 ut

1164 2001 1307 2062 eiusdem
1330 2000 1459 2078 collegii
1480 2001 1617 2064 alumnis
1637 2004 1797 2082 praeclara
1818 2004 1915 2086 privi-

1163 2094 1245 2172 legia
1268 2101 1300 2157 et
1322 2095 1448 2156 lavores
1470 2111 1546 2157 sane
1567 2097 1771 2174 perinsignes
1793 2097 1915 2161 luerint

1163 2188 1331 2266 impertiti.
1355 2188 1498 2265 Benigne
1522 2189 1608 2250 enim
1636 2189 1761 2267 elargiti
1783 2197 1859 2254 sunt
1879 2199 1916 2254 ut

1163 2282 1184 2344 ii
1210 2283 1304 2344 titulo
1332 2282 1512 2352 missionis,
1537 2288 1632 2346 cetra
1661 2289 1820 2365 temporo,
1850 2301 1915 2348 aon

1163 2377 1299 2440 seruatis
1322 2376 1506 2438 interstitiis
1528 2391 1633 2438 sacros
1660 2376 1790 2439 ordines
1817 2380 1915 2440 susci-

1164 2487 1240 2550 pere
1262 2478 1404 2550 possent,
1423 2477 1459 2532 ut
1478 2487 1517 2537 ex
1539 2471 1615 2550 ipsis
1636 2485 1721 2534 unus
1745 2474 1915 2550 quotannis

1163 2581 1272 2628 corana
1295 2563 1446 2644 Pontifici
1475 2581 1508 2626 ac
1535 2563 1733 2646 Parparatis
1762 2564 1916 2629 Patribus

1163 2657 1292 2721 latinam
1305 2658 1441 2721 solemni
1456 2659 1659 2721 pentecostes
1672 2659 1723 2720 die
1736 2661 1914 2722 orationem

1164 2753 1307 2823 baberet,
1331 2757 1368 2814 ut
1390 2752 1411 2813 ll
1435 2767 1492 2830 per
1514 2759 1638 2814 certum
1653 2753 1789 2831 spatium
1805 2754 1837 2815 in
1859 2769 1915 2833 pu-

1163 2845 1253 2907 blicis
1274 2845 1559 2923 supplicationibus
1582 2845 1769 2908 Pontificem
1786 2849 1914 2910 comita-

1163 2946 1288 3010 rentur,
1307 2945 1343 3000 ut
1358 2938 1574 3016 duodenique
1591 2955 1630 3000 ex
1646 2939 1766 3002 eisdem
1783 2941 1862 3003 leria
1874 2941 1911 3004 V.

1163 3031 1195 3094 in
1217 3048 1315 3094 coena
1331 3032 1458 3094 Domini
1480 3039 1642 3109 tamquam
1656 3033 1800 3111 Apostoli
1815 3035 1851 3097 ad
1868 3052 1914 3097 sa-

1163 3139 1248 3186 cram
1261 3126 1380 3203 pedum
1396 3126 1564 3198 lotionem,
1578 3139 1672 3203 quarn
1687 3127 1834 3189 Pontilex
1846 3129 1914 3207 ipse

1162 3217 1365 3280 in'Vaticana
1387 3217 1517 3280 Basilica
1539 3217 1627 3290 lacit,
1652 3218 1912 3282 admitterentur.

1163 3311 1293 3373 decedit
1315 3317 1347 3373 et
1367 3311 1460 3384 illud,
1478 3312 1563 3388 quod
1587 3311 1624 3374 ab
1646 3312 1761 3374 iisdem
1777 3315 1913 3376 summis

1163 3405 1366 3483 pontificibus
1399 3405 1527 3467 Urbano
1554 3405 1698 3483 Collegio
1725 3423 1914 3471 concessum

1162 3499 1348 3571 est,uteius
1361 3498 1482 3560 alumni
1494 3499 1708 3576 qui,solemni
1720 3499 1801 3563 lacto
1812 3502 1915 3572 soien-

1162 3592 1278 3654 tiarum
1310 3593 1465 3670 periculo,
1490 3593 1647 3670 optimum
1679 3593 1841 3670 prolectus
1863 3598 1914 3658 sui

1162 3686 1326 3763 specimen
1355 3685 1579 3756 exhibuerint,
1611 3685 1830 3766 philosophica
1860 3698 1914 3753 aut

1162 3778 1342 3855 theologica
1365 3778 1472 3840 laurea
1494 3779 1532 3840 ab
1555 3779 1810 3844 eminentissimo
1832 3786 1912 3848 sacri

1161 3872 1294 3935 Consilii
1316 3871 1476 3934 Cardinali
1495 3871 1658 3935 Praefecto
1681 3874 1889 3939 donarentur.

1200 3965 1353 4040 Quoniam
1377 3981 1467 4037 vero,
1485 3981 1566 4043 quae
1588 3966 1644 4028 liei
1666 3975 1752 4040 sunt,
1771 3970 1912 4035 ordinata
1945 3981 2145 4044 quaesusum-

1160 4062 1224 4122 sint
1246 4067 1384 4140 oportet,
1409 4061 1569 4138 sapienter
1594 4061 1758 4138 provisum
1781 4071 1839 4137 est,
1863 4073 1909 4140 ut,
1932 4046 2028 4152 {ffi'r's'i
2045 4036 2145 4136 iiiii·-

1160 4172 1241 4233 quae
1263 4155 1470 4216 alumnorum
1494 4155 1653 4216 delectum
1677 4157 1851 4235 attingunt,
1876 4177 1911 4224 ea
1931 4147 2034 4200 “⁰¹⁵¹‘a'

1160 4250 1222 4312 rite
1244 4256 1339 4325 atque
1361 4263 1401 4310 ex
1424 4249 1537 4311 ordine
1554 4249 1681 4324 tierent,
1698 4252 1861 4330 simulque
1876 4262 1913 4318 ut

1160 4437 1287 4500 diorum
1310 4437 1391 4498 ratio
1413 4436 1629 4514 adoptaretur,
1644 4453 1705 4515 qua
1721 4440 1911 4504 inviolabili·

1162 4537 1210 4593 ter
1231 4538 1375 4602 serrati,
1403 4531 1623 4594 adolescentes
1646 4534 1679 4594 in
1708 4541 1829 4598 sortem
1852 4537 1912 4600 llo-

1161 4626 1238 4686 mini
1256 4625 1356 4687 vocati
1369 4631 1465 4703 atque
1480 4625 1518 4687 ad
1533 4627 1744 4704 apostolicum
1767 4631 1912 4694 ministe-

1160 4721 1245 4782 rium
1267 4721 1372 4790 electi.
1391 4735 1532 4798 congrua
1556 4735 1684 4784 morum
1704 4723 1912 4812 sanctimonia

1160 4820 1256 4891 atque
1278 4821 1459 4893 opportuno
1479 4815 1685 4878 scientiarum
1707 4818 1849 4881 srrbsidio
1865 4821 1911 4882 in·
1985 4819 1988 4824 ’

1160 4917 1377 4974 struerentur.
1391 4910 1501 4987 ltaque
1513 4911 1709 4983 adolescens,
1724 4913 1825 4990 quise
1840 4931 1912 4993 apo-

1160 5005 1272 5067 stolico
1295 5005 1474 5066 ministerio
1490 5004 1636 5067 dedicare
1651 5006 1684 5067 in
1700 5006 1836 5071 Domino
1851 5016 1911 5072 sta-

1161 5099 1270 5170 tuerit,
1296 5105 1390 5176 atque
1406 5097 1478 5162 ideo
1494 5099 1525 5161 in
1542 5099 1706 5162 Urbanum
1723 5103 1825 5181 excipi
1840 5104 1911 5167 Gol-

1159 5193 1282 5270 legium
1296 5199 1472 5272 exoptaret,
1490 5193 1647 5272 Episcopo
1662 5201 1715 5257 aut
1727 5195 1909 5274 apostolico

1160 5287 1233 5359 loci,
1258 5288 1289 5348 in
1312 5303 1377 5364 quo
1399 5288 1498 5363 degit,
1520 5287 1655 5361 Vicario,
1677 5305 1733 5351 seu
1757 5289 1851 5352 etiam
1867 5292 1910 5354 al-

1160 5381 1221 5443 teri
1244 5381 1332 5454 viro,
1357 5382 1410 5458 qui
1434 5381 1553 5444 Romae
1575 5384 1718 5462 apprime
1739 5385 1780 5446 sit
1802 5391 1908 5458 notus,

1161 5481 1233 5536 vota
1248 5477 1305 5536 ista
1321 5491 1375 5537 sua
1392 5475 1513 5554 aperiat
1527 5483 1664 5554 oportet.
1687 5477 1733 5540 Ab
1749 5478 1798 5540 lris
1814 5493 1909 5556 quae-

1091 5609 1099 5619 ·
1161 5571 1232 5632 dam
1266 5569 1402 5648 excipiet
1434 5571 1576 5648 quaesita
1604 5571 1735 5652 (extant
1763 5574 1795 5636 in
1825 5573 1909 5637 calce

1161 5841 1247 5886 editus
1262 5846 1303 5886 est
1317 5851 1634 5898 arruoxrorccxc1.,qrrern
1646 5839 1689 5886 lric
1697 5841 1843 5897 adiungere
1853 5853 1911 5888 con·

1160 5920 1254 5954 souurn
1276 5921 1333 5953 esse
1350 5909 1434 5952 visum
1456 5909 1496 5953 est
1510 5907 1660 5954 collectioni
1676 5913 1715 5952 tot
1731 5915 1911 5954 rrlorlumeuto·

1160 5987 1220 6022 rum
1236 5980 1259 6020 S.
1276 5975 1511 6032 congregationem
1528 5975 1734 6033 respicientium.
