4770 6982
271 536 323 586 nn.
339 535 369 586 c.
393 535 460 585 reae
511 525 570 592 320

493 663 608 740 partim
624 664 661 726 ad
678 663 709 726 S.
724 663 876 728 Ludcnici
893 663 1065 726 dioecesim
1083 669 1239 742 spectans,

493 773 527 818 ac
559 757 759 820 territorium
792 755 912 834 pariter
943 755 1119 826 contineat,
1156 757 1241 834 quod

493 857 580 912 trans
592 851 662 914 illas
677 851 829 928 regiones
842 851 1052 912 constitutum
1069 857 1127 922 est,
1142 851 1242 928 quod-

493 959 556 1020 que
568 945 670 1007 adhuc
682 945 719 1007 ad
731 944 971 1019 Quebecensem
985 943 1159 1006 dioecesim
1172 960 1242 1023 per-

493 1037 624 1101 tinebat.

533 1135 552 1208 5
573 1133 602 1195 ἓ.
626 1132 843 1198 Decerneutes
858 1131 914 1196 has
930 1135 1038 1196 literas
1057 1135 1177 1206 firmas,
1191 1149 1243 1196 va-

493 1227 573 1290 lidas
595 1235 627 1290 et
643 1227 785 1292 efficaces
801 1229 941 1292 existere
957 1235 990 1291 et
1004 1229 1084 1302 lore,
1102 1244 1244 1306 suosque

494 1321 655 1399 plenarios
684 1327 717 1384 et
745 1322 890 1399 integros
920 1322 1053 1385 effectus
1081 1321 1190 1383 sortiri
1214 1327 1245 1383 et

495 1414 661 1488 obtinere,
685 1421 781 1493 atque
803 1415 856 1490 iis,
880 1417 919 1479 ad
941 1431 1022 1494 quos
1051 1421 1171 1495 spectat
1191 1415 1245 1477 vel

494 1508 527 1570 in
556 1508 704 1571 futurum
726 1509 891 1587 spectabit,
919 1508 1106 1588 plenissime
1134 1509 1245 1570 sullra-

495 1601 574 1679 gari,
598 1609 630 1664 et
652 1602 690 1664 ab
713 1603 863 1666 omnibus
888 1603 1117 1666 inviolabiliter
1136 1603 1244 1664 obser-

493 1696 581 1770 vari3
604 1697 714 1775 sicque
735 1697 769 1759 in
791 1695 973 1776 praemissis
994 1713 1051 1775 per
1074 1711 1245 1774 quoscum-

495 1803 559 1866 que
573 1787 694 1852 iudices
710 1789 888 1852 ordinarios
905 1796 937 1852 et
956 1789 1131 1866 delegatos,
1149 1787 1245 1850 etiam

495 1899 662 1944 causarum
685 1883 790 1963 palatii
812 1883 976 1962 apostolici
1002 1883 1174 1956 auditores,
1198 1882 1246 1946 iu·

495 1975 592 2038 dicari
608 1981 640 2038 et
655 1976 781 2038 definiri
797 1975 927 2048 debere,
942 1993 976 2038 ac
991 1975 1120 2037 irritum
1136 1983 1168 2037 et
1180 1975 1246 2038 ina-

495 2085 547 2142 ne,
569 2070 594 2132 si
616 2087 708 2132 secus
730 2085 828 2150 super
850 2069 899 2131 bis
921 2087 937 2130 a
957 2085 1119 2146 quoquam
1135 2069 1246 2146 quavis

495 2165 683 2226 auctoritate
705 2163 843 2226 scienter
865 2163 918 2225 vel
936 2163 1125 2240 ignoranter
1147 2163 1246 2225 conti-

496 2257 582 2334 gerit
602 2257 762 2320 attentari.

536 2503 566 2557 tl)
583 2505 648 2548 ecta
662 2502 686 2546 h.
697 2512 768 2546 conc.
784 2501 842 2547 vide
857 2501 884 2547 iu
899 2502 1053 2547 collectione
1064 2505 1121 2548 Lac.
1132 2502 1181 2546 vol.
1194 2505 1246 2556 lli,

494 2579 553 2644 pag.
568 2570 604 2614 st.
626 2565 670 2612 llic
684 2567 724 2614 lit.
739 2569 766 2614 et
780 2569 916 2616 decretum
938 2571 961 2614 S.
978 2573 1004 2614 0.
1025 2569 1057 2614 de
1071 2571 1096 2614 P.
1113 2573 1139 2614 lt.
1154 2569 1246 2615 adiun-

494 2647 593 2693 gumus.

787 2774 958 2818 DECRETUM

497 2908 521 2950 S.
539 2908 758 2958 Conpregattonte
775 2911 909 2959 generales
927 2911 959 2952 cte
977 2911 1161 2961 propaganda
1175 2910 1246 2956 Ftcte,

519 2985 572 3026 gato
586 2975 694 3018 Decreta
711 2976 819 3018 Gonctltt
833 2977 1038 3020 Balttmorenets
1049 2978 1227 3028 provenciales

641 3043 729 3092 qavtntt
743 3043 904 3094 corestrnrtata
920 3043 1104 3085 declarantur.

539 3176 603 3217 cum
619 3175 649 3217 R.
664 3175 689 3217 P.
705 3175 734 3218 D.
749 3173 856 3218 Samuel
872 3173 1016 3228 Eccleston,
1032 3172 1250 3230 archiepiscopus

499 3239 710 3296 Baltimorensis,
725 3243 783 3297 post
803 3240 967 3286 celebratum
988 3251 1077 3287 mense
1096 3241 1166 3286 maio
1180 3251 1249 3285 anno

498 3317 732 3360 nncccxn111.,una
746 3318 806 3352 cum
818 3307 950 3365 Episcopis
960 3307 1108 3353 dioecesum
1120 3307 1146 3352 iu
1158 3307 1250 3352 Poede-

498 3375 566 3420 ratis
581 3375 718 3419 Avnericac
739 3375 960 3430 septentrionalis
981 3375 1123 3432 provinciis
1138 3374 1251 3420 existen·

498 3443 576 3496 tlum,
592 3441 738 3488 concilium
753 3441 877 3498 quintum
899 3442 1059 3498 provinciale
1077 3441 1250 3487 Baltimoren-

498 3522 535 3559 se.
546 3508 656 3554 ssriium
667 3507 806 3554 Dominum
818 3511 944 3554 Nostrum
955 3509 1111 3566 Gregorium
1122 3511 1166 3554 PP.
1177 3511 1250 3562 xvi„

498 3588 547 3622 suo
561 3580 587 3621 et
602 3576 713 3622 concilii
728 3576 832 3621 nemine
852 3579 975 3632 precatus
990 3577 1033 3631 sit,
1049 3580 1078 3621 ut
1094 3579 1203 3622 Decreta
1216 3577 1250 3622 ab

499 3645 590 3688 eodem
613 3641 770 3699 provinciali
792 3643 906 3688 concilio
926 3643 1032 3688 condita
1046 3643 1192 3699 apostolica
1206 3654 1251 3688 au-

498 3709 624 3756 ctoritate
635 3711 815 3766 confirmaret,
824 3709 856 3765 si,
865 3713 923 3766 post
932 3715 1085 3756 accuratam
1096 3709 1249 3755 eorumdem

498 3777 666 3823 decretorum
682 3777 930 3832 considerationem,
945 3778 1146 3824 eonilrmatione
1157 3777 1251 3823 suadi·

498 3857 551 3902 gna
566 3845 614 3889 illa
633 3857 690 3889 esse
711 3843 893 3896 iudicavisset:
916 3849 940 3891 S.
956 3846 1132 3902 congregatio
1146 3846 1177 3890 de
1193 3848 1251 3890 Pro·

498 3912 620 3969 paganda
641 3911 713 3960 Pide.
729 3911 755 3956 iu
775 3911 894 3968 generali
915 3915 1046 3957 conventu
1065 3913 1107 3957 die
1123 3923 1198 3958 xvur.
1214 3923 1251 3957 se·

499 3979 629 4036 ptevnbris
649 3989 719 4024 anno
740 3989 901 4024 mccccxnnr.
926 3979 1025 4034 habito,
1042 3979 1173 4024 referente
1188 3977 1252 4024 Eriro

500 4057 530 4091 ac
545 4043 643 4090 nevmo
665 4048 691 4089 D.
707 4046 799 4090 Iacobo
820 4045 948 4102 Philippo,
971 4045 1044 4091 tituli
1063 4049 1087 4090 S.
1104 4045 1203 4092 Mariae
1224 4046 1252 4090 in

500 4111 666 4168 tracesiis.
684 4115 714 4156 R.
726 4113 752 4156 a.
768 4112 902 4157 cardinali
918 4113 1071 4168 Prnnsonio,
1087 4113 1157 4158 sacri
1170 4114 1252 4158 consi-

500 4179 531 4224 lii
546 4179 688 4232 Praefecto,
708 4177 855 4236 pluri'rnum
877 4177 1060 4224 commendata
1082 4179 1192 4224 concilii
1213 4191 1252 4225 sa-

500 4247 610 4304 pientia,
624 4247 714 4292 studio
728 4246 860 4303 singulari
882 4245 1019 4302 religionis
1041 4247 1253 4304 auvplittcandae,

501 4316 527 4358 et
541 4313 736 4359 ecclesiasticae
752 4313 907 4370 disciplinae
922 4313 1044 4366 tuendae,
1059 4324 1090 4358 ac
1106 4325 1196 4358 rerum
1211 4327 1252 4370 ge·

501 4381 645 4428 rendarum
665 4381 771 4438 peritia,
786 4393 853 4438 quae
868 4383 895 4426 in
911 4382 1026 4426 Decretis
1043 4381 1096 4426 illis
1112 4382 1253 4428 manifesta

501 4453 550 4504 est,
572 4449 676 4495 censuit
697 4460 728 4495 ac
749 4449 865 4494 decrevit
887 4448 1089 4505 supplicandum
1112 4449 1254 4495 sanctitati

502 4520 581 4574 Suae,
591 4521 621 4562 ut
635 4516 831 4574 archiepiscopi
846 4519 872 4561 et
883 4516 1070 4573 Episcoporuvn
1082 4517 1204 4574 precibus
1214 4529 1255 4562 su·

502 4585 593 4641 perlue
615 4584 772 4640 significatis
793 4595 920 4638 enituere,
935 4589 962 4629 et
977 4587 1085 4629 Decreta
1107 4584 1254 4640 dequibus

501 4653 593 4709 agitur
607 4653 767 4698 confirmare
781 4652 947 4708 dignaretur.

544 4723 615 4766 Hairc
628 4723 720 4766 autem
735 4723 758 4765 S.
770 4721 988 4778 congregationis
1004 4721 1164 4766 sententiam
1175 4719 1254 4766 ssiirc

502 4787 612 4832 Domino
627 4790 721 4832 Nostro
736 4787 849 4832 relatam
865 4788 898 4833 ab
914 4791 943 4832 lt.
957 4791 982 4832 P.
994 4791 1020 4833 D.
1037 4792 1132 4834 Ioanne
1147 4789 1255 4834 Brunel·

503 4855 549 4907 lio,
559 4855 628 4901 sacri
642 4855 746 4900 consilli
762 4855 913 4911 secretario,
925 4856 951 4900 in
967 4855 1105 4902 audientia
1117 4855 1169 4901 diei
1180 4868 1255 4902 xxrv.

504 4921 661 4979 septembris
683 4933 844 4967 avueccnxur.
867 4923 1000 4968 Sanctitas
1023 4925 1075 4969 Sua
1096 4923 1209 4978 benigne
1229 4923 1256 4968 in

504 4989 628 5036 omnibus
643 4989 763 5046 probavit
778 4991 805 5034 et
820 4995 968 5036 memorata
982 4993 1100 5046 Decreta,
1110 4991 1256 5048 apostolica

504 5055 706 5102 confirmatione
727 5055 840 5110 munita,
862 5055 888 5100 in
910 5056 1073 5102 dioecesibus
1095 5057 1255 5104 laedentes

505 5124 640 5168 ernericne
655 5121 875 5180 septentrionalis
890 5124 1018 5168 servanda
1033 5135 1090 5169 esse
1105 5124 1191 5170 iussit.

547 5194 642 5237 Datum
666 5192 771 5246 Romae,
786 5189 941 5236 exactibus
963 5194 1058 5237 sacrae
1073 5191 1257 5250 congregatio-

506 5259 548 5304 nis
563 5259 594 5304 de
609 5258 781 5315 Propagauda
795 5257 857 5302 Pide
878 5257 920 5302 die
934 5269 997 5303 xxx.
1014 5263 1078 5316 sept.
1095 5271 1256 5307 nncccxuru.

666 5397 684 5438 l.
700 5396 842 5440 Parnrrrus
857 5394 931 5439 card.
947 5397 1092 5451 Dannsoru,
1107 5397 1189 5441 Praei.

764 5505 880 5548 loannes
895 5505 1040 5558 Bnuuennt,
1056 5501 1229 5549 secretarius.

767 5637 1006 5648 ι-ι-οιιυ--ιιι

1019 5799 1067 5808 ...-

1011 544 1077 590 iun.
1101 542 1193 590 rent.
1217 542 1258 588 DE
1279 542 1310 588 P.
1333 542 1363 588 F.
1387 541 1471 588 PARS
1492 542 1514 587 1.

1338 663 1356 736 g
1377 659 1407 722 3.
1431 659 1502 722 Non
1526 660 1725 723 obstantibus
1741 661 1850 723 nostrt
1875 660 2049 724 etGancel-

1299 755 1394 818 leriae
1410 753 1610 834 spostolicae
1630 754 1742 832 regula
1758 756 1797 817 de
1812 755 1883 818 inre
1905 754 2049 832 quaesito

1299 865 1363 910 non
1385 847 1541 920 tollendo,
1556 847 1690 924 aliisque
1713 847 1930 911 sanctionibus
1953 855 1984 910 et
1999 865 2048 909 or-

1299 941 1514 1004 dinationibus
1529 941 1721 1019 apostolicis,
1739 943 1939 1020 caeterisque
1953 943 2047 1004 etiam

1298 1035 1428 1114 speciali
1451 1043 1483 1098 et
1505 1049 1655 1114 expressa
1677 1035 1843 1098 mentione
1865 1041 1897 1112 et
1918 1035 2050 1112 deroga-

1298 1130 1387 1191 tione
1409 1129 1526 1208 dignis,
1551 1128 1717 1192 contrariis
1738 1128 2008 1206 quibuscumque.

1339 1223 1454 1286 Datum
1470 1223 1601 1294 Romae,
1618 1223 1702 1300 apud
1718 1221 1749 1284 S.
1767 1223 1900 1285 Petrum
1922 1221 1982 1283 sub
1997 1238 2050 1282 an-

1300 1318 1377 1380 nulo
1399 1317 1524 1388 Piscat,
1549 1315 1600 1377 die
1622 1333 1643 1376 1.
1665 1315 1809 1378 decemb.
1834 1331 2048 1386 rinocoruris,

1300 1411 1502 1490 pontificatus
1526 1409 1628 1492 nostri
1651 1425 1734 1472 anuo
1758 1427 1829 1472 uun

1555 1663 1794 1672 -v————-—

1576 1880 1780 1946 GCXXXVll.

1303 2069 1351 2132 Ad
1364 2069 1644 2151 archiepiscopum
1657 2069 1921 2133 Bultivnorensent
1937 2075 1966 2131 et
1983 2068 2052 2150 Epi·

1341 2179 1449 2243 scopos
1461 2163 1529 2225 cius
1541 2163 1764 2244 suffraganeos
1774 2161 1887 2226 scribit
1896 2162 1932 2224 de
1943 2163 2052 2240 quinto

1339 2256 1484 2336 provinc.
1509 2255 1644 2318 concilio
1666 2253 1820 2319 celebrato
1842 2257 1854 2338 (
1876 2255 1898 2336 ).

1602 2505 1754 2548 urlsronn

1382 2639 1405 2681 S.
1423 2639 1643 2690 congregauonis
1662 2641 1694 2682 de
1713 2640 1898 2690 Properando
1911 2637 1975 2681 Fide

1408 2708 1445 2748 ad
1459 2705 1695 2758 Arcbteptseopum
1708 2707 1947 2750 Batttmovemsena

1436 2837 1512 2885 lllrbe
1526 2849 1556 2884 ac
1571 2836 1636 2884 nme
1651 2837 1767 2892 Domine,

1344 2977 1408 3018 Acta
1422 2983 1453 3018 ae
1469 2975 1578 3018 Decreta
1592 2971 1701 3018 concilii
1716 2971 1803 3029 quinti
1817 2970 1987 3028 provincialis
2001 2971 2056 3016 Bal·

1304 3037 1465 3094 timoreusis,
1481 3049 1571 3084 menae
1586 3039 1656 3084 maio
1671 3039 1752 3084 buius
1767 3038 1829 3084 atini
1842 3049 2003 3084 svncccxunv.
2019 3049 2057 3082 ce-

1304 3106 1410 3160 lebrati,
1432 3108 1456 3150 s.
1479 3105 1655 3162 congregatio
1676 3105 1812 3151 Generalis
1832 3105 1864 3150 de
1885 3105 2057 3161 Propaganda

1304 3173 1374 3226 Dide,
1395 3173 1437 3217 die
1458 3185 1533 3218 xvru.
1556 3173 1715 3230 septembris
1738 3173 1840 3226 habita,
1860 3175 1986 3218 accurate
2000 3182 2057 3228 per-

1303 3239 1401 3296 pendit.
1424 3239 1571 3285 Plurimum
1593 3251 1654 3284 vero
1675 3239 1869 3285 commendavit
1891 3237 2055 3295 singularem

1303 3307 1462 3364 sapientiam
1478 3317 1508 3353 ac
1523 3305 1662 3364 religionis
1673 3307 1864 3364 promovendae
1874 3307 2004 3360 studium,
2014 3317 2055 3350 cu·

1304 3375 1346 3420 ius
1367 3385 1398 3420 ea
1415 3378 1479 3420 Acta
1499 3379 1526 3420 et
1547 3377 1655 3420 Decreta
1678 3374 1862 3420 testimonium
1884 3373 2054 3430 perspicuum

1303 3441 1447 3487 continent.
1464 3443 1603 3488 eratnlata
1617 3447 1708 3488 antem
1724 3447 1765 3486 est
1780 3445 1803 3487 S.
1814 3440 1991 3498 catagregatic
2004 3451 2057 3486 am-

1306 3507 1432 3565 plitudini
1449 3513 1511 3552 tuae
1525 3512 1552 3553 et
1566 3509 1680 3554 caeteris
1696 3507 1836 3565 Episcopis,
1847 3507 1893 3565 qui
1906 3517 1959 3552 tuna
1970 3511 2056 3551 tecum

1305 3574 1451 3620 concilium
1470 3574 1633 3630 babuerunt,
1649 3575 1800 3620 luculenter
1818 3573 1973 3630 intelligens
1991 3583 2059 3618 nova

1305 3641 1494 3686 sollicitudinis
1504 3647 1608 3688 vestrae
1619 3641 1762 3699 pastoralis
1772 3652 1816 3686 vos
1827 3646 1986 3697 arguurenta
1996 3651 2057 3697 quo-

1305 3709 1369 3754 tidie
1385 3710 1518 3755 exbibere.
1534 3714 1618 3767 Atque
1633 3722 1662 3754 er
1678 3708 1781 3755 adiecto
1792 3711 1900 3754 Decreto
1915 3707 2056 3764 comperie-

1306 3776 1340 3820 tis
1356 3781 1504 3822 memorata
1518 3776 1627 3822 concilii
1642 3778 1751 3822 Decreta
1767 3775 1852 3832 ipsius
1866 3774 1940 3819 SSrivi
1955 3774 2059 3819 Domini

1305 3844 1394 3888 Nostri
1409 3843 1572 3890 auctoritate
1589 3843 1748 3890 confirmata
1763 3853 1828 3888 esse.
1848 3842 1974 3902 Additum
1989 3842 2059 3886 deni·

1305 3922 1355 3967 que
1371 3911 1412 3956 his
1428 3911 1530 3956 litteris
1545 3911 1638 3956 folium
1661 3911 1824 3968 significabit
1844 3921 1975 3967 perpauca
1989 3921 2058 3966 quae

1305 3977 1333 4022 in
1348 3979 1465 4024 Decretis
1486 3977 1541 4023 illis
1562 3978 1704 4024 immutari
1724 3977 1820 4023 debere
1841 3977 2059 4033 &congregatio

1306 4047 1478 4092 existimavit.

1347 4114 1419 4165 Quod
1439 4117 1541 4171 spectat
1560 4115 1738 4160 adnotarunt
1753 4115 1855 4160 sedium
1871 4113 2060 4170 episcopalium

1307 4183 1484 4235 erectionem,
1510 4181 1698 4238 Episcoporum
1716 4185 1744 4227 et
1758 4181 1942 4228 coadiutorum
1957 4179 2062 4225 electio·

1307 4259 1366 4293 nem
1382 4246 1420 4304 Γ),
1435 4259 1465 4293 ac
1480 4247 1645 4292 vicariatum
1660 4249 1841 4304 apostolicum
1855 4247 1883 4292 in
1898 4246 2061 4303 oregonensi

1307 4315 1415 4372 regione
1430 4316 1612 4372 statuendum,
1622 4315 1715 4362 sciatis
1730 4316 1906 4371 haecomnia,
1922 4313 2001 4360 ssriro
2016 4317 2060 4359 Do-

1308 4384 1379 4428 vnino
1395 4387 1489 4428 Nostro
1504 4384 1640 4440 probante,
1656 4383 1709 4429 iam
1724 4395 1781 4428 esse
1796 4384 1910 4438 decreta,
1921 4383 2013 4428 electis
2025 4382 2062 4426 vi·

1307 4451 1402 4496 delicet
1422 4451 1456 4496 iis
1470 4451 1503 4496 ad
1518 4450 1638 4508 singulos
1662 4450 1837 4508 episcopatus,
1855 4451 1895 4496 vel
1915 4450 1948 4495 ad
1964 4461 2061 4495 munus

1308 4518 1471 4564 coadiutoris
1492 4518 1652 4573 obeundum,
1667 4529 1733 4575 quos
1753 4518 1840 4575 primo
1855 4519 1911 4564 loco
1929 4519 1954 4562 in
1972 4519 2059 4574 siugu-
2081 4559 2083 4562 .

1309 4585 1341 4630 lis
1362 4585 1467 4631 casibus
1489 4585 1679 4643 proposuistis,
1701 4588 1808 4642 excepto
1830 4591 1935 4632 tantuna
1957 4585 2061 4630 vicario

1309 4653 1458 4710 apostolico
1479 4652 1648 4708 oregonensi,
1668 4653 1701 4698 ad
1716 4653 1785 4710 quod
1807 4664 1905 4698 munus
1924 4652 2063 4709 presbyter

1309 4725 1335 4766 D.
1351 4721 1507 4766 Dranciscus
1529 4721 1674 4767 Norbertus
1696 4721 1822 4768 Blauchet
1837 4719 2007 4766 cenadiensis
2021 4719 2062 4764 de·

1310 4787 1431 4846 signatus
1445 4791 1495 4834 est.

1349 4858 1417 4900 llaec
1432 4854 1505 4900 vobis
1520 4854 1577 4900 eine
1592 4854 1720 4900 dilatione
1737 4856 1875 4902 scribenda
1890 4865 1947 4899 esse
1961 4853 2061 4907 censui,

1310 4922 1385 4978 plane
1401 4923 1485 4967 sciens
1501 4921 1526 4966 id
1542 4922 1615 4968 vobis
1630 4922 1775 4967 iucundum
1790 4933 1847 4966 esse
1862 4921 1991 4966 futurum.
2003 4925 2063 4965 Cae·

1312 4993 1408 5042 terum,
1418 4989 1449 5034 de
1462 4988 1536 5034 novis
1551 4989 1658 5036 sedibus
1673 4987 1874 5046 episcopalibus,
1884 4999 1915 5034 ac
1930 4987 2064 5032 vicariatu

1312 5055 1459 5113 apostolico
1469 5057 1630 5112 Oregoneusi
1644 5059 1741 5110 erecto,
1752 5059 1779 5100 et
1789 5056 1820 5100 de
1830 5055 1998 5111 singulorum
2008 5053 2064 5110 Epi-

1311 5133 1450 5180 scoporum
1460 5123 1596 5178 electione,
1606 5123 1699 5169 Brevia
1710 5122 1866 5179 apostolica,
1875 5133 1935 5167 cum
1948 5123 2064 5179 primum

1312 5190 1413 5236 luerint
1427 5189 1557 5245 expedita,
1571 5189 1603 5234 ad
1619 5193 1645 5234 te
1661 5189 1790 5234 mittenda
1804 5189 1910 5234 curabo.

1352 5261 1446 5302 Precor
1461 5259 1551 5310 Deum,
1566 5260 1615 5300 etc.

1351 5327 1459 5378 Romae,
1475 5335 1505 5368 ex
1520 5323 1630 5369 aedibus
1650 5326 1673 5368 S.
1689 5322 1908 5380 congregationis
1927 5323 1959 5367 de
1973 5325 2065 5380 Propa-

1312 5393 1400 5449 ganda
1413 5390 1485 5448 Pide,
1500 5391 1542 5436 die
1557 5401 1622 5435 xxx.
1636 5391 1794 5448 septembris
1809 5401 1972 5436 nocecxuur.

1473 5533 1490 5573 Ι.
1507 5531 1649 5576 Petaurus
1664 5529 1738 5576 card.
1754 5532 1899 5584 anausoni,
1915 5528 1998 5573 Praei.

1575 5667 1691 5712 loannes
1705 5667 1851 5719 Rauranum,
1867 5664 2041 5710 secretarius.

548 5889 574 5945 (⁹)
591 5891 677 5934 Novae
691 5889 723 5934 de
737 5889 834 5942 queens
848 5885 890 5932 bie
904 5889 997 5940 aratur
1010 5890 1086 5932 Scaea
1101 5889 1268 5940 Eptscopates
1282 5892 1348 5932 sevit
1362 5889 1578 5940 Pterelam-peneto.
1593 5887 1742 5930 Petrteulae
1756 5895 1803 5928 seu
1819 5882 1993 5940 ltittledtoclr,
2012 5885 2066 5929 Obt-

508 5960 666 6010 cananense,
684 5958 888 6007 Hartsordensts
902 5959 927 5999 et
941 5957 1165 6000 arttwancnensts.

2079 522 2133 574 An.
2150 523 2182 574 C.
2209 521 2289 572 1843
