4822 6986
600 571 659 644 til

1100 595 1165 642 lUll.
1189 595 1281 644 PON'l'.
1305 597 1346 642 DE
1368 597 1398 644 P.
1422 598 1452 644 F.
1476 597 1560 644 PARS
1582 599 1604 643 l.

564 719 722 790 ¹uestram
751 713 855 778 videat
881 713 1068 792 qualitatem
1097 731 1254 794 personae
1276 717 1328 778 ad·
1381 717 1419 779 ab
1441 716 1553 780 abbate
1575 732 1633 778 seu
1655 715 1775 779 vicario
1798 715 1834 780 ud
1858 713 2033 778 custodiam
2066 729 2146 794 por·

580 808 760 884 venientis,
783 807 906 885 quaesi
922 807 991 870 eius
1007 809 1199 872 conditionis
1216 810 1325 885 luerit,

581 908 617 965 ιιι
638 902 743 981 paucis
771 901 879 964 verbis
906 903 1112 982 expediatur,
1137 904 1215 982 quin
1237 911 1328 983 porta

581 995 755 1075 aperiatur,
786 994 818 1059 id
843 995 933 1060 iaciat
961 1012 1035 1062 curn
1065 997 1153 1060 omni
1181 998 1327 1062 humani·

581 1097 662 1166 tate;
685 1089 712 1152 si
726 1105 805 1154 uero
821 1089 919 1156 luerit
938 1107 1074 1170 persona
1090 1092 1196 1170 gravis
1211 1099 1265 1158 aut
1278 1109 1329 1158 re·

581 1183 704 1261 ligiosa,
733 1189 858 1264 portam
886 1184 1016 1266 aperiat,
1044 1185 1226 1264 interroget
1252 1187 1329 1266 quid

581 1279 671 1352 velit,
695 1279 732 1342 ad
754 1279 861 1342 locum
883 1279 1057 1344 honestum
1079 1281 1169 1344 adid
1191 1281 1328 1346 destina-

581 1379 651 1530 ff
678 1372 883 1448 intromittat,
907 1380 939 1440 et
960 1374 1029 1439 sine
1059 1375 1148 1440 mort
1170 1375 1330 1454 significet

642 1468 696 1530 ati.

1383 817 1433 875 tae
1455 810 1646 875 destinetur.

1437 1001 1518 1066 Can.
1542 998 1636 1064 xvii.
1660 1030 1697 1046 -
1720 997 1764 1061 De
1786 997 1913 1060 cocstede
1935 996 2084 1060 vestietur.

1423 1210 1445 1258 1.
1471 1191 1608 1254 Servare
1631 1187 1728 1252 debet
1749 1203 1881 1250 omnem
1898 1187 2145 1266 supellectilem
2180 1199 2329 1258 culusiano

1383 1287 1452 1352 sive
1474 1285 1592 1350 lineam
1615 1283 1684 1346 sive
1706 1282 1841 1356 laneam,
1866 1287 1899 1344 et
1920 1281 2082 1359 quidquid
2105 1281 2146 1344 ad
2167 1251 2229 1300 Μ·

1384 1381 1572 1444 indumenta
1594 1384 1637 1450 et,
1660 1377 1716 1440 ubi
1738 1391 1818 1456 opus
1840 1375 1949 1448 luerit,
1981 1375 2082 1438 etiarn
2105 1376 2147 1438 ad

1384 1475 1598 1540 calceamenta
1619 1472 1747 1548 attinet3
1771 1485 1852 1548 qnae
1874 1468 2022 1547 diligenti
2051 1471 2143 1544 cura,

621 1579 670 1626 ιιι.
695 1561 866 1628 Neminem
888 1564 1121 1628 monachorum
1141 1565 1211 1630 aine
1234 1565 1330 1630 facul·
1383 1575 1420 1632 ut
1434 1583 1486 1632 res
1502 1582 1680 1648 pauperum
1696 1564 1827 1638 Christi,
1844 1563 2003 1626 custodiet
2017 1563 2051 1626 in
2070 1563 2145 1627 loco

582 1663 645 1720 tate
673 1657 793 1722 abbatis
815 1659 853 1722 ad
874 1658 1001 1722 ianuam
1030 1666 1142 1732 vocet,
1166 1665 1243 1734 nec',
1267 1661 1329 1724 nisi

582 1758 721 1830 urgente
736 1753 937 1826 necessitate,
954 1753 1071 1818 ianitor
1093 1753 1254 1817 licentiam
1271 1771 1329 1834 pro

581 1844 638 1908 illo
666 1845 809 1908 vocando
831 1845 869 1909 ab
890 1847 1002 1910 abbate
1030 1854 1131 1928 petat,
1155 1855 1209 1912 aut
1236 1849 1330 1912 abbas

581 1939 669 2004 illam
692 1940 756 2013 det,
780 1956 854 2006 cum
882 1948 1009 2021 tempus
1036 1949 1085 2005 est
1106 1942 1206 2006 divini
1237 1943 1330 2007 offleii

582 2033 615 2096 in
629 2031 740 2106 choro,
758 2035 892 2113 prandii,
907 2051 1035 2108 coenae,
1053 2035 1173 2100 silentii
1189 2043 1243 2099 aut
1257 2053 1330 2100 oon·

584 2127 791 2206 gregationis.
815 2127 880 2192 Nec
902 2129 993 2192 lacile
1014 2130 1100 2192 idern
1119 2131 1213 2194 abbas
1235 2131 1331 2196 licen-

583 2221 659 2286 tiam
671 2221 757 2286 dabit
770 2222 996 2286 introducendi
1007 2224 1185 2288 saeculares
1201 2227 1233 2288 in
1249 2225 1332 2290 clau-

582 2322 648 2380 stra
670 2317 872 2390 monasterii,
897 2323 929 2380 et
950 2317 1054 2380 multo
1076 2319 1183 2382 minus
1204 2319 1237 2382 in
1260 2321 1332 2384 dor·

583 2409 749 2472 mitorinm
765 2409 913 2485 fratrum,
928 2411 989 2474 nisi
1004 2411 1069 2476 sint
1083 2415 1191 2491 magni
1206 2414 1267 2477 viri
1279 2421 1333 2480 aut

584 2504 727 2584 praelati.

622 2615 665 2660 ιι.
690 2598 874 2663 llonasterii
895 2605 1002 2678 portas
1017 2607 1090 2664 ante
1106 2608 1233 2666 noctem
1249 2603 1332 2666 clau-

583 2693 635 2754 dat
654 2692 783 2756 ianitor.
806 2693 931 2756 Exinde
942 2709 1023 2756 vero
1038 2709 1089 2757 eas
1106 2695 1226 2758 nullius
1241 2697 1332 2762 causi

582 2787 703 2866 aperiat
732 2786 915 2850 inconsulto
944 2787 1073 2864 abbate;
1102 2796 1134 2852 et
1161 2797 1331 2868 antequam

582 2881 727 2946 cubitum
760 2887 824 2954 eat,
859 2881 962 2945 claves
992 2883 1097 2946 eidem
1127 2883 1274 2958 tradens,
1305 2885 1332 2948 si

583 2975 655 3054 quis
676 2975 754 3038 loris
777 2983 914 3050 maneat,
931 2975 978 3040 illi
993 2977 1205 3040 renunciabit.
1228 2977 1332 3042 Abbas

583 3085 662 3133 vero
685 3071 887 3135 autricarius
910 3072 1102 3150 quandoque
1118 3073 1157 3135 de
1173 3079 1266 3136 nocte
1282 3091 1333 3138 eas

585 3163 770 3228 observent.

624 3275 653 3320 v.
677 3257 813 3322 Litteras
836 3275 948 3322 omnes
962 3267 994 3324 et
1008 3259 1177 3324 schedulas
1192 3268 1225 3326 et
1239 3277 1333 3340 quae·

583 3367 722 3430 cumque
744 3351 803 3416 alia
818 3353 1001 3416 domesticis
1024 3354 1210 3429 mittuntur,
1229 3355 1332 3418 abbati

584 3445 696 3510 reddat
709 3451 746 3510 ut
761 3462 796 3509 ea
817 3445 939 3522 videat;
963 3454 995 3510 et
1016 3448 1054 3510 ad
1070 3463 1124 3510 eos
1139 3447 1177 3512 ad
1192 3464 1272 3527 quos
1288 3449 1333 3512 di-

583 3542 1333 3620 riguntur,sirelit‚transmittatdareatetiam

583 3651 625 3698 ne
646 3635 778 3699 alicuius
793 3635 961 3700 domestici
983 3637 1115 3711 litteras,
1132 3645 1186 3702 aut
1201 3639 1278 3716 quid
1293 3641 1334 3704 si·

584 3729 672 3804 mile,
696 3731 839 3794 externis
862 3731 916 3796 det
937 3731 1062 3796 iniussu
1083 3733 1214 3797 abbatis.

624 3842 666 3887 vr.
690 3825 777 3888 Ninil
798 3825 1045 3890 custodiendum
1067 3845 1083 3890 a
1105 3829 1255 3906 quopiam
1279 3844 1332 3892 ex-

585 3925 678 3986 terno
699 3920 841 3999 recipiat,
864 3920 976 3984 abbate
999 3921 1192 3988 inconsulto.

623 4030 679 4076 ru.
705 4011 737 4077 Si
759 4029 915 4094 pauperes
940 4015 978 4079 ad
1000 4016 1126 4080 ianuam
1156 4017 1333 4097 eleemosy-

585 4125 643 4172 nae
665 4109 757 4174 causd
771 4110 923 4174 accedere
937 4111 1111 4188 contingat,
1129 4127 1202 4174 cum
1217 4111 1332 4174 iisdem

585 4201 725 4280 benigne
741 4217 775 4266 se
792 4203 915 4276 habeat,
933 4209 964 4266 et
979 4203 1093 4266 sedulo
1108 4212 1241 4282 quaerat
1255 4205 1332 4284 quid

585 4295 632 4358 eis
652 4296 780 4374 erogari
801 4297 901 4376 possit
914 4297 1002 4361 iuxta
1016 4297 1135 4360 abbatis
1151 4299 1330 4362 arbitrium.

624 4407 693 4454 vrrr.
718 4391 881 4465 Mulieres,
895 4391 920 4454 si
943 4393 1070 4471 quando
1092 4393 1129 4455 ad
1152 4395 1269 4456 ostium
1286 4411 1333 4458 ac·

585 4487 708 4560 cedant,
731 4487 838 4565 paucis
853 4487 961 4550 verbis
978 4487 1131 4564 dimittat,
1154 4495 1208 4550 aut
1222 4489 1249 4549 si
1265 4488 1333 4567 pln-

585 4580 675 4643 ribus
698 4596 776 4660 opus
792 4596 863 4644 esse
877 4581 1055 4654 videretur,
1070 4583 1103 4642 in
1119 4581 1294 4654 ecclesiam,
1307 4582 1333 4644 si

586 4674 1050 4738 eutramonasteriiclaustrum
1062 4673 1113 4748 sit,
1123 4675 1159 4738 ad
1169 4675 1333 4738 aedituum

586 4786 638 4832 eas
660 4769 781 4842 mittat,
805 4768 859 4832 ubi
881 4768 957 4848 ipsis
984 4769 1173 4847 responderi
1196 4771 1332 4848 polerit,

585 4871 639 4927 aut
660 4863 824 4928 aedituum
845 4879 902 4925 sou
925 4863 1071 4926 abbatem
1093 4869 1203 4936 vocet,
1228 4869 1264 4928 ut
1285 4881 1333 4928 ea-

586 4973 660 5022 rum
682 4961 811 5037 negotia
832 4957 1013 5036 expediant,
1037 4963 1132 5037 prout
1153 4975 1205 5022 res
1227 4966 1334 5038 postu-

586 5053 712 5118 laverit.

625 5166 670 5212 ru.
696 5148 822 5227 Siquis
844 5149 1084 5228 eleemosynam
1096 5148 1134 5212 ad
1145 5148 1271 5212 ianuam
1284 5149 1334 5212 da-

585 5243 642 5318 bit,
666 5259 736 5322 earn
759 5259 936 5307 oeconomo
958 5243 1065 5305 statim
1087 5243 1201 5306 tradet.

626 5357 657 5402 x.
681 5337 763 5404 Loca
784 5343 894 5417 portae
909 5337 1013 5400 uicina
1034 5338 1154 5400 munda
1168 5344 1332 5410 servetet,

585 5437 622 5496 ut
642 5432 730 5496 iuxta
752 5433 879 5495 ianuam
895 5447 1008 5496 omnes
1023 5429 1181 5494 submissa
1196 5445 1275 5494 voce
1290 5431 1335 5494 lo·

586 5533 736 5603 quantur,
760 5532 863 5589 curet.
978 5599 980 5606 y

626 5636 670 5682 ιιι.
694 5617 735 5682 Ul
756 5620 871 5682 ianitor
893 5619 930 5684 ad
947 5626 1071 5698 portam
1091 5619 1247 5682 sollicitus
1263 5619 1336 5680 assi-

586 5720 672 5776 stere
687 5715 796 5794 possit,
814 5715 919 5792 primo
941 5719 1013 5792 pest
1034 5714 1211 5792 persolutus
1234 5719 1335 5774 matu·

587 5807 667 5868 tinas
690 5807 783 5870 boras
799 5807 953 5870 sacrificio
968 5807 1106 5870 intersit.
1130 5805 1211 5869 Cum
1227 5812 1334 5870 autem

587 5899 693 5962 cibum
714 5901 823 5974 sumit,
840 5901 941 5964 autin
963 5901 1070 5978 aliquo
1093 5899 1273 5962 ministerio
1289 5899 1335 5960 in-

587 6001 635 6060 tra
646 5995 699 6058 vel
712 6000 801 6058 extra
813 5995 1044 6060 monasterium
1058 5999 1241 6073 occupatur,
1255 5993 1335 6056 alius

1384 1663 1422 1726 ad
1445 1661 1477 1726 id
1494 1663 1673 1740 designato.

1425 1773 1460 1820 rr.
1483 1755 1704 1819 inventarium
1734 1769 1864 1826 rerum,
1889 1767 1973 1830 quas
1994 1753 2065 1832 ipse
2089 1771 2145 1816 cu-

1385 1850 1493 1924 stodit,
1517 1849 1544 1911 si
1565 1847 1698 1912 alicuius
1720 1846 1878 1910 momenti
1900 1846 1974 1920 sint,
1998 1846 2032 1908 in
2056 1845 2144 1909 libro

1385 1945 1515 2008 babeatz
1541 1950 1574 2008 et
1594 1943 1729 2005 seorsim
1745 1939 1864 2004 scribat
1885 1955 1967 2018 quae
1989 1941 2028 2004 de
2053 1955 2143 2003 noro

1386 2039 1473 2112 dant,
1491 2044 1527 2101 ut
1541 2035 1645 2100 abbati
1660 2035 1710 2098 sui
1725 2034 1871 2098 muneris
1892 2033 2052 2096 rationem
2069 2035 2144 2098 red-

1386 2134 1463 2196 dere
1486 2139 1593 2212 queat.

1427 2245 1474 2290 ιιι.
1499 2225 1611 2290 Vestes
1634 2225 1747 2288 ordine
1770 2223 1937 2302 dispositas
1958 2230 2081 2297 servet,
2102 2241 2144 2288 ne

1386 2319 1761 2401 corrumpanturvideat,
1772 2323 1804 2381 et
1815 2315 2029 2380 resarciendas
2043 2317 2143 2380 etiam

1386 2423 1488 2480 buret.
1519 2415 1599 2490 Quas
1621 2429 1701 2476 vero
1723 2429 1789 2476 non
1816 2411 1953 2490 amplius
1981 2411 2059 2474 usui
2081 2413 2143 2474 lra-

1388 2519 1474 2572 trum
1497 2509 1619 2572 iutnras
1641 2507 1805 2580 iudicabit,
1828 2521 1880 2568 eas
1906 2505 2010 2568 abbati
2033 2512 2143 2569 osten-

1387 2605 1449 2677 dat,
1473 2610 1510 2668 ιιι
1530 2603 1586 2665 ille
1608 2602 1647 2665 de
1670 2602 1708 2663 iis
1727 2607 1854 2664 statuat.

1427 2715 1469 2760 rr.
1493 2696 1578 2772 Quae
1599 2695 1720 2774 singuli
1741 2695 1856 2758 novitii
1878 2694 1916 2756 ad
1943 2695 2142 2758 monasteria

1387 2791 1569 2863 attulerint,
1593 2807 1628 2852 ea
1650 2789 1766 2852 alicubi
1787 2788 1958 2868 separatim
1980 2795 2140 2862 asservet,

1387 2887 1489 2949 donec
1511 2883 1745 2964 professionem
1769 2882 1928 2944 emittant.

1428 2997 1456 3042 r.
1482 2977 1623 3057 Singulis
1645 2976 1810 3040 mensibus
1826 2975 1920 3038 cellas
1936 2975 2089 3048 visitabit,
2107 2985 2143 3040 nt

1388 3091 1428 3136 ex
1449 3073 1569 3137 abbatis
1591 3071 1736 3144 arbitrio,
1749 3070 1776 3132 si
1794 3069 1871 3148 quid
1894 3069 1938 3132 eis
1956 3070 2051 3143 desii,
2066 3087 2142 3149 sup-

1388 3168 1470 3250 pleri
1485 3167 1593 3247 possit.
1619 3164 1651 3227 Si
1667 3165 1744 3242 quid
1760 3165 1856 3226 etiam
1875 3164 2079 3244 superfluum
2095 3166 2141 3226 in·

1387 3263 1526 3334 venerit,
1550 3268 1658 3324 restes
1680 3258 1835 3338 duplices,
1852 3257 2071 3320 instrumenta
2092 3258 2142 3320 iti-

1388 3357 1486 3429 neris,
1501 3361 1533 3418 et
1547 3355 1674 3429 similia,
1687 3355 1720 3416 in
1733 3352 1882 3416 vestiarii
1899 3351 2023 3414 officina
2038 3358 2140 3414 custo·

1388 3452 1529 3514 diantur.

1427 3563 1470 3608 vr.
1493 3543 1641 3623 inspiciat
1656 3543 1763 3616 eliam,
1781 3541 1913 3620 quinam
1930 3539 2079 3602 vestibus
2094 3541 2140 3602 in-

1388 3640 1528 3718 uigeant,
1545 3645 1582 3700 ut
1597 3637 1700 3700 abbati
1717 3635 1855 3710 relerat3
1880 3648 1918 3697 eo
1934 3649 2015 3696 vero
2032 3633 2140 3697 incon-

1388 3733 1474 3797 sulto
1496 3732 1577 3796 nibil
1599 3731 1736 3809 cuipiam
1760 3728 1856 3792 dabit.

1428 3843 1484 3890 vn.
1509 3825 1599 3889 Linei
1622 3824 1717 3904 panni
1746 3822 1861 3896 lotori,
1885 3823 1954 3885 sire
1983 3829 2140 3888 externus

1389 3922 1445 3985 ille
1466 3921 1507 3984 sit
1529 3921 1598 3984 sive
1620 3919 1834 3990 domesticus,
1858 3917 1977 3996 scripto
2000 3932 2140 3980 numero

1390 4017 1508 4079 dentur
1530 4021 1562 4078 et
1583 4013 1790 4092 accipiantur.

1429 4127 1498 4172 rrrr.
1523 4109 1661 4172 Tunicae
1676 4107 1893 4184 singulorum,
1908 4121 1989 4184 quae
2000 4113 2141 4170 staturae

1389 4203 1593 4266 induentium
1617 4200 1793 4264 convenire
1809 4199 1939 4272 debent,
1953 4199 2058 4276 signis
2075 4215 2141 4278 par-

1388 4297 1575 4362 ticularibus
1597 4297 1872 4367 internoscantur,
1890 4309 1931 4358 ne
1947 4309 1999 4356 eas
2022 4294 2141 4374 permi-

1390 4391 1472 4455 sceri
1495 4390 1671 4468 contingat.

1431 4501 1475 4548 rx.
1500 4483 1627 4548 Sabbati
1657 4498 1794 4561 vespere
1823 4481 1908 4544 linea
1937 4483 2057 4546 munda
2086 4498 2141 4562 per

1391 4594 1504 4642 omnes
1532 4578 1627 4642 cellas
1657 4575 1843 4651 distribuam
1875 4575 2035 4639 dominici
2064 4591 2141 4640 vero

1391 4673 1441 4736 die
1464 4689 1558 4736 mane
1580 4688 1620 4734 ex
1642 4671 1765 4734 eisdem
1780 4669 1869 4734 cellis
1891 4671 2060 4734 immunda
2081 4670 2140 4734 col-

1390 4769 1479 4846 ligat,
1497 4772 1530 4828 ot
1543 4781 1582 4828 an
1599 4765 1717 4838 omnia,
1741 4780 1822 4842 quae
1839 4763 1981 4837 dederat,
1996 4764 2137 4843 recipiat,

1391 4862 1633 4926 animadvertat.

1491 5048 1572 5111 Gar.
1596 5045 1704 5111 lllllll.
1727 5079 1765 5094 -
1789 5047 1833 5110 Do
1855 5047 2034 5110 cellerario.

1431 5236 1702 5301 1.custodiendis
1731 5237 1764 5297 in
1793 5235 1982 5298 monasterii
2010 5232 2135 5298 cellario
2154 5227 2312 5339 &oculatur

1390 5331 1582 5395 victualibus
1610 5329 1722 5393 abbate
1751 5329 1938 5393 cellerarius
1968 5330 2136 5408 deputetur
2163 5301 2216 5337 ⁰¹¹⁵

1391 5428 1442 5488 vir
1456 5425 1583 5488 sobrius
1599 5431 1711 5488 elnon
1727 5424 1899 5502 prodigum
1921 5423 2073 5500 idemque
2087 5435 2134 5482 cu-

1391 5537 1458 5583 ram
1482 5519 1596 5582 babeat
1617 5518 1763 5582 omnium
1784 5533 1910 5590 eorum,
1934 5531 2016 5594 quae
2041 5515 2078 5578 ad
2097 5512 2134 5574 oi·

1391 5615 1468 5676 bum
1492 5620 1525 5676 et
1546 5620 1658 5692 potum
1681 5618 1836 5690 spectant,
1860 5609 1987 5690 singula
2009 5612 2041 5674 in
2062 5607 2133 5672 locis

1392 5709 1456 5770 suis
1478 5707 1618 5788 reposita
1641 5713 1673 5769 et
1694 5703 1798 5769 clausa
1819 5719 1963 5766 servans.

1433 5820 1467 5864 ιι.
1490 5802 1524 5864 ln
1547 5801 1644 5864 rebus
1667 5797 1895 5863 distribuendis
1910 5799 2032 5861 iussum
2049 5794 2133 5858 ubba·

1391 5897 1431 5965 tis
1452 5903 1623 5975 sequatnr;
1648 5893 1837 5972 etquamris
1859 5893 2073 5956 communiter
2087 5905 2132 5950 ae-

1392 5990 1577 6070 qualitatem
1593 5989 1678 6052 inter
1693 6003 1805 6052 omnes
1821 6003 1954 6052 serrare
1969 5987 2071 6057 debet,
2084 5984 2131 6044 lra-
