4822 6986
109 1189 194 1238 ordo.

143 4542 179 4586 De
197 4538 329 4585 scrutinio.

967 633 1143 682 auunculus
1163 635 1214 680 PF.
1238 635 1304 684 xvi.

401 757 574 822 deserendi
600 763 726 840 331333,
750 759 786 820 io
813 754 963 820 31331133
996 753 1109 816 vestris

359 851 486 934 3331333
509 857 539 914 31
560 852 677 934 depono
691 852 826 933 officinm
847 849 1109 932 3133311333333-

359 945 505 1025 11333331
522 945 600 1008 33111
617 946 749 1028 indigno
765 945 966 1008 3333113333
979 947 1035 1012 331,
1049 945 1107 1002 313.

360 1039 448 1104 Idem
470 1040 641 1105 dicendum
665 1041 704 1102 de
726 1039 844 1102 vicario
861 1036 1050 1115 hegumeni.

140 1135 340 1192 sunragrorum
400 1151 432 1196 x.
457 1133 693 1212 Sullragiorum
722 1135 801 1197 ordo
824 1139 887 1195 est:
913 1131 1036 1210 primus
1058 1129 1109 1192 ab·

360 1227 414 1290 bas
438 1227 607 1306 generalis,
622 1228 660 1290 ad
675 1243 817 1290 mensam
833 1227 995 1296 accedens,
1013 1238 1107 1286 suum

360 1321 551 1400 suffragium
579 1322 613 1386 in
639 1321 792 1384 schedula
819 1319 952 1392 scribat,
977 1317 1109 1382 nomine

361 1423 485 1482 tanturn
508 1416 602 1480 electi
625 1432 789 1496 expresso,
803 1416 865 1478 hoc
879 1414 991 1479 modo:
1019 1411 1109 1492 Eiipo

360 1511 565 1574 reverendam
586 1509 773 1592 3313333111.
797 1511 833 1573 ic
855 1507 999 1574 abbatem
1021 1523 1109 1588 3333-

360 1605 461 1670 331333
472 1606 576 1670 nostri
592 1605 725 1668 ordinis.
743 1605 825 1668 Tum
836 1601 1022 1668 schedulam
1038 1617 1110 1680 pro·

361 1700 437 1779 33113
458 1699 604 1762 manibus
633 1699 820 1778 complicet,
844 1705 939 1776 atque
960 1697 994 1760 in
1020 1711 1109 1776 prae·

360 1800 500 1874 paratam
525 1809 629 1856 arcam
657 1793 799 1856 iniiciat:
815 1791 997 1870 Sequuntur
1027 1789 1110 1852 ordi-

360 1887 459 1952 natim
480 1887 601 1965 singuli
628 1887 824 1964 hegumeni3
848 1891 956 1965 postea
983 1883 1110 1946 abbates

360 1982 600 2062 provinciarum
623 1987 655 2044 31
673 1980 963 2056 monasteriorum
987 1985 1110 2058 333133-

360 2092 414 2138 mo
435 2075 554 2153 reliqui
575 2080 681 2154 patres
696 2074 835 2147 vocales,
852 2073 958 2136 habita
980 2086 1110 2150 semper

359 2170 484 2234 ratione
505 2169 702 2247 antiquitatis
724 2167 943 2247 professionis.

400 2263 433 2328 Si
454 2263 525 2340 quis
546 2270 674 2341 patrum
696 2263 839 2340 indigeat
857 2261 953 2340 opera
974 2258 1107 2328 scribae,

360 2357 411 2420 hic
432 2361 625 2434 suggestum
647 2356 684 2418 ab
707 2355 764 2419 illo
792 2371 913 2418 333333
938 2351 1056 2416 scribat
1077 2353 1110 2414 in

360 2451 523 2523 3311311311,
544 2467 680 2529 eamque
702 2449 848 2529 plicatam
864 2448 923 2526 ipsi
938 2447 1060 2519 reddat,
1076 2445 1109 2510 in

361 2546 554 2626 praedictam
569 2561 673 2608 arcam
689 2544 727 2608 ab
742 2543 857 2606 eodem
869 2542 997 2621 proprii
1013 2557 1109 2603 manu

360 2641 468 2704 statim
491 2639 734 2703 demittendam.

401 2753 445 2798 aa.
469 2734 544 2796 Post
564 2734 625 2796 lata
647 2733 808 2810 sullragia,
832 2733 864 2794 in
886 2731 994 2794 locum
1014 2745 1110 2793 suum

360 2829 583 2907 unusquisque
601 2826 824 2904 regrediatur;
847 2826 915 2888 loca
936 2831 1111 2888 33133333-

360 2932 408 2988 tra
430 2921 587 2986 caucellos
609 2920 716 2984 altaris
738 2921 1010 2998 (11333311333331.
1029 2919 1110 2980 Tum

359 3034 439 3082 vero
461 3015 556 3078 abhas
579 3005 740 3093 generalis
762 3015 849 3077 solus
871 3029 944 3076 cum
974 3019 1111 3092 quatuor

361 3110 555 3190 hegumenis
578 3116 610 3174 et
631 3109 756 3172 duobus
778 3125 794 3170 3
815 3113 943 3185 patrum
965 3114 1058 3170 coetu
1074 3107 1111 3170 ad

361 3203 581 3283 cognoscenda
603 3201 753 3279 suiiragia
768 3200 879 3264 electis
894 3200 1111 3264 sanctuarium

360 3299 536 3377 ingressus,
552 3295 719 3360 schedulas
731 3311 771 3357 ex
783 3295 852 3356 arca
865 3295 1021 3368 extrahat,
1036 3311 1111 3358 mox

361 3398 528 3464 numeret,
553 3390 631 3452 etsi
660 3396 787 3468 patrum
816 3405 992 3452 numerum
1018 3406 1111 3468 supe·

361 3495 449 3560 rent,
474 3492 527 3548 aut
548 3484 683 3546 minime
715 3491 871 3562 aequent,
904 3484 1019 3548 electio
1047 3501 1112 3548 non

361 3579 535 3652 constabit,
559 3595 618 3640 nec
639 3577 830 3656 aperiendae
859 3585 956 3640 erunt
977 3578 1112 3642 schedu-

361 3677 421 3748 lae,
445 3675 503 3736 sed
529 3671 682 3736 continuo
704 3671 814 3756 13333
836 3673 915 3748 aqud
945 3672 1111 3751 oppletum

361 3768 578 3831 immittantur
600 3771 632 3828 31
653 3780 736 3828 3333
752 3765 867 3828 3133113
889 3765 953 3827 bat.
979 3763 1011 3828 Si
1033 3781 1112 3829 vero

360 3861 589 3940 suffragiorum
612 3874 770 3921 numerus
785 3858 869 3921 bene
883 3866 1019 3933 constet,
1036 3866 1112 3922 tunc

361 3957 455 4020 abhas
479 3948 638 4032 generalis
657 3953 799 4031 singulas
814 3953 983 4016 schedulas
1004 3971 1112 4018 coram

361 4053 556 4132 hegumenis
573 4059 605 4114 et
616 4051 741 4114 duobus
762 4050 992 4128 sunragiorum
1005 4051 1112 4128 cogni-

362 4147 487 4211 toribus
514 4145 651 4225 aperiat,
676 4159 862 4221 nomenque
892 4143 985 4208 eiecti
1006 4145 1112 4208 altiori

362 4259 442 4306 3333
471 4241 677 4321 pronunciet,
702 4245 738 4302 ut
759 4239 906 4302 monachi
928 4238 961 4300 13
991 4241 1111 4319 templo

363 4343 484 4400 stantes
513 4335 653 4406 audiant,
677 4339 710 4398 et
736 4332 816 4396 illud
839 4349 854 4393 3
876 4333 1050 4395 3333313313
1078 4333 1111 4396 13

363 4429 471 4492 charta
487 4433 630 4490 notetur.

404 4538 461 4584 x11.
487 4519 519 4584 Si
541 4535 613 4599 pars
641 4519 870 4595 suilragioruur
899 4535 994 4598 supra
1021 4521 1112 4582 dirni-

364 4617 452 4680 diurn
482 4615 642 4682 vocalium
671 4613 772 4676 maior
797 4613 972 4676 convenire
995 4614 1028 4676 in
1050 4615 1113 4677 ele-

363 4711 470 4774 ctione
492 4709 685 4788 reperiatur,
710 4725 745 4768 ea
768 4713 918 4770 censetur
946 4707 1040 4782 lactan
1063 4708 1113 4770 sin

364 4811 471 4868 autern
493 4803 527 4866 in
543 4802 619 4866 duas
635 4815 787 4879 personas
809 4801 960 4878 sutlragia
972 4801 1113 4864 dividan-

365 4904 429 4970 tur,
453 4897 502 4958 his
525 4913 542 4958 a
563 4894 699 4958 ferendo
712 4893 866 4970 sullragio
888 4893 1039 4966 exclusis,
1056 4895 1113 4958 ite·

364 4998 457 5054 retur
478 4989 684 5054 scrutinium.
708 4986 741 5050 Si
763 5003 877 5050 rursus
899 4988 1039 5065 aequalis
1055 5005 1113 5068 pro

364 5091 504 5162 utroque
526 5083 756 5160 suffragiorum
785 5097 942 5144 numerus
964 5083 1114 5144 33331113-

365 5181 418 5253 311,
432 5177 663 5258 praelereudus
678 5176 767 5254 prior
784 5183 928 5254 tempore
944 5175 1114 5253 333133313-

365 5274 433 5348 313;
456 5272 635 5334 sinautem
659 5269 867 5350 professionis
896 5276 1042 5347 tempore
1065 5287 1114 5332 ae-

366 5366 476 5444 quales
498 5365 630 5436 luerint‚
648 5369 731 5426 aetas
755 5363 945 5425 attendenda
961 5369 993 5426 et
1006 5364 1114 5426 senior

365 5460 485 5523 iuniori
507 5458 735 5540 praeeligatur.

406 5571 477 5616 sni.
496 5551 528 5616 Si
543 5567 622 5614 vero
636 5551 786 5629 sullragia
801 5551 834 5614 in
851 5552 992 5614 diversas
1006 5567 1114 5632 perso-

366 5665 419 5712 nas
442 5647 670 5719 distrahantur,
685 5645 765 5708 itaut
780 5645 812 5707 13
831 5645 996 5708 neminem
1013 5645 1114 5708 maior

366 5741 626 5820 congregationis
641 5755 713 5819 pars
728 5740 908 5813 conveniat,
924 5740 1066 5803 secundo
1081 5757 1115 5803 ac

366 5837 463 5902 tertio
474 5835 666 5900 scrutinium
682 5841 859 5914 repetatur.
876 5833 966 5908 Quod
981 5835 1007 5896 si
1019 5835 1114 5897 etiam

1838 619 1896 684 als

1166 761 1243 818 tunc
1258 773 1355 820 nemo
1374 757 1488 820 habeat
1509 760 1665 822 maiorem
1686 758 1915 836 suffragiorum

1166 855 1302 928 partem,
1316 851 1481 930 contingat
1495 858 1603 914 autem
1620 853 1699 918 duos
1711 852 1765 916 vel
1782 858 1847 915 tres
1863 852 1916 914 ha-

1166 941 1244 1006 bere
1257 943 1348 1022 plura
1363 946 1524 1022 sullragia,
1538 947 1618 1010 itaut
1632 946 1752 1024 singuli
1769 951 1915 1022 quartam

1166 1037 1279 1100 saltem
1313 1045 1438 1118 partem
1470 1040 1700 1118 suffragiorum
1733 1039 1914 1113 obtineant,

1166 1146 1224 1209 per
1236 1132 1380 1194 abbatem
1399 1133 1586 1212 generalem
1602 1133 1854 1213 promulgentur
1866 1134 1916 1196 his

1166 1225 1292 1288 verbis:

1206 1319 1408 1384 deserendos
1426 1329 1521 1404 pater
1542 1321 1582 1386 N.
1610 1322 1649 1386 N.
1674 1328 1704 1384 31
1724 1323 1917 1384 reverendas

1163 1419 1258 1495 poter
1279 1415 1317 1478 N.
1336 1416 1375 1480 Ν.
1394 1416 1511 1482 bahent
1524 1419 1622 1500 31333
1643 1417 1805 1499 suffragio
1820 1433 1931 1496 33331·

1166 1509 1300 1588 3311333·
1323 1527 1362 1573 eoo
1384 1510 1434 1573 bis
1463 1513 1566 1592 131133
1584 1513 1714 1593 33133113
1736 1529 1838 1574 canoro
1864 1513 1917 1576 eii-

1167 1601 1446 1684 333313313131333
1461 1607 1641 1687 generalem
1663 1605 1761 1668 131133
1780 1607 1914 1669 ordinis.

1207 1697 1300 1770 Tum,
1317 1697 1381 1760 illis
1404 1700 1460 1776 qui
1480 1697 1526 1779 (1)
1548 1699 1704 1762 nominati
1719 1705 1795 1762 sunt
1809 1699 1917 1762 exclu-

1167 1789 1220 1862 sis,
1245 1791 1371 1853 vocales
1400 1791 1518 1870 reliqui
1540 1793 1577 1856 ad
1600 1792 1794 1856 electionem
1820 1793 1916 1856 modo

1167 1887 1349 1964 supradicto
1364 1888 1548 1965 procedant,
1569 1903 1672 1952 unum
1688 1905 1727 1952 ex
1743 1890 1916 1952 nominatis

1168 1979 1338 2057 eligentes,
1362 1981 1395 2044 in
1417 1997 1514 2059 quem
1537 1982 1639 2046 maior
1656 1998 1727 2062 pars
1749 1983 1916 2061 331133313-

1166 2089 1241 2134 rum
1263 2076 1465 2137 convenerit.

1208 2185 1272 2229 xiv.
1296 2167 1401 2231 Finito
1423 2170 1730 2242 sc1·utinio,electus
1753 2171 1847 2234 abbas
1863 2189 1917 2250 ge·

1167 2261 1286 2324 neralis
1308 2263 1535 2340 promulgetur
1551 2282 1567 2325 a
1582 2280 1640 2326 suo
1657 2265 1915 2343 praedecessore,

1166 2355 1230 2427 331,
1254 2355 1279 2416 31
1301 2356 1368 2434 1333
1390 2357 1423 2418 13
1446 2357 1549 2420 officio
1570 2359 1779 2421 confirmatus
1805 2359 1915 2429 luerit,

1168 2452 1310 2529 aprimo
1333 2453 1608 2530 hegumenorum,
1633 2454 1682 2516 his
1703 2454 1829 2516 verbis:

1207 2544 1380 2608 deserendi
1403 2553 1522 2628 potres.
1554 2547 1657 2612 Factd
1684 2549 1918 2628 suffragiorum

1168 2639 1347 2709 3311311333,
1358 2639 1539 2702 iheronimus
1551 2641 1837 2721 maiorempnrtem
1846 2657 1918 2704 333-

1167 2733 1363 2813 3333333313
1384 2739 1514 2797 nostroe
1534 2735 1704 2796 convenire
1718 2735 1753 2796 13
1768 2735 1918 2798 electione

1167 2826 1333 2890 reaccendi
1351 2827 1512 2908 33131311.
1530 2827 1569 2890 h'.
1585 2827 1655 2890 Ideo
1672 2829 1799 2890 33331313
1820 2829 1917 2890 131133

1167 2921 1425 3001 33333333113313
1454 2927 1600 2992 3331333,
1625 2927 1654 2984 31
1680 2926 1835 3003 potestate
1862 2939 1918 3003 per

1169 3031 1349 3076 33333333
1381 3014 1461 3078 mihi
1490 3016 1657 3086 concessit,
1680 3017 1860 3096 pronuncio
1889 3023 1919 3078 ct

1168 3109 1294 3171 declaro
1310 3107 1518 3170 reverendum
1530 3115 1656 3189 3313333
1672 3108 1711 3172 N.
1728 3107 1768 3171 Ν.
1786 3110 1918 3172 eiectum

1167 3203 1279 3283 331333,
1297 3207 1327 3264 31
1348 3219 1412 3264 3333
1434 3208 1581 3265 nostrone
1596 3203 1738 3266 33131331
1761 3204 1919 3283 totiusque

1173 3295 1302 3360 Ordinis
1324 3297 1428 3358 333131
1450 3294 1594 3360 abbateio
1615 3298 1805 3377 3333331331.

1209 3409 1261 3454 xv.
1285 3390 1375 3454 Facta
1398 3390 1563 3454 electionis
1577 3389 1838 3471 proclamatione,
1856 3394 1919 3471 pri·
1998 3368 2005 3383 ’

1169 3501 1241 3548 3133
1263 3484 1469 3560 begumenus
1491 3492 1545 3546 aui
1566 3484 1694 3562 dignior
1716 3484 1802 3548 inter
1827 3501 1919 3550 voca-

1168 3579 1215 3642 les
1237 3579 1362 3642 intonat
1388 3578 1547 3657 psalmum
1571 3595 1638 3640 xla.
1666 3579 1800 3657 reliquis
1823 3581 1918 3643 alter·

1169 3673 1268 3736 natim
1298 3671 1587 3751 prosequentibus,
1613 3671 1919 3736 113333113113113-

1169 3766 1276 3829 minus
1304 3766 1339 3828 13
1367 3764 1417 3828 die
1449 3762 1691 3838 tribaciotioois;
1719 3771 1919 3848 3331333113

1169 3877 1283 3924 olomeo
1305 3855 1487 3930 1131133311,
1512 3866 1572 3922 313.

1209 3955 1335 4018 interea
1362 3953 1540 4031 hegumeni
1569 3953 1691 4018 ducunt
1719 3955 1859 4019 electum
1881 3957 1919 4020 ad

1169 4051 1291 4122 sedem,
1316 4047 1353 4110 ad
1376 4063 1476 4110 cornu
1504 4048 1673 4111 sinistrum
1702 4049 1809 4112 altaris
1832 4066 1919 4128 para-

1169 4151 1244 4216 tam,
1260 4141 1314 4220 qui
1331 4142 1493 4205 osculatur
1514 4143 1657 4221 primum
1678 4143 1789 4216 altare,
1803 4144 1919 4208 deinde

1169 4239 1270 4302 sedet.
1301 4237 1383 4300 Tum
1405 4257 1421 4300 a
1443 4237 1584 4314 digniori
1612 4237 1750 4300 traditur
1779 4239 1808 4300 31
1837 4239 1919 4302 liber

1169 4333 1302 4412 regulae
1318 4339 1350 4396 et
1364 4332 1644 4406 constitutionum,
1658 4349 1692 4394 ac
1714 4331 1859 4410 sigillum
1875 4334 1919 4396 31-

1170 4427 1248 4504 ficii;
1272 4427 1338 4504 qui,
1355 4427 1500 4490 retinens
1522 4425 1679 4502 sigillum,
1696 4425 1793 4488 tradit
1807 4427 1863 4488 331
1879 4444 1920 4490 en

1169 4521 1344 4594 vocalibus
1368 4527 1404 4583 ut
1425 4519 1521 4597 legat,
1546 4525 1639 4598 caput
1660 4537 1708 4580 111.
1736 4520 1917 4598 33311333,

1170 4617 1256 4693 quod
1279 4625 1328 4676 est
1349 4613 1388 4676 de
1410 4613 1664 4693 praeeminentia
1686 4619 1719 4676 31
1741 4613 1843 4676 3111313
1868 4615 1920 4677 ab·

1170 4709 1249 4772 batis
1279 4707 1450 4785 generalis.
1480 4705 1613 4770 inierim
1642 4706 1757 4770 iratres
1786 4707 1918 4784 singuli,

1170 4803 1258 4866 iuxta
1281 4800 1428 4864 ordinem
1443 4815 1551 4873 suurn,
1568 4799 1606 4862 ad
1622 4816 1697 4862 eum
1720 4802 1918 4874 accedentes,

1172 4897 1306 4976 genibus
1318 4895 1409 4957 llexis
1426 4909 1539 4956 manus
1556 4893 1625 4957 eius
1638 4895 1833 4958 osculantur.
1850 4894 1920 4974 Ipse

1170 5009 1250 5055 3333
1276 4989 1397 5054 tamdiu
1419 4989 1451 5050 in
1474 4989 1544 5052 loco
1572 5005 1631 5052 suo
1653 4989 1795 5062 sedebit,
1820 4989 1921 5052 donec

1172 5085 1349 5164 hegumeni
1371 5089 1509 5160 quatuor
1531 5083 1704 5160 eligantur,
1729 5100 1788 5146 nec
1811 5084 1921 5146 csede

1171 5182 1227 5243 sua
1238 5179 1371 5250 recedit,
1386 5177 1446 5240 nisi
1458 5193 1532 5240 cum
1548 5177 1739 5254 sunragium
1753 5177 1920 5256 proprium

1171 5274 1350 5352 scripturus
1379 5276 1426 5332 est
1448 5276 1480 5332 et
1504 5270 1536 5332 in
1559 5287 1663 5332 arcam
1693 5270 1865 5343 missurus,
1890 5278 1922 5332 31

1171 5365 1322 5442 suffragia
1342 5362 1588 5436 monachorum,
1602 5370 1757 5442 utsupra,
1776 5363 1921 5442 cognitu-

1171 5477 1237 5532 rus,
1262 5459 1467 5534 clectumque
1484 5457 1757 5536 proclarnatnrus3
1782 5462 1921 5534 333313-

1170 5553 1228 5614 tim
1252 5551 1457 5631 proclamato,
1481 5550 1519 5612 ad
1540 5549 1651 5611 sedem
1674 5565 1764 5610 suam
1790 5549 1918 5612 redibit.

1211 5663 1277 5707 333.
1302 5643 1335 5706 Si
1358 5644 1479 5706 electus
1496 5643 1608 5706 absens
1625 5641 1733 5714 luerit,
1752 5648 1920 5721 postquam

1172 5738 1364 5818 proclamata
1379 5743 1427 5799 esi
1440 5736 1528 5799 111133
1544 5735 1669 5808 electio,
1687 5741 1831 5798 cantatur
1843 5735 1922 5815 psal-

1172 5849 1262 5894 mum
1285 5848 1366 5904 133,
1389 5837 1426 5894 31
1446 5847 1560 5910 supra,
1584 5845 1648 5906 quo
1677 5829 1785 5903 finito,
1813 5829 1920 5894 statim

409 6051 522 6108 (illidit.
539 6049 616 6096 Malu.
634 6055 721 6098 331311
738 6050 842 6096 ridetur
856 6049 947 6096 deesse
963 6063 1025 6100 333,
1043 6060 1105 6096 3333
1120 6049 1231 6096 tollitur.

1963 2182 2107 2230 l'uhlicntin
2125 2193 2149 2228 e·

1937 2236 2002 2283 lecti.
