4822 6986
26 5207 28 5236 ι
108 5208 258 5264 limpitihns.

945 609 1120 660 GREGORlUS
1141 613 1192 658 1³1³.
1217 608 1282 657 xvf.

337 746 476 808 cumque
499 729 594 792 modo
607 729 763 802 ambianh
788 732 975 808 praesertim
991 731 1017 790 si
1033 730 1086 792 da·

337 827 549 902 prehenderit
563 843 618 887 evas
642 826 697 886 hac
720 826 768 885 vid
792 827 828 886 ad
845 825 1084 888 ecclesiasticam

338 920 525 994 «lignitatem
549 919 602 980 vel
625 920 654 980 in
679 919 837 996 religione
858 920 993 996 gradum
1015 934 1087 996 pro-

338 1029 463 1090 repere.
482 1013 514 1072 Si
531 1027 626 1090 quem
640 1027 719 1074 voro
733 1014 828 1074 huius
840 1013 978 1075 ambitus
993 1029 1085 1075 reum

337 1105 509 1176 invenerit,
535 1107 677 1182 graviter
699 1106 809 1184 puniat
831 1114 864 1169 et
881 1108 917 1170 ad
940 1106 1086 1168 abbatem

339 1201 523 1275 geraeralem
540 1199 672 1262 deferat.
698 1201 783 1264 ldern
800 1202 840 1263 de
855 1201 966 1264 abbate
982 1199 1087 1262 dicen-

338 1294 426 1364 dum,
448 1295 485 1366 si,
503 1301 630 1373 praeter
652 1302 819 1356 consuetas
842 1305 872 1356 et
895 1295 1086 1356 necessarias

338 1394 522 1464 magnatum
536 1389 733 1450 visitationes
746 1404 987 1466 munerumque
1003 1387 1087 1448 obla-

339 1485 452 1556 tiones,
475 1486 527 1546 vol
550 1486 625 1562 quid
646 1501 766 1546 novum
790 1485 997 1546 introducere
1020 1489 1087 1544 ten-

338 1579 463 1650 taverit,
477 1577 530 1640 vel
553 1579 620 1657 ipse
640 1585 826 1656 magnatum
848 1578 1000 1640 amicitias
1016 1577 1087 1655 plus

337 1688 439 1748 aequo
461 1677 586 1750 captare
610 1673 833 1750 deprehensus
856 1671 964 1732 fuerit.

336 1860 416 1922 Cae
441 1859 518 1921 Vlll.
543 1860 647 1922 -Da
670 1859 1087 1939 [chatolicaemouostcrio

377 1969 451 2014 ratrn
473 1959 501 2014 ct
523 1954 701 2032 receptione
723 1953 901 2032 hospitunt,
925 1953 1021 2029 deque
1043 1952 1087 2011 oi-

378 2047 479 2109 tundd
500 2046 731 2108 ntonachorupt
754 2046 934 2126 copatione.

160 2243 317 2304 samsonis
379 2253 398 2294 ι.
422 2234 555 2297 Nullum
579 2233 822 2302 monasterium,
841 2234 901 2294 nisi
916 2234 1086 2295 accedente

93 2306 154 2410 [2¹2.ss
168 2298 319 2403 ''lll'llllll
337 2343 495 2388 caunense
510 2335 541 2389 et
553 2327 778 2389 benedictione
790 2327 935 2404 Episcopi
952 2333 984 2387 et
995 2341 1087 2387 reve-

94 2406 318 2500 f}l}},*‘,l}!5l2,“¹„',',⁵‡·j
337 2422 519 2482 rendissimi
535 2421 656 2482 domini
672 2421 880 2492 Patriarchae,
896 2427 928 2482 et
939 2421 978 2482 de
990 2421 1088 2482 liceu-

95 2521 190 2554 ⁵·‘¹¹³¹¹·
338 2515 377 2574 ιιιι
393 2514 513 2575 abbatis
530 2515 689 2592 generalis
701 2521 796 2591 atque
810 2516 1084 2591 hegumenorum,

337 2609 428 2669 nobis
444 2609 693 2670 afundatoribns
715 2616 769 2670 aut
791 2609 931 2686 patronis
945 2609 1086 2670 oblatum

336 2702 479 2780 accipere
501 2703 675 2772 debemuS,
700 2701 752 2762 vel
776 2703 814 2763 de
837 2717 922 2764 novo
952 2701 1087 2764 fundaro

337 2811 517 2874 possumus.
542 2796 690 2873 Quisquis
706 2811 785 2858 vero
808 2796 913 2868 abbas,
930 2797 997 2858 sive
1015 2813 1087 2874 pro·

337 2889 402 2967 prid
424 2890 493 2950 sive
515 2889 775 2966 congregationis
798 2890 893 2950 etiam
916 2891 1087 2952 monacho-

337 2999 409 3044 rum
432 2983 619 3046 auctoritate
634 2983 664 3044 id
682 2983 804 3055 fecerit,
819 2998 940 3060 poenae
963 2984 1087 3060 gravio

337 3078 378 3137 ris
401 3078 510 3155 culpae
532 3078 693 3139 subiaceat
707 3077 739 3137 in
761 3070 931 3153 religione,
949 3077 974 3137 si
990 3077 1087 3139 licen-

338 3171 377 3231 tia
391 3177 513 3232 tantum
530 3170 649 3232 abbatis
665 3169 824 3247 generalis
840 3177 872 3230 et
887 3170 1087 3246 hegumeno-

337 3281 409 3326 rum
432 3265 589 3338 defuerit;
613 3271 644 3326 et
666 3265 817 3342 puniatur
840 3264 933 3324 etiam
959 3264 996 3325 ab
1016 3264 1087 3342 Epi·

335 3375 430 3436 scopo
447 3365 478 3420 et
490 3377 506 3418 a
518 3358 793 3420 reverendissimo
811 3357 941 3418 domino
954 3358 1087 3420 Patriar-

337 3452 404 3521 cha,
423 3453 447 3512 si
471 3452 589 3529 absque
612 3452 729 3512 horum
747 3467 905 3514 consensu
921 3452 952 3514 id
969 3453 1084 3513 factum

338 3545 452 3615 fuerit3
478 3559 655 3620 omnesque
686 3545 849 3613 monachi,
881 3545 984 3606 abbata
1014 3561 1087 3606 con-

335 3639 523 3704 sentientes,
549 3639 653 3700 eidem
681 3653 802 3716 poenae
832 3639 1030 3700 subiaceant:
1056 3647 1088 3700 et

335 3739 423 3794 actus
446 3731 611 3793 monastici
634 3731 752 3793 ibidem
776 3732 867 3804 facti,
894 3740 928 3793 ut
950 3733 1087 3794 novitio-

336 3841 408 3886 rum
432 3824 580 3884 admissio
595 3841 630 3886 ac
645 3824 813 3902 professio,
832 3824 914 3886 irriti
930 3833 962 3887 et
976 3827 1086 3888 inanes

337 3918 551 3979 declarantur.

377 4027 411 4070 ιι.
436 4010 517 4073 lllud
539 4026 618 4072 vero
639 4011 744 4072 solum
761 4013 994 4076 naonasterium
1017 4015 1087 4075 lun-

337 4107 413 4166 dare
428 4105 480 4166 vel
496 4105 649 4182 accipere,
667 4111 704 4166 ut
718 4121 824 4182 supra,
843 4105 934 4167 nobis
951 4107 1036 4178 licet,
1055 4108 1087 4169 in

338 4215 402 4276 quo
417 4199 587 4260 monastica
611 4199 774 4277 disciplina
798 4201 960 4261 observari
977 4203 1085 4279 possit,

338 4301 370 4356 et
391 4293 551 4354 sufficiens
582 4293 814 4353 monachorum
841 4309 997 4356 numerus
1027 4296 1085 4370 ali3

338 4389 434 4466 idque
456 4388 508 4448 vel
531 4403 570 4448 ex
592 4387 705 4448 animis
727 4387 906 4450 redditibus
930 4397 1088 4451 monaste-

338 4483 386 4544 rio
409 4481 532 4558 legatis,
557 4481 610 4542 vel
633 4497 672 4542 ex
696 4487 800 4542 terrae
822 4481 937 4553 fundo,
962 4483 1001 4544 de
1024 4498 1087 4560 quo

339 4591 378 4635 os
401 4575 511 4636 labore
533 4589 687 4636 manuum
710 4575 823 4636 vivere
846 4575 968 4652 possint

148 4689 269 4748 ιιιιιιιιιι
293 4687 317 4730 ιι.
378 4686 425 4729 ιιι.
449 4667 551 4731 Omne
573 4667 816 4740 monasterium,
834 4670 919 4744 quod
941 4671 1087 4732 monachi

110 4745 319 4838 Jsslff}.',¹,²}s,f,-“,'²,2{',³,¹.¹j
339 4769 466 4826 nostrae
478 4762 736 4838 congregationis
752 4763 939 4834 inhabitant,
955 4764 1087 4825 honestat

107 4850 229 4892 naahas
338 4857 484 4918 clausura
500 4856 673 4917 inuniatur.
689 4854 739 4917 Sic
754 4862 860 4918 autem
873 4857 914 4917 sit
930 4857 1084 4930 clausum,

338 4959 374 5012 ut
396 4949 586 5012 mulieribus
607 4951 840 5026 cuiuscumque
856 4951 1018 5027 dignitatis
1034 4957 1088 5012 aut

339 5044 460 5106 ordinis
483 5045 570 5105 nulla
592 5045 716 5105 ratione
739 5051 851 5122 pateat.

120 5159 150 5198 tu
167 5155 279 5207 catapano
295 5159 318 5197 aa
378 5156 420 5198 ιι.
445 5139 542 5200 Extra
563 5138 663 5214 ipsius
685 5139 872 5200 monasterii
894 5139 1085 5210 clausuram,

339 5232 390 5293 vel
413 5233 445 5292 ιιι
467 5232 537 5293 leco
559 5231 642 5292 intra
665 5233 895 5294 monasterium
922 5233 1010 5294 adid
1035 5234 1087 5295 de-

338 5326 464 5397 stinato,
483 5324 657 5402 hospitium
680 5327 833 5402 erigatur,
848 5327 880 5386 iu
898 5343 961 5403 quo
985 5327 1087 5404 hospi-

340 5425 386 5478 tes
408 5419 444 5480 ad
468 5435 525 5480 uos
549 5419 746 5480 divertentes
773 5420 870 5496 accipi
892 5420 1030 5498 possint:
1056 5429 1088 5481 et

339 5511 492 5572 mulieres
516 5513 645 5590 quidem
663 5513 695 5572 ιιι
711 5512 781 5574 loco
803 5513 895 5575 valde
912 5519 1038 5574 remoto
1054 5531 1088 5575 ac

337 5620 470 5680 prorsus
492 5613 637 5684 separato
658 5623 673 5666 a
696 5607 774 5667 viris
787 5613 820 5668 et
840 5624 857 5668 a
879 5607 1085 5669 monasterio.

338 5698 450 5776 Neque
476 5699 581 5772 abbas,
609 5715 715 5777 neque
743 5701 952 5778 congregatio
979 5717 1088 5762 mona-

338 5792 473 5854 chorum
497 5800 602 5872 potest
617 5795 721 5866 alicui,
739 5794 791 5856 vel
808 5794 1019 5857 ecclesiastico
1034 5795 1087 5856 vel

337 5886 510 5960 saeculari,
535 5887 648 5949 cellam
670 5889 702 5948 in
725 5889 793 5966 ipso
817 5888 1012 5950 monasterio
1034 5887 1085 5950 vel

330 5981 375 6056 ⁴ad
397 5980 496 6042 breve
520 5988 647 6060 tempus
668 5982 839 6059 assignare,
854 5981 913 6042 nisi
928 5982 961 6044 in
985 5983 1087 6061 hospi-

446 6130 496 6176 lur.
515 6130 583 6174 l'oat.
599 6128 629 6174 de
645 6129 717 6187 l'rop.
735 6127 796 6173 Fide
811 6129 892 6175 Partis
907 6133 924 6175 1.
942 6128 993 6174 Vol.
1011 6130 1036 6174 V.

1813 587 1871 653 393

1146 729 1188 791 tio
1210 728 1299 791 locus
1322 729 1454 792 ouaniuo
1483 727 1638 800 defuerit,
1662 731 1717 788 aut
1737 741 1891 804 personae

1144 824 1343 903 accipiendae
1369 821 1503 884 minime
1533 821 1737 893 convenerit,
1761 826 1798 881 ut
1819 835 1891 881 cum

1144 917 1317 996 Episcopus
1346 923 1400 978 aut
1427 915 1717 978 reverendissimus
1743 913 1892 1000 dominns

1145 1010 1323 1072 Patriarcha
1345 1011 1381 1072 ad
1404 1027 1461 1072 nos
1484 1009 1626 1071 divertit.

1184 1123 1213 1166 v.
1237 1104 1324 1167 Nulli
1336 1105 1440 1168 abbati
1451 1111 1506 1166 aut
1518 1103 1893 1166 oeconomolicebitmo-
1927 1116 2125 1178 cosarianum

1144 1201 1321 1261 hasterium
1337 1215 1411 1261 aere
1426 1199 1531 1261 alieno
1548 1215 1681 1275 gravare
1694 1198 1811 1275 absque
1828 1197 1893 1258 ine·
1913 1182 1963 1270 t'issf'
1977 1181 2125 1284 ιιιῗιῖἷιῖῗιῖῗιι

1144 1294 1265 1356 vitabili
1289 1294 1487 1364 necessitate,
1502 1309 1561 1354 nec
1576 1293 1719 1354 vendere
1741 1297 1795 1353 aut
1809 1307 1893 1354 com-
1914 1276 2126 1380 ss'{,'}3‚·},¹j⁰,‚¹f,f''⁰'

1145 1395 1287 1458 mutare,
1312 1388 1365 1450 vel
1394 1388 1628 1464 quovismodo
1655 1386 1794 1448 alienare
1824 1401 1894 1464 pos-

1144 1483 1314 1552 sessiones,
1332 1481 1458 1551 fundos,
1476 1488 1530 1543 aut
1544 1497 1667 1542 annuos
1690 1497 1813 1551 census,
1827 1495 1894 1541 mo-

1145 1577 1285 1638 nasterio
1305 1577 1437 1638 donatos
1449 1581 1503 1636 aut
1521 1573 1702 1652 acquisitos,
1719 1575 1778 1634 sub
1794 1575 1894 1652 poena

1145 1671 1352 1748 depositionis
1374 1671 1411 1732 ab
1434 1670 1555 1740 allicio,
1579 1677 1612 1730 et
1632 1667 1894 1730 inhabilitationis

1146 1771 1207 1826 tam
1231 1764 1350 1826 abbatis
1371 1779 1466 1840 quarn
1489 1763 1656 1824 oeconomi
1679 1768 1711 1823 et
1726 1761 1895 1822 monacho-

1144 1875 1228 1929 rum,
1253 1859 1279 1920 si
1302 1875 1467 1920 assensum
1480 1858 1516 1918 ad
1531 1857 1591 1918 hoc
1603 1855 1820 1935 praebuerint,
1835 1855 1893 1916 nisi

1145 1953 1273 2014 obtenta
1295 1952 1383 2030 prius
1406 1951 1554 2014 facultate
1570 1951 1607 2012 ab
1623 1951 1661 2012 iis
1677 1951 1714 2012 ad
1731 1965 1810 2027 quos
1825 1965 1895 2027 spe-

1144 2052 1215 2118 ctat,
1241 2053 1272 2107 et
1294 2062 1454 2108 consensu
1476 2045 1596 2106 abbatis
1619 2044 1790 2122 generalis.

1184 2157 1226 2200 ιι.
1250 2139 1407 2202 Pecuniae
1429 2145 1557 2200 exactae
1573 2139 1612 2200 ale
1634 2137 1812 2200 redditibus
1828 2153 1894 2198 mo·
1930 2153 1961 2194 ιιι
1977 2149 2127 2212 vitaremus,

1144 2235 1284 2302 naslerii,
1308 2241 1362 2295 aut
1382 2251 1398 2294 a
1421 2232 1677 2296 benefactoribus
1701 2205 2127 2308 monasterio2'1'sslssissii'i'hfflssc',

1144 2329 1288 2399 donatae,
1306 2343 1369 2388 non
1392 2327 1595 2388 retineantur
1616 2326 1649 2387 in
1672 2340 1768 2386 manu
1791 2324 1895 2386 cuius-

1144 2437 1252 2499 quam,
1276 2421 1385 2483 sedin
1407 2421 1476 2482 arca
1492 2423 1600 2482 statim
1622 2426 1820 2498 reponantur
1835 2419 1895 2480 suh

1145 2516 1262 2594 duplici
1286 2515 1392 2584 clave,
1417 2529 1555 2592 quarum
1577 2529 1639 2574 una
1662 2513 1702 2574 sit
1723 2529 1822 2592 penes
1844 2512 1895 2572 ah-

1144 2612 1261 2682 batem,
1278 2610 1377 2670 altera
1393 2625 1490 2687 penes
1508 2623 1733 2670 oeconomum.
1757 2607 1836 2668 ltem
1849 2607 1895 2668 in-

1144 2707 1324 2764 strumenta
1347 2701 1522 2764 fundorum
1545 2699 1742 2771 monasterii,
1767 2699 1820 2760 vel
1846 2715 1895 2760 re-

1144 2813 1217 2860 runt
1241 2796 1430 2856 donatarum
1446 2801 1499 2856 aut
1521 2799 1790 2856 testamentorum
1812 2793 1895 2854 clau·

1144 2889 1243 2960 sulae,
1259 2895 1313 2950 aut
1327 2888 1386 2949 alia
1408 2903 1631 2964 quaecumque
1653 2888 1845 2948 documenta
1858 2887 1893 2946 ad

1143 2999 1194 3044 res
1216 2982 1411 3060 temporales
1440 2982 1625 3042 monasterii
1654 2979 1837 3058 spectantia,
1862 2979 1894 3040 in

1144 3077 1269 3156 publica
1292 3077 1394 3138 foruna
1416 3077 1553 3148 redacta,
1577 3075 1609 3136 in
1632 3076 1702 3136 arca
1718 3075 1771 3136 vel
1794 3074 1826 3134 in
1848 3089 1895 3134 ar-

1144 3170 1250 3233 chivio
1272 3169 1437 3232 communi
1465 3173 1664 3246 reponantur
1688 3166 1748 3228 sub
1777 3165 1894 3244 duplici

1144 3265 1243 3334 clave,
1268 3269 1431 3340 utsupra.

1185 3375 1239 3418 ιιι,
1263 3357 1489 3433 Quaecumque
1502 3357 1659 3418 monacho
1682 3355 1825 3434 professo
1841 3356 1893 3416 do-
1930 3369 1977 3410 llas
1993 3367 2126 3410 montionis

1143 3459 1277 3522 uantur,
1302 3452 1370 3512 sive
1394 3465 1433 3512 ex
1460 3451 1656 3512 haereditate
1685 3449 1891 3527 proveniunt,
1914 3420 2126 3530 {iiiii'i'ffia'i‘a'flss

1144 3553 1206 3608 tam
1231 3547 1359 3608 mobilia
1375 3561 1470 3622 quam
1494 3544 1680 3616 immobilia,
1706 3545 1811 3605 omnia
1828 3560 1894 3606 rno—
1915 3529 2070 3636 }}l}}!,¹,l‡,¹,‘,',ff⁰
2086 3539 2127 3584 ²¹¹³·

1144 3641 1282 3702 nasterlo
1303 3641 1410 3702 statim
1427 3647 1459 3700 et
1477 3641 1546 3700 sine
1563 3638 1713 3700 dilatione
1736 3636 1893 3716 applicen-

1144 3741 1211 3810 tur,
1234 3751 1313 3796 usus
1335 3741 1443 3795 tamen
1459 3733 1638 3810 aliquarum
1661 3747 1784 3802 rerum,
1809 3738 1845 3792 ut
1859 3731 1894 3792 li-

1144 3829 1290 3900 brorum,
1308 3828 1337 3890 ei
1353 3827 1485 3889 concedi
1508 3826 1627 3904 poterit
1648 3841 1687 3887 ex
1703 3825 1831 3887 licentia
1843 3825 1895 3886 ab·

1145 3922 1239 3983 batis:
1266 3923 1307 3983 ita
1331 3933 1448 3992 tamen,
1462 3927 1499 3982 ut
1520 3937 1560 3981 ex
1582 3935 1621 3980 eo
1643 3935 1703 3982 usu
1727 3925 1895 3996 paupertas

1144 4016 1294 4093 religiosa
1310 4031 1374 4077 non
1391 4015 1545 4086 laedatur,
1560 4029 1667 4091 neque
1679 4013 1895 4075 murmuratio

1144 4117 1198 4171 aut
1218 4110 1390 4172 aemulatio
1405 4109 1438 4171 in
1454 4108 1569 4170 ceteris
1591 4107 1741 4169 fratribus
1762 4107 1893 4168 oriatur.

1185 4221 1253 4264 viu.
1277 4203 1498 4265 inventarium
1525 4203 1685 4264 bonorum
1708 4207 1773 4262 tam
1795 4201 1895 4262 mobi-

1145 4297 1224 4357 lium
1247 4311 1342 4372 quam
1364 4295 1581 4357 immobilium
1601 4297 1633 4356 in
1656 4296 1806 4357 omnibus
1828 4313 1895 4357 mu-

1145 4390 1302 4462 nasteriis,
1327 4389 1466 4451 fideliter
1483 4395 1515 4452 et
1526 4397 1670 4451 accurate
1686 4390 1892 4468 descriptum,

1145 4483 1177 4543 ιιι
1199 4483 1343 4544 archivio
1370 4489 1598 4550 conservetur,
1624 4489 1656 4544 et
1676 4499 1776 4544 unum
1808 4483 1895 4544 illius

1145 4578 1310 4655 exemplar
1322 4577 1358 4639 ad
1371 4577 1518 4640 abbatem
1535 4577 1720 4653 generalem
1736 4577 1891 4639 mittatur.

1144 4669 1223 4732 ltem
1248 4671 1403 4732 habeatur
1424 4671 1642 4732 inventarium
1668 4687 1804 4733 onerum
1826 4671 1894 4732 sive

1145 4764 1377 4842 obligationum
1401 4779 1476 4841 erga
1506 4763 1691 4825 fundatores
1715 4772 1747 4826 et
1767 4763 1895 4826 benefa-

1144 4865 1249 4920 ctores
1265 4867 1328 4920 tam
1345 4858 1435 4920 vivos
1457 4873 1551 4934 quam
1575 4857 1752 4930 defunctos,
1777 4859 1894 4936 quibus

1144 4951 1237 5013 abbas
1257 4952 1405 5014 satisfieri
1427 4951 1602 5028 diligenter
1623 4958 1726 5013 curet.

1183 5062 1228 5105 ιιι.
1254 5045 1442 5107 llonasteria
1470 5051 1578 5106 nostra
1600 5045 1642 5106 ita
1663 5045 1727 5106 sint
1755 5046 1892 5108 invicem
1913 5059 2126 5106 narrandumne

1144 5139 1323 5210 coniuncta,
1341 5145 1377 5200 ut
1392 5137 1538 5200 monachi
1555 5137 1687 5216 possint,
1705 5139 1825 5201 abbatis
1842 5157 1894 5217 ge·
1915 5115 2106 5160 ¹¹¹⁰¹¹³“'¹⁰''“‘⁰'

1145 5232 1261 5293 neralis
1283 5232 1426 5304 arbitrio,
1442 5249 1481 5294 ex
1496 5249 1561 5294 uno
1585 5233 1616 5293 ιιι
1638 5232 1776 5296 alterum
1793 5233 1894 5295 libere

1146 5325 1322 5398 transferri,
1347 5333 1389 5399 et,
1414 5326 1610 5402 ubicumque
1633 5326 1659 5386 is
1681 5326 1832 5400 voluerit,
1857 5329 1892 5389 ad

1145 5425 1271 5498 tempus
1284 5421 1335 5481 vel
1353 5427 1510 5500 perpetuo
1522 5420 1681 5482 collocari.
1700 5421 1775 5482 Erus
1787 5429 1895 5483 tamen

1144 5513 1333 5590 prudentiae
1355 5514 1426 5584 erit,
1444 5520 1560 5576 utnon
1584 5519 1707 5576 temere
1723 5515 1895 5576 monachos

1144 5607 1189 5667 sic
1211 5606 1391 5678 transferat,
1415 5608 1469 5669 sed
1494 5607 1597 5668 habita
1613 5608 1737 5669 ratione
1761 5609 1895 5670 necessi-

1145 5701 1214 5762 tatis
1245 5701 1477 5762 monachorum
1500 5707 1531 5762 et
1560 5701 1840 5774 monasteriorum,
1864 5711 1896 5764 et

1145 5793 1299 5855 consultis
1321 5793 1421 5871 prius,
1447 5795 1473 5854 si
1496 5795 1565 5856 fieri
1588 5794 1707 5872 poterit
1727 5801 1780 5856 aut
1801 5811 1895 5874 eupe-

1146 5888 1256 5965 pedire
1278 5887 1478 5960 iudicaverit,
1502 5887 1679 5962 abbatibus,
1701 5889 1756 5966 qui
1778 5889 1897 5951 debent

1144 5981 1250 6059 ipsum
1273 5982 1312 6044 de
1338 5988 1421 6043 statu
1444 5997 1578 6044 suorum
1608 5983 1840 6045 monachorum
1862 6001 1896 6046 ac

1762 6137 1788 6178 ao
