<?xml version="1.0" encoding="UTF-8"?>
<!DOCTYPE html PUBLIC "-//W3C//DTD XHTML 1.0 Transitional//EN"
    "http://www.w3.org/TR/xhtml1/DTD/xhtml1-transitional.dtd">
<html xmlns="http://www.w3.org/1999/xhtml" xml:lang="en" lang="en">
 <head>
  <title>
</title>
<meta http-equiv="Content-Type" content="text/html;charset=utf-8" />
  <meta name='ocr-system' content='tesseract 3.04.00' />
  <meta name='ocr-capabilities' content='ocr_page ocr_carea ocr_par ocr_line ocrx_word'/>
</head>
<body>
  <div class='ocr_page' id='page_1' title='image "./iurispontificii01martgoog_0059.png"; bbox 0 0 4864 6994; ppageno 0'>
   <div class='ocr_carea' id='block_1_1' title="bbox 887 589 1223 649">
    <p class='ocr_par' dir='ltr' id='par_1_1' title="bbox 887 589 1223 649">
     <span class='ocr_line' id='line_1_1' title="bbox 887 589 1223 649; baseline -0.045 0"><span class='ocrx_word' id='word_1_1' title='bbox 887 597 1061 649; x_wconf 75' lang='lat' dir='ltr'>annuemus</span> <span class='ocrx_word' id='word_1_2' title='bbox 1082 596 1133 642; x_wconf 76' lang='grc' dir='ltr'>ΡΡ.</span> <span class='ocrx_word' id='word_1_3' title='bbox 1157 589 1223 638; x_wconf 82' lang='lat' dir='ltr'>xxi.</span> 
     </span>
    </p>
   </div>
   <div class='ocr_carea' id='block_1_2' title="bbox 282 719 1033 3324">
    <p class='ocr_par' dir='ltr' id='par_1_2' title="bbox 282 719 1033 2005">
     <span class='ocr_line' id='line_1_2' title="bbox 283 719 1026 811; baseline -0.024 -16"><span class='ocrx_word' id='word_1_4' title='bbox 283 747 361 811; x_wconf 93' lang='lat' dir='ltr'>quae</span> <span class='ocrx_word' id='word_1_5' title='bbox 378 733 435 793; x_wconf 90' lang='lat' dir='ltr'>bac</span> <span class='ocrx_word' id='word_1_6' title='bbox 450 731 483 792; x_wconf 92' lang='lat' dir='ltr'>in</span> <span class='ocrx_word' id='word_1_7' title='bbox 498 745 535 790; x_wconf 90' lang='lat' dir='ltr'>re</span> <span class='ocrx_word' id='word_1_8' title='bbox 551 736 584 791; x_wconf 90' lang='lat' dir='ltr'>tu</span> <span class='ocrx_word' id='word_1_9' title='bbox 601 727 647 790; x_wconf 90' lang='lat' dir='ltr'>illi</span> <span class='ocrx_word' id='word_1_10' title='bbox 663 721 875 794; x_wconf 89' lang='lat' dir='ltr'>mandaveris,</span> <span class='ocrx_word' id='word_1_11' title='bbox 895 719 1026 781; x_wconf 91' lang='lat' dir='ltr'>omnino</span> 
     </span>
     <span class='ocr_line' id='line_1_3' title="bbox 282 819 1026 905; baseline -0.023 -18"><span class='ocrx_word' id='word_1_12' title='bbox 282 831 441 905; x_wconf 90' lang='lat' dir='ltr'>praestare</span> <span class='ocrx_word' id='word_1_13' title='bbox 464 829 623 886; x_wconf 86' lang='lat' dir='ltr'>teneatur.</span> <span class='ocrx_word' id='word_1_14' title='bbox 640 819 769 894; x_wconf 83' lang='lat' dir='ltr'>Quando</span> <span class='ocrx_word' id='word_1_15' title='bbox 786 822 893 878; x_wconf 88' lang='lat' dir='ltr'>autem</span> <span class='ocrx_word' id='word_1_16' title='bbox 908 826 1026 874; x_wconf 90' lang='lat' dir='ltr'>munus</span> 
     </span>
     <span class='ocr_line' id='line_1_4' title="bbox 283 905 1024 994; baseline -0.023 -14"><span class='ocrx_word' id='word_1_17' title='bbox 283 917 477 988; x_wconf 83' lang='lat' dir='ltr'>huiusmodi,</span> <span class='ocrx_word' id='word_1_18' title='bbox 496 931 561 994; x_wconf 95' lang='lat' dir='ltr'>quo</span> <span class='ocrx_word' id='word_1_19' title='bbox 576 915 608 976; x_wconf 91' lang='lat' dir='ltr'>in</span> <span class='ocrx_word' id='word_1_20' title='bbox 625 911 803 992; x_wconf 91' lang='lat' dir='ltr'>praesentia</span> <span class='ocrx_word' id='word_1_21' title='bbox 818 915 852 970; x_wconf 95' lang='lat' dir='ltr'>tu</span> <span class='ocrx_word' id='word_1_22' title='bbox 868 905 1024 984; x_wconf 85' lang='lat' dir='ltr'>fungeris,</span> 
     </span>
     <span class='ocr_line' id='line_1_5' title="bbox 282 998 1024 1090; baseline -0.023 -16"><span class='ocrx_word' id='word_1_23' title='bbox 282 1007 525 1090; x_wconf 76' lang='lat' dir='ltr'>quomodolibet</span> <span class='ocrx_word' id='word_1_24' title='bbox 546 1024 586 1069; x_wconf 90' lang='lat' dir='ltr'>ex</span> <span class='ocrx_word' id='word_1_25' title='bbox 609 1021 745 1086; x_wconf 88' lang='lat' dir='ltr'>persona</span> <span class='ocrx_word' id='word_1_26' title='bbox 773 1011 826 1064; x_wconf 95' lang='lat' dir='ltr'>tua</span> <span class='ocrx_word' id='word_1_27' title='bbox 854 998 1024 1070; x_wconf 86' lang='lat' dir='ltr'>vacaverit,</span> 
     </span>
     <span class='ocr_line' id='line_1_6' title="bbox 282 1091 1027 1178; baseline -0.023 -10"><span class='ocrx_word' id='word_1_28' title='bbox 282 1105 500 1168; x_wconf 87' lang='lat' dir='ltr'>coadiutorem</span> <span class='ocrx_word' id='word_1_29' title='bbox 512 1109 654 1178; x_wconf 91' lang='lat' dir='ltr'>utsupra</span> <span class='ocrx_word' id='word_1_30' title='bbox 668 1117 684 1160; x_wconf 90' lang='lat' dir='ltr'>a</span> <span class='ocrx_word' id='word_1_31' title='bbox 698 1105 728 1159; x_wconf 88' lang='lat' dir='ltr'>te</span> <span class='ocrx_word' id='word_1_32' title='bbox 745 1096 943 1174; x_wconf 86' lang='lat' dir='ltr'>eligendum,</span> <span class='ocrx_word' id='word_1_33' title='bbox 957 1091 1027 1153; x_wconf 88' lang='lat' dir='ltr'>loco</span> 
     </span>
     <span class='ocr_line' id='line_1_7' title="bbox 283 1182 1033 1272; baseline -0.02 -12"><span class='ocrx_word' id='word_1_34' title='bbox 283 1200 339 1270; x_wconf 91' lang='lat' dir='ltr'>tui,</span> <span class='ocrx_word' id='word_1_35' title='bbox 362 1197 526 1260; x_wconf 83' lang='lat' dir='ltr'>Virarium</span> <span class='ocrx_word' id='word_1_36' title='bbox 548 1193 765 1272; x_wconf 74' lang='lat' dir='ltr'>Apostolicum</span> <span class='ocrx_word' id='word_1_37' title='bbox 789 1186 951 1264; x_wconf 82' lang='lat' dir='ltr'>Tarquini</span> <span class='ocrx_word' id='word_1_38' title='bbox 972 1182 1033 1246; x_wconf 61' lang='lat' dir='ltr'>Oe·v</span> 
     </span>
     <span class='ocr_line' id='line_1_8' title="bbox 284 1277 1028 1359; baseline -0.024 -4"><span class='ocrx_word' id='word_1_39' title='bbox 284 1290 448 1355; x_wconf 89' lang='lat' dir='ltr'>cidentalis</span> <span class='ocrx_word' id='word_1_40' title='bbox 469 1305 542 1352; x_wconf 90' lang='lat' dir='ltr'>cum</span> <span class='ocrx_word' id='word_1_41' title='bbox 566 1287 715 1349; x_wconf 91' lang='lat' dir='ltr'>omnibus</span> <span class='ocrx_word' id='word_1_42' title='bbox 735 1292 767 1346; x_wconf 89' lang='lat' dir='ltr'>et</span> <span class='ocrx_word' id='word_1_43' title='bbox 781 1281 917 1359; x_wconf 83' lang='lat' dir='ltr'>singulis</span> <span class='ocrx_word' id='word_1_44' title='bbox 934 1277 1028 1340; x_wconf 89' lang='lat' dir='ltr'>facul-</span> 
     </span>
     <span class='ocr_line' id='line_1_9' title="bbox 284 1370 1027 1459; baseline -0.023 -11"><span class='ocrx_word' id='word_1_45' title='bbox 284 1385 409 1456; x_wconf 86' lang='lat' dir='ltr'>tatibus,</span> <span class='ocrx_word' id='word_1_46' title='bbox 427 1398 508 1459; x_wconf 89' lang='lat' dir='ltr'>quae</span> <span class='ocrx_word' id='word_1_47' title='bbox 523 1381 581 1443; x_wconf 92' lang='lat' dir='ltr'>tibi</span> <span class='ocrx_word' id='word_1_48' title='bbox 596 1380 718 1442; x_wconf 89' lang='lat' dir='ltr'>ratione</span> <span class='ocrx_word' id='word_1_49' title='bbox 735 1377 828 1440; x_wconf 82' lang='lat' dir='ltr'>oflicii</span> <span class='ocrx_word' id='word_1_50' title='bbox 843 1370 1027 1436; x_wconf 90' lang='lat' dir='ltr'>huiusmodi</span> 
     </span>
     <span class='ocr_line' id='line_1_10' title="bbox 285 1472 1028 1553; baseline -0.02 -13"><span class='ocrx_word' id='word_1_51' title='bbox 285 1498 301 1541; x_wconf 94' lang='lat' dir='ltr'>a</span> <span class='ocrx_word' id='word_1_52' title='bbox 322 1477 402 1540; x_wconf 88' lang='lat' dir='ltr'>Sede</span> <span class='ocrx_word' id='word_1_53' title='bbox 425 1477 482 1538; x_wconf 89' lang='lat' dir='ltr'>bac</span> <span class='ocrx_word' id='word_1_54' title='bbox 504 1473 684 1553; x_wconf 77' lang='lat' dir='ltr'>Apostolica</span> <span class='ocrx_word' id='word_1_55' title='bbox 714 1472 866 1532; x_wconf 83' lang='lat' dir='ltr'>hactenus</span> <span class='ocrx_word' id='word_1_56' title='bbox 895 1481 1028 1544; x_wconf 92' lang='lat' dir='ltr'>quomo-</span> 
     </span>
     <span class='ocr_line' id='line_1_11' title="bbox 286 1567 1028 1640; baseline -0.022 -6"><span class='ocrx_word' id='word_1_57' title='bbox 286 1571 404 1634; x_wconf 86' lang='lat' dir='ltr'>dolibet</span> <span class='ocrx_word' id='word_1_58' title='bbox 422 1583 590 1634; x_wconf 78' lang='lat' dir='ltr'>concessae</span> <span class='ocrx_word' id='word_1_59' title='bbox 607 1571 692 1636; x_wconf 92' lang='lat' dir='ltr'>sunt,</span> <span class='ocrx_word' id='word_1_60' title='bbox 711 1580 796 1626; x_wconf 90' lang='lat' dir='ltr'>nunc</span> <span class='ocrx_word' id='word_1_61' title='bbox 810 1577 869 1640; x_wconf 89' lang='lat' dir='ltr'>pro</span> <span class='ocrx_word' id='word_1_62' title='bbox 885 1567 960 1621; x_wconf 90' lang='lat' dir='ltr'>tunc</span> <span class='ocrx_word' id='word_1_63' title='bbox 976 1575 1028 1619; x_wconf 90' lang='lat' dir='ltr'>au-</span> 
     </span>
     <span class='ocr_line' id='line_1_12' title="bbox 286 1655 1030 1738; baseline -0.019 -12"><span class='ocrx_word' id='word_1_64' title='bbox 286 1663 428 1727; x_wconf 89' lang='lat' dir='ltr'>ctoritate</span> <span class='ocrx_word' id='word_1_65' title='bbox 451 1669 483 1724; x_wconf 90' lang='lat' dir='ltr'>et</span> <span class='ocrx_word' id='word_1_66' title='bbox 506 1668 618 1723; x_wconf 89' lang='lat' dir='ltr'>tenore</span> <span class='ocrx_word' id='word_1_67' title='bbox 641 1657 817 1738; x_wconf 88' lang='lat' dir='ltr'>praesentis</span> <span class='ocrx_word' id='word_1_68' title='bbox 843 1655 975 1716; x_wconf 85' lang='lat' dir='ltr'>facimus</span> <span class='ocrx_word' id='word_1_69' title='bbox 998 1656 1030 1712; x_wconf 90' lang='lat' dir='ltr'>et</span> 
     </span>
     <span class='ocr_line' id='line_1_13' title="bbox 286 1746 1029 1830; baseline -0.017 -12"><span class='ocrx_word' id='word_1_70' title='bbox 286 1756 521 1826; x_wconf 87' lang='lat' dir='ltr'>constituimus,</span> <span class='ocrx_word' id='word_1_71' title='bbox 537 1754 623 1815; x_wconf 85' lang='lat' dir='ltr'>salva</span> <span class='ocrx_word' id='word_1_72' title='bbox 642 1767 771 1830; x_wconf 87' lang='lat' dir='ltr'>semper</span> <span class='ocrx_word' id='word_1_73' title='bbox 793 1751 825 1811; x_wconf 95' lang='lat' dir='ltr'>in</span> <span class='ocrx_word' id='word_1_74' title='bbox 847 1746 1029 1827; x_wconf 83' lang='lat' dir='ltr'>praemissis</span> 
     </span>
     <span class='ocr_line' id='line_1_14' title="bbox 286 1839 1030 1923; baseline -0.017 -12"><span class='ocrx_word' id='word_1_75' title='bbox 286 1850 470 1912; x_wconf 88' lang='lat' dir='ltr'>auctoritate</span> <span class='ocrx_word' id='word_1_76' title='bbox 479 1845 745 1923; x_wconf 81' lang='lat' dir='ltr'>congregationis</span> <span class='ocrx_word' id='word_1_77' title='bbox 759 1843 948 1905; x_wconf 89' lang='lat' dir='ltr'>eorumdem</span> <span class='ocrx_word' id='word_1_78' title='bbox 958 1839 1030 1901; x_wconf 87' lang='lat' dir='ltr'>Car-</span> 
     </span>
     <span class='ocr_line' id='line_1_15' title="bbox 286 1943 448 2005; baseline -0.019 0"><span class='ocrx_word' id='word_1_79' title='bbox 286 1943 448 2005; x_wconf 89' lang='lat' dir='ltr'>dinalium.</span> 
     </span>
    </p>

    <p class='ocr_par' dir='ltr' id='par_1_3' title="bbox 284 2029 1032 3324">
     <span class='ocr_line' id='line_1_16' title="bbox 322 2029 1031 2111; baseline -0.017 -13"><span class='ocrx_word' id='word_1_80' title='bbox 322 2036 391 2111; x_wconf 73' lang='lat'>§3-</span> <span class='ocrx_word' id='word_1_81' title='bbox 415 2035 584 2096; x_wconf 85' lang='lat' dir='ltr'>Praeterea</span> <span class='ocrx_word' id='word_1_82' title='bbox 605 2039 642 2094; x_wconf 93' lang='lat' dir='ltr'>ut</span> <span class='ocrx_word' id='word_1_83' title='bbox 662 2031 748 2094; x_wconf 87' lang='lat' dir='ltr'>idem</span> <span class='ocrx_word' id='word_1_84' title='bbox 775 2029 939 2092; x_wconf 88' lang='lat' dir='ltr'>coadiutor</span> <span class='ocrx_word' id='word_1_85' title='bbox 961 2045 977 2088; x_wconf 94' lang='lat' dir='ltr'>a</span> <span class='ocrx_word' id='word_1_86' title='bbox 999 2033 1031 2087; x_wconf 90' lang='lat' dir='ltr'>te</span> 
     </span>
     <span class='ocr_line' id='line_1_17' title="bbox 285 2117 1031 2205; baseline -0.015 -16"><span class='ocrx_word' id='word_1_87' title='bbox 285 2128 453 2205; x_wconf 80' lang='lat' dir='ltr'>eligendus</span> <span class='ocrx_word' id='word_1_88' title='bbox 475 2127 658 2188; x_wconf 79' lang='lat' dir='ltr'>charactere</span> <span class='ocrx_word' id='word_1_89' title='bbox 683 2130 715 2185; x_wconf 90' lang='lat' dir='ltr'>et</span> <span class='ocrx_word' id='word_1_90' title='bbox 737 2123 832 2185; x_wconf 92' lang='lat' dir='ltr'>titulo</span> <span class='ocrx_word' id='word_1_91' title='bbox 861 2117 1031 2200; x_wconf 87' lang='lat' dir='ltr'>episcopali</span> 
     </span>
     <span class='ocr_line' id='line_1_18' title="bbox 284 2216 1031 2298; baseline -0.012 -16"><span class='ocrx_word' id='word_1_92' title='bbox 284 2221 324 2282; x_wconf 90' lang='lat' dir='ltr'>sil</span> <span class='ocrx_word' id='word_1_93' title='bbox 345 2221 529 2298; x_wconf 81' lang='lat' dir='ltr'>insignitus,</span> <span class='ocrx_word' id='word_1_94' title='bbox 554 2234 594 2280; x_wconf 89' lang='lat' dir='ltr'>ex</span> <span class='ocrx_word' id='word_1_95' title='bbox 627 2233 711 2280; x_wconf 91' lang='lat' dir='ltr'>nunc</span> <span class='ocrx_word' id='word_1_96' title='bbox 734 2216 853 2295; x_wconf 89' lang='lat' dir='ltr'>pariter</span> <span class='ocrx_word' id='word_1_97' title='bbox 875 2231 933 2293; x_wconf 94' lang='lat' dir='ltr'>pro</span> <span class='ocrx_word' id='word_1_98' title='bbox 955 2220 1031 2274; x_wconf 87' lang='lat' dir='ltr'>tunc</span> 
     </span>
     <span class='ocr_line' id='line_1_19' title="bbox 284 2306 1027 2391; baseline -0.016 -14"><span class='ocrx_word' id='word_1_99' title='bbox 284 2315 376 2377; x_wconf 89' lang='lat' dir='ltr'>illum</span> <span class='ocrx_word' id='word_1_100' title='bbox 399 2315 432 2375; x_wconf 94' lang='lat' dir='ltr'>in</span> <span class='ocrx_word' id='word_1_101' title='bbox 454 2314 648 2391; x_wconf 85' lang='lat' dir='ltr'>Episcopum</span> <span class='ocrx_word' id='word_1_102' title='bbox 670 2309 830 2373; x_wconf 82' lang='lat' dir='ltr'>Ecclesiae</span> <span class='ocrx_word' id='word_1_103' title='bbox 853 2306 1027 2370; x_wconf 77' lang='lat' dir='ltr'>Acantben.</span> 
     </span>
     <span class='ocr_line' id='line_1_20' title="bbox 285 2400 1030 2486; baseline -0.016 -15"><span class='ocrx_word' id='word_1_104' title='bbox 285 2415 354 2472; x_wconf 90' lang='lat' dir='ltr'>actu</span> <span class='ocrx_word' id='word_1_105' title='bbox 371 2423 428 2486; x_wconf 88' lang='lat' dir='ltr'>per</span> <span class='ocrx_word' id='word_1_106' title='bbox 444 2407 567 2468; x_wconf 86' lang='lat' dir='ltr'>obitum</span> <span class='ocrx_word' id='word_1_107' title='bbox 583 2404 690 2467; x_wconf 89' lang='lat' dir='ltr'>ultimi</span> <span class='ocrx_word' id='word_1_108' title='bbox 713 2403 799 2464; x_wconf 90' lang='lat' dir='ltr'>illius</span> <span class='ocrx_word' id='word_1_109' title='bbox 815 2400 961 2479; x_wconf 82' lang='lat' dir='ltr'>Episcopi</span> <span class='ocrx_word' id='word_1_110' title='bbox 979 2414 1030 2459; x_wconf 84' lang='lat' dir='ltr'>va-</span> 
     </span>
     <span class='ocr_line' id='line_1_21' title="bbox 285 2492 1031 2578; baseline -0.015 -13"><span class='ocrx_word' id='word_1_111' title='bbox 285 2501 394 2572; x_wconf 86' lang='lat' dir='ltr'>cantis,</span> <span class='ocrx_word' id='word_1_112' title='bbox 409 2515 490 2578; x_wconf 91' lang='lat' dir='ltr'>quae</span> <span class='ocrx_word' id='word_1_113' title='bbox 501 2497 561 2559; x_wconf 93' lang='lat' dir='ltr'>sub</span> <span class='ocrx_word' id='word_1_114' title='bbox 573 2495 819 2574; x_wconf 80' lang='lat' dir='ltr'>Archiepiscopo</span> <span class='ocrx_word' id='word_1_115' title='bbox 832 2492 1031 2554; x_wconf 85' lang='lat' dir='ltr'>Thessaloni-</span> 
     </span>
     <span class='ocr_line' id='line_1_22' title="bbox 285 2587 1031 2671; baseline -0.016 -13"><span class='ocrx_word' id='word_1_116' title='bbox 285 2612 353 2658; x_wconf 89' lang='lat' dir='ltr'>cen.</span> <span class='ocrx_word' id='word_1_117' title='bbox 379 2594 412 2655; x_wconf 91' lang='lat' dir='ltr'>in</span> <span class='ocrx_word' id='word_1_118' title='bbox 431 2592 572 2671; x_wconf 90' lang='lat' dir='ltr'>partibus</span> <span class='ocrx_word' id='word_1_119' title='bbox 588 2590 767 2652; x_wconf 82' lang='lat' dir='ltr'>infidelium</span> <span class='ocrx_word' id='word_1_120' title='bbox 783 2588 902 2658; x_wconf 88' lang='lat' dir='ltr'>existit,</span> <span class='ocrx_word' id='word_1_121' title='bbox 920 2587 1031 2648; x_wconf 90' lang='lat' dir='ltr'>eadem</span> 
     </span>
     <span class='ocr_line' id='line_1_23' title="bbox 285 2679 1029 2756; baseline -0.015 -6"><span class='ocrx_word' id='word_1_122' title='bbox 285 2687 472 2750; x_wconf 89' lang='lat' dir='ltr'>auctoritate</span> <span class='ocrx_word' id='word_1_123' title='bbox 494 2691 602 2746; x_wconf 90' lang='lat' dir='ltr'>nostra</span> <span class='ocrx_word' id='word_1_124' title='bbox 623 2683 776 2744; x_wconf 89' lang='lat' dir='ltr'>concedas</span> <span class='ocrx_word' id='word_1_125' title='bbox 798 2689 830 2742; x_wconf 91' lang='lat' dir='ltr'>et</span> <span class='ocrx_word' id='word_1_126' title='bbox 851 2679 1029 2756; x_wconf 81' lang='lat' dir='ltr'>indulgeas,</span> 
     </span>
     <span class='ocr_line' id='line_1_24' title="bbox 286 2772 1032 2857; baseline -0.015 -15"><span class='ocrx_word' id='word_1_127' title='bbox 286 2781 408 2857; x_wconf 92' lang='lat' dir='ltr'>tibique</span> <span class='ocrx_word' id='word_1_128' title='bbox 430 2778 560 2857; x_wconf 89' lang='lat' dir='ltr'>pariter,</span> <span class='ocrx_word' id='word_1_129' title='bbox 583 2781 620 2838; x_wconf 90' lang='lat' dir='ltr'>ut</span> <span class='ocrx_word' id='word_1_130' title='bbox 641 2775 745 2838; x_wconf 91' lang='lat' dir='ltr'>eidem</span> <span class='ocrx_word' id='word_1_131' title='bbox 768 2772 943 2836; x_wconf 89' lang='lat' dir='ltr'>coadiutori</span> <span class='ocrx_word' id='word_1_132' title='bbox 965 2789 981 2832; x_wconf 93' lang='lat' dir='ltr'>a</span> <span class='ocrx_word' id='word_1_133' title='bbox 1000 2778 1032 2832; x_wconf 88' lang='lat' dir='ltr'>te</span> 
     </span>
     <span class='ocr_line' id='line_1_25' title="bbox 286 2865 1032 2950; baseline -0.011 -14"><span class='ocrx_word' id='word_1_134' title='bbox 286 2872 447 2950; x_wconf 75' lang='lat' dir='ltr'>eligendo,</span> <span class='ocrx_word' id='word_1_135' title='bbox 472 2888 505 2932; x_wconf 91' lang='lat' dir='ltr'>ac</span> <span class='ocrx_word' id='word_1_136' title='bbox 527 2876 636 2949; x_wconf 91' lang='lat' dir='ltr'>postea</span> <span class='ocrx_word' id='word_1_137' title='bbox 657 2869 690 2931; x_wconf 93' lang='lat' dir='ltr'>in</span> <span class='ocrx_word' id='word_1_138' title='bbox 718 2867 911 2946; x_wconf 89' lang='lat' dir='ltr'>Episcopum</span> <span class='ocrx_word' id='word_1_139' title='bbox 934 2865 1032 2928; x_wconf 79' lang='lat' dir='ltr'>lican-</span> 
     </span>
     <span class='ocr_line' id='line_1_26' title="bbox 287 2960 1032 3038; baseline -0.013 -9"><span class='ocrx_word' id='word_1_140' title='bbox 287 2969 375 3030; x_wconf 87' lang='lat' dir='ltr'>tben.</span> <span class='ocrx_word' id='word_1_141' title='bbox 399 2965 586 3028; x_wconf 87' lang='lat' dir='ltr'>auctoritate</span> <span class='ocrx_word' id='word_1_142' title='bbox 609 2969 641 3025; x_wconf 91' lang='lat' dir='ltr'>et</span> <span class='ocrx_word' id='word_1_143' title='bbox 670 2968 783 3024; x_wconf 89' lang='lat' dir='ltr'>tenore</span> <span class='ocrx_word' id='word_1_144' title='bbox 813 2960 960 3038; x_wconf 89' lang='lat' dir='ltr'>praefatis</span> <span class='ocrx_word' id='word_1_145' title='bbox 982 2976 1032 3020; x_wconf 91' lang='lat' dir='ltr'>re-</span> 
     </span>
     <span class='ocr_line' id='line_1_27' title="bbox 285 3053 1032 3136; baseline -0.012 -14"><span class='ocrx_word' id='word_1_146' title='bbox 285 3060 474 3131; x_wconf 90' lang='lat' dir='ltr'>nuntiando,</span> <span class='ocrx_word' id='word_1_147' title='bbox 492 3064 660 3136; x_wconf 79' lang='lat' dir='ltr'>postquam</span> <span class='ocrx_word' id='word_1_148' title='bbox 683 3055 720 3116; x_wconf 95' lang='lat' dir='ltr'>ab</span> <span class='ocrx_word' id='word_1_149' title='bbox 743 3071 782 3116; x_wconf 91' lang='lat' dir='ltr'>eo</span> <span class='ocrx_word' id='word_1_150' title='bbox 804 3053 975 3116; x_wconf 84' lang='lat' dir='ltr'>catholicae</span> <span class='ocrx_word' id='word_1_151' title='bbox 998 3054 1032 3113; x_wconf 88' lang='lat' dir='ltr'>ss-</span> 
     </span>
     <span class='ocr_line' id='line_1_28' title="bbox 287 3146 1032 3232; baseline -0.011 -16"><span class='ocrx_word' id='word_1_152' title='bbox 287 3154 337 3216; x_wconf 92' lang='lat' dir='ltr'>dei</span> <span class='ocrx_word' id='word_1_153' title='bbox 359 3152 594 3232; x_wconf 76' lang='lat' dir='ltr'>professionem</span> <span class='ocrx_word' id='word_1_154' title='bbox 622 3150 710 3211; x_wconf 91' lang='lat' dir='ltr'>iuxta</span> <span class='ocrx_word' id='word_1_155' title='bbox 737 3148 886 3210; x_wconf 91' lang='lat' dir='ltr'>articulos</span> <span class='ocrx_word' id='word_1_156' title='bbox 901 3147 928 3207; x_wconf 87' lang='lat' dir='ltr'>&#39;a</span> <span class='ocrx_word' id='word_1_157' title='bbox 950 3146 1032 3210; x_wconf 86' lang='lat' dir='ltr'>Sede</span> 
     </span>
     <span class='ocr_line' id='line_1_29' title="bbox 286 3239 1029 3324; baseline -0.011 -15"><span class='ocrx_word' id='word_1_158' title='bbox 286 3255 395 3310; x_wconf 90' lang='lat' dir='ltr'>nostra</span> <span class='ocrx_word' id='word_1_159' title='bbox 418 3244 629 3324; x_wconf 87' lang='lat' dir='ltr'>praescriptos</span> <span class='ocrx_word' id='word_1_160' title='bbox 652 3260 685 3305; x_wconf 91' lang='lat' dir='ltr'>ac</span> <span class='ocrx_word' id='word_1_161' title='bbox 707 3248 818 3303; x_wconf 91' lang='lat' dir='ltr'>nostro</span> <span class='ocrx_word' id='word_1_162' title='bbox 841 3247 874 3302; x_wconf 89' lang='lat' dir='ltr'>et</span> <span class='ocrx_word' id='word_1_163' title='bbox 895 3239 926 3301; x_wconf 92' lang='lat' dir='ltr'>S.</span> <span class='ocrx_word' id='word_1_164' title='bbox 944 3240 979 3301; x_wconf 88' lang='lat' dir='ltr'>R.</span> <span class='ocrx_word' id='word_1_165' title='bbox 994 3239 1029 3301; x_wconf 93' lang='lat' dir='ltr'>E.</span> 
     </span>
    </p>
   </div>
   <div class='ocr_carea' id='block_1_3' title="bbox 286 3333 1052 3402">
    <p class='ocr_par' dir='ltr' id='par_1_4' title="bbox 286 3333 1052 3402">
     <span class='ocr_line' id='line_1_30' title="bbox 286 3333 1052 3402; baseline -0.013 1"><span class='ocrx_word' id='word_1_166' title='bbox 286 3341 418 3402; x_wconf 89' lang='lat' dir='ltr'>nomine</span> <span class='ocrx_word' id='word_1_167' title='bbox 447 3337 607 3401; x_wconf 85' lang='lat' dir='ltr'>fidelitatis</span> <span class='ocrx_word' id='word_1_168' title='bbox 638 3335 762 3398; x_wconf 84' lang='lat' dir='ltr'>debitae</span> <span class='ocrx_word' id='word_1_169' title='bbox 790 3334 921 3395; x_wconf 89' lang='lat' dir='ltr'>solitum</span> <span class='ocrx_word' id='word_1_170' title='bbox 950 3333 1052 3395; x_wconf 86' lang='lat' dir='ltr'>iura--</span> 
     </span>
    </p>
   </div>
   <div class='ocr_carea' id='block_1_4' title="bbox 286 3427 1039 5832">
    <p class='ocr_par' dir='ltr' id='par_1_5' title="bbox 286 3427 1034 4240">
     <span class='ocr_line' id='line_1_31' title="bbox 286 3427 1032 3509; baseline -0.013 -12"><span class='ocrx_word' id='word_1_171' title='bbox 286 3441 434 3497; x_wconf 88' lang='lat' dir='ltr'>mentum</span> <span class='ocrx_word' id='word_1_172' title='bbox 456 3431 629 3509; x_wconf 78' lang='lat' dir='ltr'>receperis,</span> <span class='ocrx_word' id='word_1_173' title='bbox 647 3445 765 3490; x_wconf 92' lang='lat' dir='ltr'>munus</span> <span class='ocrx_word' id='word_1_174' title='bbox 786 3427 1032 3490; x_wconf 90' lang='lat' dir='ltr'>consecrationis</span> 
     </span>
     <span class='ocr_line' id='line_1_32' title="bbox 286 3520 1032 3601; baseline -0.013 -11"><span class='ocrx_word' id='word_1_175' title='bbox 286 3527 473 3590; x_wconf 85' lang='lat' dir='ltr'>auctoritate</span> <span class='ocrx_word' id='word_1_176' title='bbox 488 3531 597 3586; x_wconf 89' lang='lat' dir='ltr'>nostra</span> <span class='ocrx_word' id='word_1_177' title='bbox 612 3521 781 3601; x_wconf 89' lang='lat' dir='ltr'>apostolica</span> <span class='ocrx_word' id='word_1_178' title='bbox 796 3521 985 3598; x_wconf 91' lang='lat' dir='ltr'>impendere</span> <span class='ocrx_word' id='word_1_179' title='bbox 997 3520 1032 3580; x_wconf 91' lang='lat' dir='ltr'>li-</span> 
     </span>
     <span class='ocr_line' id='line_1_33' title="bbox 287 3613 1033 3690; baseline -0.012 -6"><span class='ocrx_word' id='word_1_180' title='bbox 287 3622 348 3684; x_wconf 92' lang='lat' dir='ltr'>cite</span> <span class='ocrx_word' id='word_1_181' title='bbox 369 3619 486 3690; x_wconf 88' lang='lat' dir='ltr'>raleas,</span> <span class='ocrx_word' id='word_1_182' title='bbox 511 3617 616 3679; x_wconf 91' lang='lat' dir='ltr'>accitis</span> <span class='ocrx_word' id='word_1_183' title='bbox 639 3622 672 3676; x_wconf 88' lang='lat' dir='ltr'>et</span> <span class='ocrx_word' id='word_1_184' title='bbox 686 3615 719 3676; x_wconf 94' lang='lat' dir='ltr'>in</span> <span class='ocrx_word' id='word_1_185' title='bbox 735 3615 795 3676; x_wconf 88' lang='lat' dir='ltr'>boc</span> <span class='ocrx_word' id='word_1_186' title='bbox 811 3615 868 3675; x_wconf 90' lang='lat' dir='ltr'>tibi</span> <span class='ocrx_word' id='word_1_187' title='bbox 885 3613 1033 3675; x_wconf 87' lang='lat' dir='ltr'>assisten-</span> 
     </span>
     <span class='ocr_line' id='line_1_34' title="bbox 287 3706 1032 3788; baseline -0.011 -12"><span class='ocrx_word' id='word_1_188' title='bbox 287 3715 371 3776; x_wconf 85' lang='lat' dir='ltr'>tibus</span> <span class='ocrx_word' id='word_1_189' title='bbox 394 3710 518 3774; x_wconf 92' lang='lat' dir='ltr'>duobus</span> <span class='ocrx_word' id='word_1_190' title='bbox 535 3707 732 3788; x_wconf 86' lang='lat' dir='ltr'>presbyteris</span> <span class='ocrx_word' id='word_1_191' title='bbox 748 3706 962 3768; x_wconf 90' lang='lat' dir='ltr'>saecularibus</span> <span class='ocrx_word' id='word_1_192' title='bbox 975 3723 1032 3768; x_wconf 90' lang='lat' dir='ltr'>seu</span> 
     </span>
     <span class='ocr_line' id='line_1_35' title="bbox 288 3799 1034 3876; baseline -0.011 -9"><span class='ocrx_word' id='word_1_193' title='bbox 288 3805 427 3868; x_wconf 90' lang='lat' dir='ltr'>cuiusvis</span> <span class='ocrx_word' id='word_1_194' title='bbox 455 3801 587 3873; x_wconf 88' lang='lat' dir='ltr'>ordinis,</span> <span class='ocrx_word' id='word_1_195' title='bbox 611 3799 870 3876; x_wconf 81' lang='lat' dir='ltr'>congregationis</span> <span class='ocrx_word' id='word_1_196' title='bbox 892 3805 925 3860; x_wconf 91' lang='lat' dir='ltr'>et</span> <span class='ocrx_word' id='word_1_197' title='bbox 945 3799 1034 3860; x_wconf 92' lang='lat' dir='ltr'>insti-</span> 
     </span>
     <span class='ocr_line' id='line_1_36' title="bbox 287 3891 1034 3972; baseline -0.012 -12"><span class='ocrx_word' id='word_1_198' title='bbox 287 3898 348 3960; x_wconf 89' lang='lat' dir='ltr'>tuti</span> <span class='ocrx_word' id='word_1_199' title='bbox 369 3895 573 3972; x_wconf 81' lang='lat' dir='ltr'>regularibus</span> <span class='ocrx_word' id='word_1_200' title='bbox 602 3893 698 3954; x_wconf 91' lang='lat' dir='ltr'>lmius</span> <span class='ocrx_word' id='word_1_201' title='bbox 728 3891 818 3953; x_wconf 89' lang='lat' dir='ltr'>Sedis</span> <span class='ocrx_word' id='word_1_202' title='bbox 846 3891 979 3966; x_wconf 83' lang='lat' dir='ltr'>gratiam</span> <span class='ocrx_word' id='word_1_203' title='bbox 1002 3898 1034 3952; x_wconf 92' lang='lat' dir='ltr'>et</span> 
     </span>
     <span class='ocr_line' id='line_1_37' title="bbox 288 3985 1034 4058; baseline -0.015 -4"><span class='ocrx_word' id='word_1_204' title='bbox 288 3991 549 4055; x_wconf 90' lang='lat' dir='ltr'>communionem</span> <span class='ocrx_word' id='word_1_205' title='bbox 572 3985 774 4058; x_wconf 84' lang='lat' dir='ltr'>habentibus,</span> <span class='ocrx_word' id='word_1_206' title='bbox 799 3985 880 4047; x_wconf 90' lang='lat' dir='ltr'>dicta</span> <span class='ocrx_word' id='word_1_207' title='bbox 899 3985 1034 4048; x_wconf 88' lang='lat' dir='ltr'>auetori-</span> 
     </span>
     <span class='ocr_line' id='line_1_38' title="bbox 287 4078 1034 4162; baseline -0.011 -14"><span class='ocrx_word' id='word_1_208' title='bbox 287 4093 351 4148; x_wconf 83' lang='lat' dir='ltr'>tate</span> <span class='ocrx_word' id='word_1_209' title='bbox 376 4084 504 4162; x_wconf 86' lang='lat' dir='ltr'>plenam</span> <span class='ocrx_word' id='word_1_210' title='bbox 526 4087 559 4143; x_wconf 90' lang='lat' dir='ltr'>et</span> <span class='ocrx_word' id='word_1_211' title='bbox 580 4080 714 4141; x_wconf 89' lang='lat' dir='ltr'>liberam</span> <span class='ocrx_word' id='word_1_212' title='bbox 744 4078 916 4140; x_wconf 88' lang='lat' dir='ltr'>tribuimus</span> <span class='ocrx_word' id='word_1_213' title='bbox 939 4079 1034 4140; x_wconf 88' lang='lat' dir='ltr'>iacul-</span> 
     </span>
     <span class='ocr_line' id='line_1_39' title="bbox 288 4185 396 4240; baseline -0.019 0"><span class='ocrx_word' id='word_1_214' title='bbox 288 4185 396 4240; x_wconf 84' lang='lat' dir='ltr'>tatem.</span> 
     </span>
    </p>

    <p class='ocr_par' dir='ltr' id='par_1_6' title="bbox 288 4267 1039 5832">
     <span class='ocr_line' id='line_1_40' title="bbox 327 4267 1035 4347; baseline -0.007 -15"><span class='ocrx_word' id='word_1_215' title='bbox 327 4273 345 4347; x_wconf 76' lang='lat'>§</span> <span class='ocrx_word' id='word_1_216' title='bbox 367 4271 395 4332; x_wconf 81' lang='lat' dir='ltr'>l.</span> <span class='ocrx_word' id='word_1_217' title='bbox 420 4269 578 4332; x_wconf 85' lang='lat' dir='ltr'>Volumus</span> <span class='ocrx_word' id='word_1_218' title='bbox 599 4275 718 4338; x_wconf 89' lang='lat' dir='ltr'>tamen,</span> <span class='ocrx_word' id='word_1_219' title='bbox 737 4267 914 4343; x_wconf 87' lang='lat' dir='ltr'>eademque</span> <span class='ocrx_word' id='word_1_220' title='bbox 930 4273 1035 4328; x_wconf 91' lang='lat' dir='ltr'>aucto·</span> 
     </span>
     <span class='ocr_line' id='line_1_41' title="bbox 288 4359 1032 4443; baseline -0.009 -17"><span class='ocrx_word' id='word_1_221' title='bbox 288 4366 381 4426; x_wconf 87' lang='lat' dir='ltr'>ritate</span> <span class='ocrx_word' id='word_1_222' title='bbox 404 4362 616 4443; x_wconf 90' lang='lat' dir='ltr'>praecipimus</span> <span class='ocrx_word' id='word_1_223' title='bbox 638 4367 734 4437; x_wconf 89' lang='lat' dir='ltr'>atque</span> <span class='ocrx_word' id='word_1_224' title='bbox 757 4359 972 4430; x_wconf 90' lang='lat' dir='ltr'>decernimus,</span> <span class='ocrx_word' id='word_1_225' title='bbox 986 4366 1032 4431; x_wconf 84' lang='lat' dir='ltr'>ul,</span> 
     </span>
     <span class='ocr_line' id='line_1_42' title="bbox 289 4453 1035 4535; baseline -0.008 -17"><span class='ocrx_word' id='word_1_226' title='bbox 289 4458 350 4519; x_wconf 91' lang='lat' dir='ltr'>nisi</span> <span class='ocrx_word' id='word_1_227' title='bbox 372 4456 509 4535; x_wconf 90' lang='lat' dir='ltr'>receptis</span> <span class='ocrx_word' id='word_1_228' title='bbox 538 4453 653 4516; x_wconf 91' lang='lat' dir='ltr'>abillo</span> <span class='ocrx_word' id='word_1_229' title='bbox 681 4469 739 4532; x_wconf 90' lang='lat' dir='ltr'>per</span> <span class='ocrx_word' id='word_1_230' title='bbox 761 4459 792 4514; x_wconf 87' lang='lat' dir='ltr'>te</span> <span class='ocrx_word' id='word_1_231' title='bbox 821 4453 926 4530; x_wconf 91' lang='lat' dir='ltr'>ipsum</span> <span class='ocrx_word' id='word_1_232' title='bbox 954 4453 1035 4514; x_wconf 92' lang='lat' dir='ltr'>iura-</span> 
     </span>
     <span class='ocr_line' id='line_1_43' title="bbox 290 4545 1035 4627; baseline -0.008 -15"><span class='ocrx_word' id='word_1_233' title='bbox 290 4557 399 4612; x_wconf 89' lang='lat' dir='ltr'>mento</span> <span class='ocrx_word' id='word_1_234' title='bbox 421 4556 454 4611; x_wconf 88' lang='lat' dir='ltr'>et</span> <span class='ocrx_word' id='word_1_235' title='bbox 475 4547 673 4627; x_wconf 84' lang='lat' dir='ltr'>professione</span> <span class='ocrx_word' id='word_1_236' title='bbox 696 4546 769 4608; x_wconf 85' lang='lat' dir='ltr'>fidei</span> <span class='ocrx_word' id='word_1_237' title='bbox 786 4545 982 4618; x_wconf 90' lang='lat' dir='ltr'>huiusmodi,</span> <span class='ocrx_word' id='word_1_238' title='bbox 1002 4553 1035 4607; x_wconf 92' lang='lat' dir='ltr'>tu</span> 
     </span>
     <span class='ocr_line' id='line_1_44' title="bbox 290 4639 1036 4706; baseline -0.009 0"><span class='ocrx_word' id='word_1_239' title='bbox 290 4643 536 4706; x_wconf 89' lang='lat' dir='ltr'>consecrationis</span> <span class='ocrx_word' id='word_1_240' title='bbox 553 4657 670 4702; x_wconf 90' lang='lat' dir='ltr'>munus</span> <span class='ocrx_word' id='word_1_241' title='bbox 687 4641 771 4702; x_wconf 88' lang='lat' dir='ltr'>dieto</span> <span class='ocrx_word' id='word_1_242' title='bbox 787 4639 963 4702; x_wconf 88' lang='lat' dir='ltr'>coadiutori</span> <span class='ocrx_word' id='word_1_243' title='bbox 978 4639 1036 4700; x_wconf 93' lang='lat' dir='ltr'>im-</span> 
     </span>
     <span class='ocr_line' id='line_1_45' title="bbox 289 4733 1036 4814; baseline -0.007 -16"><span class='ocrx_word' id='word_1_244' title='bbox 289 4737 443 4814; x_wconf 86' lang='lat' dir='ltr'>pendere,</span> <span class='ocrx_word' id='word_1_245' title='bbox 467 4741 499 4796; x_wconf 90' lang='lat' dir='ltr'>et</span> <span class='ocrx_word' id='word_1_246' title='bbox 520 4733 576 4796; x_wconf 92' lang='lat' dir='ltr'>ille</span> <span class='ocrx_word' id='word_1_247' title='bbox 596 4734 758 4812; x_wconf 89' lang='lat' dir='ltr'>suscipere</span> <span class='ocrx_word' id='word_1_248' title='bbox 786 4733 1036 4810; x_wconf 90' lang='lat' dir='ltr'>praesumpseri-</span> 
     </span>
     <span class='ocr_line' id='line_1_46' title="bbox 291 4825 1037 4906; baseline -0.005 -16"><span class='ocrx_word' id='word_1_249' title='bbox 291 4829 340 4902; x_wconf 91' lang='lat' dir='ltr'>tis,</span> <span class='ocrx_word' id='word_1_250' title='bbox 365 4835 399 4890; x_wconf 94' lang='lat' dir='ltr'>tu</span> <span class='ocrx_word' id='word_1_251' title='bbox 427 4845 443 4888; x_wconf 91' lang='lat' dir='ltr'>a</span> <span class='ocrx_word' id='word_1_252' title='bbox 472 4826 662 4906; x_wconf 86' lang='lat' dir='ltr'>pontificalis</span> <span class='ocrx_word' id='word_1_253' title='bbox 692 4825 784 4886; x_wconf 84' lang='lat' dir='ltr'>oflicii</span> <span class='ocrx_word' id='word_1_254' title='bbox 814 4825 980 4897; x_wconf 87' lang='lat' dir='ltr'>exercitio,</span> <span class='ocrx_word' id='word_1_255' title='bbox 1005 4831 1037 4886; x_wconf 88' lang='lat' dir='ltr'>et</span> 
     </span>
     <span class='ocr_line' id='line_1_47' title="bbox 292 4917 1036 4998; baseline -0.008 -15"><span class='ocrx_word' id='word_1_256' title='bbox 292 4928 353 4984; x_wconf 89' lang='lat' dir='ltr'>tam</span> <span class='ocrx_word' id='word_1_257' title='bbox 375 4922 443 4998; x_wconf 90' lang='lat' dir='ltr'>ipse</span> <span class='ocrx_word' id='word_1_258' title='bbox 466 4935 561 4998; x_wconf 91' lang='lat' dir='ltr'>quam</span> <span class='ocrx_word' id='word_1_259' title='bbox 584 4925 619 4980; x_wconf 86' lang='lat' dir='ltr'>tu</span> <span class='ocrx_word' id='word_1_260' title='bbox 641 4936 657 4979; x_wconf 89' lang='lat' dir='ltr'>a</span> <span class='ocrx_word' id='word_1_261' title='bbox 679 4917 839 4995; x_wconf 83' lang='lat' dir='ltr'>regimine</span> <span class='ocrx_word' id='word_1_262' title='bbox 859 4923 890 4978; x_wconf 90' lang='lat' dir='ltr'>et</span> <span class='ocrx_word' id='word_1_263' title='bbox 905 4917 1036 4978; x_wconf 85' lang='lat' dir='ltr'>adnrini-</span> 
     </span>
     <span class='ocr_line' id='line_1_48' title="bbox 290 5011 1037 5088; baseline -0.005 -12"><span class='ocrx_word' id='word_1_264' title='bbox 290 5015 443 5076; x_wconf 89' lang='lat' dir='ltr'>stratione</span> <span class='ocrx_word' id='word_1_265' title='bbox 466 5012 672 5076; x_wconf 88' lang='lat' dir='ltr'>ecclesiarum</span> <span class='ocrx_word' id='word_1_266' title='bbox 702 5017 885 5074; x_wconf 89' lang='lat' dir='ltr'>vestrarum</span> <span class='ocrx_word' id='word_1_267' title='bbox 908 5026 946 5072; x_wconf 93' lang='lat' dir='ltr'>eo</span> <span class='ocrx_word' id='word_1_268' title='bbox 968 5011 1037 5088; x_wconf 92' lang='lat' dir='ltr'>ipso</span> 
     </span>
     <span class='ocr_line' id='line_1_49' title="bbox 290 5105 1037 5186; baseline -0.005 -18"><span class='ocrx_word' id='word_1_269' title='bbox 290 5108 436 5186; x_wconf 90' lang='lat' dir='ltr'>suspensi</span> <span class='ocrx_word' id='word_1_270' title='bbox 451 5107 531 5168; x_wconf 91' lang='lat' dir='ltr'>sitis.</span> <span class='ocrx_word' id='word_1_271' title='bbox 546 5107 729 5168; x_wconf 84' lang='lat' dir='ltr'>Mandemus</span> <span class='ocrx_word' id='word_1_272' title='bbox 746 5110 915 5183; x_wconf 90' lang='lat' dir='ltr'>propterea</span> <span class='ocrx_word' id='word_1_273' title='bbox 927 5105 958 5164; x_wconf 91' lang='lat' dir='ltr'>in</span> <span class='ocrx_word' id='word_1_274' title='bbox 974 5105 1037 5164; x_wconf 90' lang='lat' dir='ltr'>vir·</span> 
     </span>
     <span class='ocr_line' id='line_1_50' title="bbox 292 5197 1037 5263; baseline -0.007 -1"><span class='ocrx_word' id='word_1_275' title='bbox 292 5207 359 5263; x_wconf 87' lang='lat' dir='ltr'>tute</span> <span class='ocrx_word' id='word_1_276' title='bbox 380 5207 505 5263; x_wconf 87' lang='lat' dir='ltr'>sanctae</span> <span class='ocrx_word' id='word_1_277' title='bbox 528 5199 729 5261; x_wconf 86' lang='lat' dir='ltr'>obedientiae</span> <span class='ocrx_word' id='word_1_278' title='bbox 753 5197 901 5259; x_wconf 90' lang='lat' dir='ltr'>omnibus</span> <span class='ocrx_word' id='word_1_279' title='bbox 925 5205 957 5259; x_wconf 88' lang='lat' dir='ltr'>el</span> <span class='ocrx_word' id='word_1_280' title='bbox 975 5198 1037 5258; x_wconf 91' lang='lat' dir='ltr'>sin-</span> 
     </span>
     <span class='ocr_line' id='line_1_51' title="bbox 292 5293 1038 5370; baseline -0.005 -16"><span class='ocrx_word' id='word_1_281' title='bbox 292 5293 375 5370; x_wconf 80' lang='lat' dir='ltr'>gulis</span> <span class='ocrx_word' id='word_1_282' title='bbox 390 5293 427 5354; x_wconf 93' lang='lat' dir='ltr'>ad</span> <span class='ocrx_word' id='word_1_283' title='bbox 447 5309 527 5370; x_wconf 91' lang='lat' dir='ltr'>quos</span> <span class='ocrx_word' id='word_1_284' title='bbox 543 5297 664 5369; x_wconf 89' lang='lat' dir='ltr'>spectat</span> <span class='ocrx_word' id='word_1_285' title='bbox 682 5307 715 5352; x_wconf 90' lang='lat' dir='ltr'>ac</span> <span class='ocrx_word' id='word_1_286' title='bbox 731 5305 789 5367; x_wconf 89' lang='lat' dir='ltr'>pro</span> <span class='ocrx_word' id='word_1_287' title='bbox 806 5297 952 5368; x_wconf 89' lang='lat' dir='ltr'>tempore</span> <span class='ocrx_word' id='word_1_288' title='bbox 968 5305 1038 5368; x_wconf 91' lang='lat' dir='ltr'>spe-</span> 
     </span>
     <span class='ocr_line' id='line_1_52' title="bbox 291 5384 1038 5463; baseline -0.005 -15"><span class='ocrx_word' id='word_1_289' title='bbox 291 5387 395 5459; x_wconf 90' lang='lat' dir='ltr'>ctabit,</span> <span class='ocrx_word' id='word_1_290' title='bbox 413 5393 450 5448; x_wconf 90' lang='lat' dir='ltr'>ut</span> <span class='ocrx_word' id='word_1_291' title='bbox 464 5387 557 5448; x_wconf 84' lang='lat' dir='ltr'>illuni</span> <span class='ocrx_word' id='word_1_292' title='bbox 573 5401 631 5463; x_wconf 90' lang='lat' dir='ltr'>per</span> <span class='ocrx_word' id='word_1_293' title='bbox 648 5391 679 5446; x_wconf 91' lang='lat' dir='ltr'>te</span> <span class='ocrx_word' id='word_1_294' title='bbox 697 5385 884 5462; x_wconf 75' lang='lat' dir='ltr'>eligendum</span> <span class='ocrx_word' id='word_1_295' title='bbox 900 5384 933 5444; x_wconf 93' lang='lat' dir='ltr'>in</span> <span class='ocrx_word' id='word_1_296' title='bbox 949 5384 1038 5445; x_wconf 92' lang='lat' dir='ltr'>coad-</span> 
     </span>
     <span class='ocr_line' id='line_1_53' title="bbox 291 5477 1038 5555; baseline -0.004 -16"><span class='ocrx_word' id='word_1_297' title='bbox 291 5480 430 5542; x_wconf 90' lang='lat' dir='ltr'>iutorem</span> <span class='ocrx_word' id='word_1_298' title='bbox 462 5479 499 5540; x_wconf 94' lang='lat' dir='ltr'>ad</span> <span class='ocrx_word' id='word_1_299' title='bbox 536 5479 676 5555; x_wconf 83' lang='lat' dir='ltr'>liberum</span> <span class='ocrx_word' id='word_1_300' title='bbox 712 5478 857 5539; x_wconf 89' lang='lat' dir='ltr'>eiusdem</span> <span class='ocrx_word' id='word_1_301' title='bbox 893 5477 1038 5538; x_wconf 89' lang='lat' dir='ltr'>muneris</span> 
     </span>
     <span class='ocr_line' id='line_1_54' title="bbox 292 5571 1039 5648; baseline -0.005 -14"><span class='ocrx_word' id='word_1_302' title='bbox 292 5573 482 5634; x_wconf 83' lang='lat' dir='ltr'>exercitium</span> <span class='ocrx_word' id='word_1_303' title='bbox 494 5572 582 5633; x_wconf 91' lang='lat' dir='ltr'>iuxta</span> <span class='ocrx_word' id='word_1_304' title='bbox 594 5578 743 5632; x_wconf 88' lang='lat' dir='ltr'>tenorem</span> <span class='ocrx_word' id='word_1_305' title='bbox 756 5571 974 5648; x_wconf 87' lang='lat' dir='ltr'>praesentium</span> <span class='ocrx_word' id='word_1_306' title='bbox 990 5585 1039 5631; x_wconf 88' lang='lat' dir='ltr'>re-</span> 
     </span>
     <span class='ocr_line' id='line_1_55' title="bbox 292 5661 1036 5740; baseline -0.005 -16"><span class='ocrx_word' id='word_1_307' title='bbox 292 5663 406 5740; x_wconf 84' lang='lat' dir='ltr'>cipiant</span> <span class='ocrx_word' id='word_1_308' title='bbox 428 5669 459 5724; x_wconf 89' lang='lat' dir='ltr'>et</span> <span class='ocrx_word' id='word_1_309' title='bbox 481 5663 659 5734; x_wconf 88' lang='lat' dir='ltr'>admittant,</span> <span class='ocrx_word' id='word_1_310' title='bbox 683 5661 795 5737; x_wconf 91' lang='lat' dir='ltr'>illique</span> <span class='ocrx_word' id='word_1_311' title='bbox 817 5662 849 5721; x_wconf 91' lang='lat' dir='ltr'>in</span> <span class='ocrx_word' id='word_1_312' title='bbox 876 5661 1036 5732; x_wconf 88' lang='lat' dir='ltr'>omnibus,</span> 
     </span>
     <span class='ocr_line' id='line_1_56' title="bbox 292 5753 1036 5832; baseline -0.004 -15"><span class='ocrx_word' id='word_1_313' title='bbox 292 5770 372 5831; x_wconf 93' lang='lat' dir='ltr'>quae</span> <span class='ocrx_word' id='word_1_314' title='bbox 403 5757 441 5818; x_wconf 91' lang='lat' dir='ltr'>ad</span> <span class='ocrx_word' id='word_1_315' title='bbox 473 5754 659 5817; x_wconf 90' lang='lat' dir='ltr'>huiusmodi</span> <span class='ocrx_word' id='word_1_316' title='bbox 688 5753 827 5816; x_wconf 85' lang='lat' dir='ltr'>officium</span> <span class='ocrx_word' id='word_1_317' title='bbox 856 5754 1036 5832; x_wconf 88' lang='lat' dir='ltr'>pertinent,</span> 
     </span>
    </p>
   </div>
   <div class='ocr_carea' id='block_1_5' title="bbox 334 5968 1012 6150">
    <p class='ocr_par' dir='ltr' id='par_1_7' title="bbox 334 5968 1012 6150">
     <span class='ocr_line' id='line_1_57' title="bbox 334 5968 534 6023; baseline 0.005 -13"><span class='ocrx_word' id='word_1_318' title='bbox 334 5968 362 6023; x_wconf 80' lang='grc' dir='ltr'>(ι)</span> <span class='ocrx_word' id='word_1_319' title='bbox 378 5971 436 6012; x_wconf 81' lang='lat' dir='ltr'>nuc.</span> <span class='ocrx_word' id='word_1_320' title='bbox 452 5969 489 6023; x_wconf 83' lang='lat' dir='ltr'>aa,</span> <span class='ocrx_word' id='word_1_321' title='bbox 502 5969 534 6011; x_wconf 84' lang='lat' dir='ltr'>aa.</span> 
     </span>
     <span class='ocr_line' id='line_1_58' title="bbox 407 6087 1012 6150; baseline -0.003 -16"><span class='ocrx_word' id='word_1_322' title='bbox 407 6090 458 6137; x_wconf 83' lang='lat' dir='ltr'>fur.</span> <span class='ocrx_word' id='word_1_323' title='bbox 477 6091 546 6137; x_wconf 70' lang='lat' dir='ltr'>font.</span> <span class='ocrx_word' id='word_1_324' title='bbox 562 6089 593 6136; x_wconf 82' lang='lat' dir='ltr'>de</span> <span class='ocrx_word' id='word_1_325' title='bbox 611 6091 690 6150; x_wconf 80' lang='lat' dir='ltr'>Prop.</span> <span class='ocrx_word' id='word_1_326' title='bbox 706 6089 768 6136; x_wconf 79' lang='lat' dir='ltr'>Fide</span> <span class='ocrx_word' id='word_1_327' title='bbox 782 6091 865 6136; x_wconf 84' lang='lat' dir='ltr'>Partis</span> <span class='ocrx_word' id='word_1_328' title='bbox 880 6091 897 6135; x_wconf 94' lang='lat' dir='ltr'>l.</span> <span class='ocrx_word' id='word_1_329' title='bbox 914 6087 968 6135; x_wconf 87' lang='lat' dir='ltr'>vol.</span> <span class='ocrx_word' id='word_1_330' title='bbox 986 6091 1012 6134; x_wconf 87' lang='lat' dir='ltr'>v.</span> 
     </span>
    </p>
   </div>
   <div class='ocr_carea' id='block_1_6' title="bbox 1082 685 1829 1347">
    <p class='ocr_par' dir='ltr' id='par_1_8' title="bbox 1082 685 1829 1347">
     <span class='ocr_line' id='line_1_59' title="bbox 1082 685 1828 790; baseline -0.05 -16"><span class='ocrx_word' id='word_1_331' title='bbox 1082 715 1208 790; x_wconf 90' lang='lat' dir='ltr'>praesto</span> <span class='ocrx_word' id='word_1_332' title='bbox 1229 705 1292 766; x_wconf 92' lang='lat' dir='ltr'>sint</span> <span class='ocrx_word' id='word_1_333' title='bbox 1319 707 1413 778; x_wconf 92' lang='lat' dir='ltr'>atque</span> <span class='ocrx_word' id='word_1_334' title='bbox 1436 692 1595 761; x_wconf 90' lang='lat' dir='ltr'>obediant,</span> <span class='ocrx_word' id='word_1_335' title='bbox 1620 685 1755 760; x_wconf 86' lang='lat' dir='ltr'>eiusque</span> <span class='ocrx_word' id='word_1_336' title='bbox 1782 695 1828 738; x_wconf 91' lang='lat' dir='ltr'>sa-</span> 
     </span>
     <span class='ocr_line' id='line_1_60' title="bbox 1082 781 1829 867; baseline -0.05 0"><span class='ocrx_word' id='word_1_337' title='bbox 1082 803 1185 867; x_wconf 89' lang='lat' dir='ltr'>lubria</span> <span class='ocrx_word' id='word_1_338' title='bbox 1207 798 1326 861; x_wconf 90' lang='lat' dir='ltr'>monita</span> <span class='ocrx_word' id='word_1_339' title='bbox 1348 800 1381 854; x_wconf 90' lang='lat' dir='ltr'>et</span> <span class='ocrx_word' id='word_1_340' title='bbox 1402 788 1547 852; x_wconf 89' lang='lat' dir='ltr'>mandata</span> <span class='ocrx_word' id='word_1_341' title='bbox 1568 781 1760 842; x_wconf 89' lang='lat' dir='ltr'>reverenter</span> <span class='ocrx_word' id='word_1_342' title='bbox 1775 787 1829 832; x_wconf 90' lang='lat' dir='ltr'>su-</span> 
     </span>
     <span class='ocr_line' id='line_1_61' title="bbox 1082 865 1828 974; baseline -0.048 -13"><span class='ocrx_word' id='word_1_343' title='bbox 1082 896 1215 974; x_wconf 91' lang='lat' dir='ltr'>scipiant</span> <span class='ocrx_word' id='word_1_344' title='bbox 1233 899 1265 954; x_wconf 90' lang='lat' dir='ltr'>et</span> <span class='ocrx_word' id='word_1_345' title='bbox 1280 885 1447 951; x_wconf 85' lang='lat' dir='ltr'>efficaciter</span> <span class='ocrx_word' id='word_1_346' title='bbox 1466 875 1669 954; x_wconf 89' lang='lat' dir='ltr'>adimpleant,</span> <span class='ocrx_word' id='word_1_347' title='bbox 1687 865 1828 943; x_wconf 88' lang='lat' dir='ltr'>alioquin</span> 
     </span>
     <span class='ocr_line' id='line_1_62' title="bbox 1083 959 1829 1056; baseline -0.047 -4"><span class='ocrx_word' id='word_1_348' title='bbox 1083 987 1274 1052; x_wconf 90' lang='lat' dir='ltr'>sententiam</span> <span class='ocrx_word' id='word_1_349' title='bbox 1297 995 1354 1044; x_wconf 88' lang='lat' dir='ltr'>sen</span> <span class='ocrx_word' id='word_1_350' title='bbox 1376 987 1513 1056; x_wconf 90' lang='lat' dir='ltr'>poenam</span> <span class='ocrx_word' id='word_1_351' title='bbox 1528 981 1623 1047; x_wconf 87' lang='lat' dir='ltr'>quarn</span> <span class='ocrx_word' id='word_1_352' title='bbox 1640 966 1673 1026; x_wconf 90' lang='lat' dir='ltr'>iu</span> <span class='ocrx_word' id='word_1_353' title='bbox 1688 959 1829 1023; x_wconf 89' lang='lat' dir='ltr'>rebelles</span> 
     </span>
     <span class='ocr_line' id='line_1_63' title="bbox 1083 1054 1826 1146; baseline -0.044 -2"><span class='ocrx_word' id='word_1_354' title='bbox 1083 1082 1195 1146; x_wconf 91' lang='lat' dir='ltr'>tulerit</span> <span class='ocrx_word' id='word_1_355' title='bbox 1206 1094 1262 1140; x_wconf 87' lang='lat' dir='ltr'>seu</span> <span class='ocrx_word' id='word_1_356' title='bbox 1274 1075 1335 1136; x_wconf 90' lang='lat' dir='ltr'>rite</span> <span class='ocrx_word' id='word_1_357' title='bbox 1348 1066 1507 1137; x_wconf 86' lang='lat' dir='ltr'>statueris,</span> <span class='ocrx_word' id='word_1_358' title='bbox 1517 1068 1617 1124; x_wconf 91' lang='lat' dir='ltr'>ratam</span> <span class='ocrx_word' id='word_1_359' title='bbox 1626 1054 1826 1122; x_wconf 89' lang='lat' dir='ltr'>babebimus,</span> 
     </span>
     <span class='ocr_line' id='line_1_64' title="bbox 1084 1147 1829 1239; baseline -0.047 1"><span class='ocrx_word' id='word_1_360' title='bbox 1084 1183 1116 1239; x_wconf 91' lang='lat' dir='ltr'>et</span> <span class='ocrx_word' id='word_1_361' title='bbox 1134 1175 1284 1237; x_wconf 88' lang='lat' dir='ltr'>faciemus</span> <span class='ocrx_word' id='word_1_362' title='bbox 1300 1168 1365 1228; x_wconf 83' lang='lat' dir='ltr'>lieo</span> <span class='ocrx_word' id='word_1_363' title='bbox 1384 1161 1569 1225; x_wconf 89' lang='lat' dir='ltr'>auctorante</span> <span class='ocrx_word' id='word_1_364' title='bbox 1585 1167 1687 1228; x_wconf 92' lang='lat' dir='ltr'>usque</span> <span class='ocrx_word' id='word_1_365' title='bbox 1703 1147 1741 1210; x_wconf 90' lang='lat' dir='ltr'>ad</span> <span class='ocrx_word' id='word_1_366' title='bbox 1756 1161 1829 1208; x_wconf 91' lang='lat' dir='ltr'>con·</span> 
     </span>
     <span class='ocr_line' id='line_1_65' title="bbox 1084 1239 1829 1347; baseline -0.046 -14"><span class='ocrx_word' id='word_1_367' title='bbox 1084 1273 1213 1347; x_wconf 85' lang='lat' dir='ltr'>dignam</span> <span class='ocrx_word' id='word_1_368' title='bbox 1242 1259 1488 1326; x_wconf 89' lang='lat' dir='ltr'>satisfactionem</span> <span class='ocrx_word' id='word_1_369' title='bbox 1517 1244 1745 1310; x_wconf 89' lang='lat' dir='ltr'>inviolabiliter</span> <span class='ocrx_word' id='word_1_370' title='bbox 1775 1239 1829 1301; x_wconf 92' lang='lat' dir='ltr'>ob-</span> 
     </span>
    </p>
   </div>
   <div class='ocr_carea' id='block_1_7' title="bbox 1083 1379 1829 1533">
    <p class='ocr_par' dir='ltr' id='par_1_9' title="bbox 1083 1379 1829 1533">
     <span class='ocr_line' id='line_1_66' title="bbox 1083 1379 1829 1533; baseline -0.052 -9"><span class='ocrx_word' id='word_1_371' title='bbox 1083 1379 1293 1533; x_wconf 45' lang='lat' dir='ltr'>seggeNon</span> <span class='ocrx_word' id='word_1_372' title='bbox 1323 1443 1519 1510; x_wconf 90' lang='lat' dir='ltr'>obstantibus</span> <span class='ocrx_word' id='word_1_373' title='bbox 1548 1427 1829 1498; x_wconf 89' lang='lat' dir='ltr'>constitutionibus</span> 
     </span>
    </p>
   </div>
   <div class='ocr_carea' id='block_1_8' title="bbox 1085 1519 1904 3210">
    <p class='ocr_par' dir='ltr' id='par_1_10' title="bbox 1085 1519 1904 2934">
     <span class='ocr_line' id='line_1_67' title="bbox 1085 1519 1829 1616; baseline -0.046 -3"><span class='ocrx_word' id='word_1_374' title='bbox 1085 1559 1117 1613; x_wconf 91' lang='lat' dir='ltr'>et</span> <span class='ocrx_word' id='word_1_375' title='bbox 1139 1544 1392 1612; x_wconf 89' lang='lat' dir='ltr'>ordinationibus</span> <span class='ocrx_word' id='word_1_376' title='bbox 1414 1531 1605 1616; x_wconf 86' lang='lat' dir='ltr'>apostolicis,</span> <span class='ocrx_word' id='word_1_377' title='bbox 1630 1538 1769 1588; x_wconf 91' lang='lat' dir='ltr'>necnon</span> <span class='ocrx_word' id='word_1_378' title='bbox 1785 1519 1829 1582; x_wconf 93' lang='lat' dir='ltr'>di-</span> 
     </span>
     <span class='ocr_line' id='line_1_68' title="bbox 1085 1616 1829 1707; baseline -0.05 1"><span class='ocrx_word' id='word_1_379' title='bbox 1085 1652 1151 1707; x_wconf 86' lang='lat' dir='ltr'>ctae</span> <span class='ocrx_word' id='word_1_380' title='bbox 1174 1641 1325 1704; x_wconf 85' lang='lat' dir='ltr'>ecclesiae</span> <span class='ocrx_word' id='word_1_381' title='bbox 1341 1635 1436 1697; x_wconf 89' lang='lat' dir='ltr'>etiam</span> <span class='ocrx_word' id='word_1_382' title='bbox 1452 1628 1645 1692; x_wconf 90' lang='lat' dir='ltr'>iuramento,</span> <span class='ocrx_word' id='word_1_383' title='bbox 1663 1616 1829 1680; x_wconf 84' lang='lat' dir='ltr'>conflrma-</span> 
     </span>
     <span class='ocr_line' id='line_1_69' title="bbox 1086 1705 1831 1812; baseline -0.044 -13"><span class='ocrx_word' id='word_1_384' title='bbox 1086 1739 1173 1799; x_wconf 91' lang='lat' dir='ltr'>tione</span> <span class='ocrx_word' id='word_1_385' title='bbox 1195 1730 1374 1812; x_wconf 88' lang='lat' dir='ltr'>apostoliea,</span> <span class='ocrx_word' id='word_1_386' title='bbox 1399 1724 1451 1787; x_wconf 86' lang='lat' dir='ltr'>uel</span> <span class='ocrx_word' id='word_1_387' title='bbox 1473 1718 1584 1799; x_wconf 85' lang='lat' dir='ltr'>queris</span> <span class='ocrx_word' id='word_1_388' title='bbox 1606 1711 1757 1775; x_wconf 76' lang='lat' dir='ltr'>firmitate</span> <span class='ocrx_word' id='word_1_389' title='bbox 1772 1705 1831 1767; x_wconf 88' lang='lat' dir='ltr'>alia</span> 
     </span>
     <span class='ocr_line' id='line_1_70' title="bbox 1086 1799 1829 1893; baseline -0.042 -3"><span class='ocrx_word' id='word_1_390' title='bbox 1086 1827 1242 1893; x_wconf 89' lang='lat' dir='ltr'>roboratis</span> <span class='ocrx_word' id='word_1_391' title='bbox 1263 1821 1388 1884; x_wconf 88' lang='lat' dir='ltr'>statutis</span> <span class='ocrx_word' id='word_1_392' title='bbox 1404 1824 1436 1879; x_wconf 87' lang='lat' dir='ltr'>et</span> <span class='ocrx_word' id='word_1_393' title='bbox 1451 1805 1749 1878; x_wconf 89' lang='lat' dir='ltr'>consuetudinibus,</span> <span class='ocrx_word' id='word_1_394' title='bbox 1768 1799 1829 1878; x_wconf 87' lang='lat' dir='ltr'>pri-</span> 
     </span>
     <span class='ocr_line' id='line_1_71' title="bbox 1086 1901 1830 1999; baseline -0.043 -15"><span class='ocrx_word' id='word_1_395' title='bbox 1086 1921 1213 1999; x_wconf 80' lang='lat' dir='ltr'>vilegiis</span> <span class='ocrx_word' id='word_1_396' title='bbox 1230 1932 1369 1996; x_wconf 89' lang='lat' dir='ltr'>quoque,</span> <span class='ocrx_word' id='word_1_397' title='bbox 1384 1909 1528 1978; x_wconf 90' lang='lat' dir='ltr'>indultis,</span> <span class='ocrx_word' id='word_1_398' title='bbox 1543 1910 1574 1966; x_wconf 92' lang='lat' dir='ltr'>et</span> <span class='ocrx_word' id='word_1_399' title='bbox 1589 1901 1691 1964; x_wconf 88' lang='lat' dir='ltr'>literis</span> <span class='ocrx_word' id='word_1_400' title='bbox 1707 1901 1830 1976; x_wconf 89' lang='lat' dir='ltr'>aposto-</span> 
     </span>
     <span class='ocr_line' id='line_1_72' title="bbox 1087 1999 1831 2082; baseline -0.046 -2"><span class='ocrx_word' id='word_1_401' title='bbox 1087 2017 1154 2080; x_wconf 93' lang='lat' dir='ltr'>licis</span> <span class='ocrx_word' id='word_1_402' title='bbox 1170 2017 1202 2076; x_wconf 91' lang='lat' dir='ltr'>in</span> <span class='ocrx_word' id='word_1_403' title='bbox 1218 2009 1415 2075; x_wconf 90' lang='lat' dir='ltr'>contrarium</span> <span class='ocrx_word' id='word_1_404' title='bbox 1431 1999 1680 2082; x_wconf 87' lang='lat' dir='ltr'>praemissorum</span> <span class='ocrx_word' id='word_1_405' title='bbox 1697 2003 1831 2068; x_wconf 92' lang='lat' dir='ltr'>quomo-</span> 
     </span>
     <span class='ocr_line' id='line_1_73' title="bbox 1088 2080 1828 2174; baseline -0.049 0"><span class='ocrx_word' id='word_1_406' title='bbox 1088 2110 1208 2174; x_wconf 88' lang='lat' dir='ltr'>dolibet</span> <span class='ocrx_word' id='word_1_407' title='bbox 1220 2102 1388 2172; x_wconf 91' lang='lat' dir='ltr'>concessis,</span> <span class='ocrx_word' id='word_1_408' title='bbox 1402 2090 1597 2161; x_wconf 85' lang='lat' dir='ltr'>confirmatis</span> <span class='ocrx_word' id='word_1_409' title='bbox 1610 2095 1642 2149; x_wconf 89' lang='lat' dir='ltr'>et</span> <span class='ocrx_word' id='word_1_410' title='bbox 1653 2080 1828 2148; x_wconf 84' lang='lat' dir='ltr'>innovatis:</span> 
     </span>
     <span class='ocr_line' id='line_1_74' title="bbox 1088 2179 1832 2281; baseline -0.047 -14"><span class='ocrx_word' id='word_1_411' title='bbox 1088 2203 1204 2281; x_wconf 90' lang='lat' dir='ltr'>quibus</span> <span class='ocrx_word' id='word_1_412' title='bbox 1226 2197 1375 2262; x_wconf 90' lang='lat' dir='ltr'>omnibus</span> <span class='ocrx_word' id='word_1_413' title='bbox 1398 2198 1430 2254; x_wconf 95' lang='lat' dir='ltr'>et</span> <span class='ocrx_word' id='word_1_414' title='bbox 1443 2185 1580 2264; x_wconf 78' lang='lat' dir='ltr'>singulis</span> <span class='ocrx_word' id='word_1_415' title='bbox 1595 2181 1727 2243; x_wconf 90' lang='lat' dir='ltr'>illorum</span> <span class='ocrx_word' id='word_1_416' title='bbox 1744 2179 1832 2235; x_wconf 90' lang='lat' dir='ltr'>teno-</span> 
     </span>
     <span class='ocr_line' id='line_1_75' title="bbox 1088 2269 1832 2374; baseline -0.047 -15"><span class='ocrx_word' id='word_1_417' title='bbox 1088 2313 1137 2359; x_wconf 90' lang='lat' dir='ltr'>res</span> <span class='ocrx_word' id='word_1_418' title='bbox 1160 2289 1380 2374; x_wconf 89' lang='lat' dir='ltr'>praesentibus</span> <span class='ocrx_word' id='word_1_419' title='bbox 1402 2299 1460 2364; x_wconf 92' lang='lat' dir='ltr'>pro</span> <span class='ocrx_word' id='word_1_420' title='bbox 1479 2282 1574 2359; x_wconf 90' lang='lat' dir='ltr'>plene</span> <span class='ocrx_word' id='word_1_421' title='bbox 1590 2282 1622 2337; x_wconf 89' lang='lat' dir='ltr'>et</span> <span class='ocrx_word' id='word_1_422' title='bbox 1636 2269 1832 2334; x_wconf 84' lang='lat' dir='ltr'>sufficienter</span> 
     </span>
     <span class='ocr_line' id='line_1_76' title="bbox 1088 2363 1832 2468; baseline -0.043 -17"><span class='ocrx_word' id='word_1_423' title='bbox 1088 2386 1259 2468; x_wconf 82' lang='lat' dir='ltr'>expressis,</span> <span class='ocrx_word' id='word_1_424' title='bbox 1283 2401 1316 2445; x_wconf 89' lang='lat' dir='ltr'>ac</span> <span class='ocrx_word' id='word_1_425' title='bbox 1338 2383 1377 2443; x_wconf 89' lang='lat' dir='ltr'>de</span> <span class='ocrx_word' id='word_1_426' title='bbox 1401 2377 1503 2439; x_wconf 89' lang='lat' dir='ltr'>verbo</span> <span class='ocrx_word' id='word_1_427' title='bbox 1525 2373 1562 2435; x_wconf 93' lang='lat' dir='ltr'>ad</span> <span class='ocrx_word' id='word_1_428' title='bbox 1578 2369 1716 2432; x_wconf 86' lang='lat' dir='ltr'>verbum</span> <span class='ocrx_word' id='word_1_429' title='bbox 1732 2363 1832 2424; x_wconf 90' lang='lat' dir='ltr'>inser-</span> 
     </span>
     <span class='ocr_line' id='line_1_77' title="bbox 1087 2460 1832 2548; baseline -0.043 -2"><span class='ocrx_word' id='word_1_430' title='bbox 1087 2485 1125 2546; x_wconf 90' lang='lat' dir='ltr'>tis</span> <span class='ocrx_word' id='word_1_431' title='bbox 1147 2482 1312 2548; x_wconf 88' lang='lat' dir='ltr'>babentes,</span> <span class='ocrx_word' id='word_1_432' title='bbox 1331 2474 1394 2537; x_wconf 89' lang='lat' dir='ltr'>illis</span> <span class='ocrx_word' id='word_1_433' title='bbox 1416 2471 1491 2532; x_wconf 92' lang='lat' dir='ltr'>alias</span> <span class='ocrx_word' id='word_1_434' title='bbox 1507 2468 1540 2528; x_wconf 93' lang='lat' dir='ltr'>in</span> <span class='ocrx_word' id='word_1_435' title='bbox 1555 2480 1613 2526; x_wconf 95' lang='lat' dir='ltr'>suo</span> <span class='ocrx_word' id='word_1_436' title='bbox 1629 2460 1746 2522; x_wconf 91' lang='lat' dir='ltr'>robore</span> <span class='ocrx_word' id='word_1_437' title='bbox 1762 2471 1832 2534; x_wconf 87' lang='lat' dir='ltr'>per-</span> 
     </span>
     <span class='ocr_line' id='line_1_78' title="bbox 1088 2549 1904 2646; baseline -0.044 -6"><span class='ocrx_word' id='word_1_438' title='bbox 1088 2575 1257 2642; x_wconf 89' lang='lat' dir='ltr'>mansuris,</span> <span class='ocrx_word' id='word_1_439' title='bbox 1274 2571 1310 2632; x_wconf 93' lang='lat' dir='ltr'>ad</span> <span class='ocrx_word' id='word_1_440' title='bbox 1333 2565 1583 2646; x_wconf 86' lang='lat' dir='ltr'>praemissorum</span> <span class='ocrx_word' id='word_1_441' title='bbox 1604 2555 1754 2618; x_wconf 85' lang='lat' dir='ltr'>ellectum</span> <span class='ocrx_word' id='word_1_442' title='bbox 1775 2549 1833 2609; x_wconf 90' lang='lat' dir='ltr'>hac</span> <span class='ocrx_word' id='word_1_443' title='bbox 1902 2585 1904 2590; x_wconf 83' lang='lat'><em>.</em></span> 
     </span>
     <span class='ocr_line' id='line_1_79' title="bbox 1087 2642 1833 2738; baseline -0.039 -8"><span class='ocrx_word' id='word_1_444' title='bbox 1087 2671 1157 2733; x_wconf 83' lang='lat' dir='ltr'>vice</span> <span class='ocrx_word' id='word_1_445' title='bbox 1179 2669 1343 2730; x_wconf 81' lang='lat' dir='ltr'>dumtaxat</span> <span class='ocrx_word' id='word_1_446' title='bbox 1363 2657 1544 2738; x_wconf 89' lang='lat' dir='ltr'>specialiter</span> <span class='ocrx_word' id='word_1_447' title='bbox 1564 2657 1596 2713; x_wconf 88' lang='lat' dir='ltr'>et</span> <span class='ocrx_word' id='word_1_448' title='bbox 1611 2660 1763 2727; x_wconf 90' lang='lat' dir='ltr'>expresse</span> <span class='ocrx_word' id='word_1_449' title='bbox 1780 2642 1833 2704; x_wconf 93' lang='lat' dir='ltr'>de-</span> 
     </span>
     <span class='ocr_line' id='line_1_80' title="bbox 1087 2737 1833 2840; baseline -0.044 -13"><span class='ocrx_word' id='word_1_450' title='bbox 1087 2777 1250 2840; x_wconf 83' lang='lat' dir='ltr'>rogamus,</span> <span class='ocrx_word' id='word_1_451' title='bbox 1277 2755 1475 2828; x_wconf 89' lang='lat' dir='ltr'>caeterisque</span> <span class='ocrx_word' id='word_1_452' title='bbox 1504 2743 1672 2810; x_wconf 86' lang='lat' dir='ltr'>contrariis</span> <span class='ocrx_word' id='word_1_453' title='bbox 1703 2737 1833 2815; x_wconf 90' lang='lat' dir='ltr'>quibus-</span> 
     </span>
     <span class='ocr_line' id='line_1_81' title="bbox 1087 2872 1420 2934; baseline -0.039 -14"><span class='ocrx_word' id='word_1_454' title='bbox 1087 2872 1237 2934; x_wconf 89' lang='lat' dir='ltr'>cumque.</span> <span class='ocrx_word' id='word_1_455' title='bbox 1417 2907 1420 2914; x_wconf 88' lang='grc'>,</span> 
     </span>
    </p>

    <p class='ocr_par' dir='ltr' id='par_1_11' title="bbox 1088 2924 1834 3210">
     <span class='ocr_line' id='line_1_82' title="bbox 1127 2924 1834 3018; baseline -0.044 -5"><span class='ocrx_word' id='word_1_456' title='bbox 1127 2951 1240 3012; x_wconf 88' lang='lat' dir='ltr'>Datum</span> <span class='ocrx_word' id='word_1_457' title='bbox 1270 2947 1387 3008; x_wconf 86' lang='lat' dir='ltr'>Rornae</span> <span class='ocrx_word' id='word_1_458' title='bbox 1417 2939 1499 3018; x_wconf 91' lang='lat' dir='ltr'>apud</span> <span class='ocrx_word' id='word_1_459' title='bbox 1525 2935 1557 2997; x_wconf 89' lang='lat' dir='ltr'>S.</span> <span class='ocrx_word' id='word_1_460' title='bbox 1587 2931 1715 2994; x_wconf 88' lang='lat' dir='ltr'>llariam</span> <span class='ocrx_word' id='word_1_461' title='bbox 1741 2924 1834 2986; x_wconf 89' lang='lat' dir='ltr'>llaio-</span> 
     </span>
     <span class='ocr_line' id='line_1_83' title="bbox 1088 3015 1834 3108; baseline -0.043 1"><span class='ocrx_word' id='word_1_462' title='bbox 1088 3061 1158 3108; x_wconf 89' lang='lat' dir='ltr'>rem</span> <span class='ocrx_word' id='word_1_463' title='bbox 1180 3043 1239 3105; x_wconf 91' lang='lat' dir='ltr'>sub</span> <span class='ocrx_word' id='word_1_464' title='bbox 1262 3038 1380 3102; x_wconf 90' lang='lat' dir='ltr'>annulo</span> <span class='ocrx_word' id='word_1_465' title='bbox 1403 3030 1569 3095; x_wconf 89' lang='lat' dir='ltr'>Piscatoris</span> <span class='ocrx_word' id='word_1_466' title='bbox 1590 3028 1641 3090; x_wconf 90' lang='lat' dir='ltr'>die</span> <span class='ocrx_word' id='word_1_467' title='bbox 1657 3039 1747 3086; x_wconf 84' lang='lat' dir='ltr'>xxxx.</span> <span class='ocrx_word' id='word_1_468' title='bbox 1765 3015 1834 3079; x_wconf 90' lang='lat' dir='ltr'>iulii</span> 
     </span>
     <span class='ocr_line' id='line_1_84' title="bbox 1088 3121 1812 3210; baseline -0.039 -8"><span class='ocrx_word' id='word_1_469' title='bbox 1088 3152 1313 3206; x_wconf 71' lang='lat' dir='ltr'>unoocxxxn,</span> <span class='ocrx_word' id='word_1_470' title='bbox 1337 3129 1538 3210; x_wconf 84' lang='lat' dir='ltr'>pontificatus</span> <span class='ocrx_word' id='word_1_471' title='bbox 1560 3121 1661 3210; x_wconf 90' lang='lat' dir='ltr'>nostri</span> <span class='ocrx_word' id='word_1_472' title='bbox 1680 3131 1762 3182; x_wconf 90' lang='lat' dir='ltr'>anno</span> <span class='ocrx_word' id='word_1_473' title='bbox 1777 3130 1812 3174; x_wconf 90' lang='grc' dir='ltr'>ιι.</span> 
     </span>
    </p>
   </div>
   <div class='ocr_carea' id='block_1_9' title="bbox 1345 3326 1583 3342">
    <p class='ocr_par' dir='ltr' id='par_1_12' title="bbox 1345 3326 1583 3342">
     <span class='ocr_line' id='line_1_85' title="bbox 1345 3326 1583 3342; baseline -0.038 0"><span class='ocrx_word' id='word_1_474' title='bbox 1345 3326 1583 3342; x_wconf 53' lang='lat' dir='ltr'>*a—--m</span> 
     </span>
    </p>
   </div>
   <div class='ocr_carea' id='block_1_10' title="bbox 1378 3504 1543 3570">
    <p class='ocr_par' dir='ltr' id='par_1_13' title="bbox 1378 3504 1543 3570">
     <span class='ocr_line' id='line_1_86' title="bbox 1378 3504 1543 3570; baseline -0.03 0"><span class='ocrx_word' id='word_1_475' title='bbox 1378 3504 1543 3570; x_wconf 84' lang='lat' dir='ltr'>xxxvlu.</span> 
     </span>
    </p>
   </div>
   <div class='ocr_carea' id='block_1_11' title="bbox 1090 3675 1835 4054">
    <p class='ocr_par' dir='ltr' id='par_1_14' title="bbox 1090 3675 1835 4054">
     <span class='ocr_line' id='line_1_87' title="bbox 1090 3675 1835 3768; baseline -0.032 0"><span class='ocrx_word' id='word_1_476' title='bbox 1090 3700 1292 3768; x_wconf 77' lang='lat' dir='ltr'>sanctissimi</span> <span class='ocrx_word' id='word_1_477' title='bbox 1322 3695 1450 3758; x_wconf 64' lang='lat' dir='ltr'>Doctrina·</span> <span class='ocrx_word' id='word_1_478' title='bbox 1478 3691 1580 3754; x_wconf 81' lang='lat' dir='ltr'>nostri</span> <span class='ocrx_word' id='word_1_479' title='bbox 1597 3685 1762 3766; x_wconf 58' lang='lat' dir='ltr'>={Grrporii</span> <span class='ocrx_word' id='word_1_480' title='bbox 1789 3675 1835 3746; x_wconf 85' lang='lat' dir='ltr'>di-</span> 
     </span>
     <span class='ocr_line' id='line_1_88' title="bbox 1130 3779 1835 3874; baseline -0.03 -16"><span class='ocrx_word' id='word_1_481' title='bbox 1130 3797 1206 3858; x_wconf 83' lang='lat' dir='ltr'>oinu</span> <span class='ocrx_word' id='word_1_482' title='bbox 1219 3791 1343 3874; x_wconf 87' lang='lat' dir='ltr'>prooid.</span> <span class='ocrx_word' id='word_1_483' title='bbox 1358 3789 1465 3868; x_wconf 83' lang='lat' dir='ltr'>Papae</span> <span class='ocrx_word' id='word_1_484' title='bbox 1481 3784 1556 3845; x_wconf 86' lang='lat' dir='ltr'><em>XVI.</em></span> <span class='ocrx_word' id='word_1_485' title='bbox 1577 3779 1721 3862; x_wconf 81' lang='lat' dir='ltr'>Epistola</span> <span class='ocrx_word' id='word_1_486' title='bbox 1735 3779 1835 3855; x_wconf 79' lang='lat' dir='ltr'>Eaeq-</span> 
     </span>
     <span class='ocr_line' id='line_1_89' title="bbox 1130 3872 1834 3956; baseline -0.033 -4"><span class='ocrx_word' id='word_1_487' title='bbox 1130 3890 1211 3952; x_wconf 86' lang='lat' dir='ltr'>clico</span> <span class='ocrx_word' id='word_1_488' title='bbox 1233 3886 1343 3947; x_wconf 81' lang='lat' dir='ltr'>[lirina</span> <span class='ocrx_word' id='word_1_489' title='bbox 1358 3898 1414 3943; x_wconf 86' lang='lat' dir='ltr'>vos</span> <span class='ocrx_word' id='word_1_490' title='bbox 1430 3879 1470 3942; x_wconf 89' lang='lat' dir='ltr'>od</span> <span class='ocrx_word' id='word_1_491' title='bbox 1487 3872 1834 3956; x_wconf 66' lang='lat' dir='ltr'>omoes&#39;gPatrt&#39;urcbos,</span> 
     </span>
     <span class='ocr_line' id='line_1_90' title="bbox 1131 3967 1833 4054; baseline -0.027 -9"><span class='ocrx_word' id='word_1_492' title='bbox 1131 3982 1300 4049; x_wconf 82' lang='lat' dir='ltr'>Primotes,</span> <span class='ocrx_word' id='word_1_493' title='bbox 1325 3973 1581 4054; x_wconf 73' lang='lat' dir='ltr'>archiepiscopos</span> <span class='ocrx_word' id='word_1_494' title='bbox 1604 3973 1633 4031; x_wconf 84' lang='lat' dir='ltr'>et</span> <span class='ocrx_word' id='word_1_495' title='bbox 1655 3967 1833 4051; x_wconf 78' lang='lat' dir='ltr'>Episcopus.</span> 
     </span>
    </p>
   </div>
   <div class='ocr_carea' id='block_1_12' title="bbox 1264 4154 1658 4229">
    <p class='ocr_par' dir='ltr' id='par_1_15' title="bbox 1264 4154 1658 4229">
     <span class='ocr_line' id='line_1_91' title="bbox 1264 4154 1658 4229; baseline -0.018 0"><span class='ocrx_word' id='word_1_496' title='bbox 1264 4157 1482 4229; x_wconf 72' lang='lat' dir='ltr'>attaediatus</span> <span class='ocrx_word' id='word_1_497' title='bbox 1506 4157 1565 4224; x_wconf 92' lang='grc' dir='ltr'>ΡΡ.</span> <span class='ocrx_word' id='word_1_498' title='bbox 1589 4154 1658 4222; x_wconf 83' lang='lat' dir='ltr'>llll.</span> 
     </span>
    </p>
   </div>
   <div class='ocr_carea' id='block_1_13' title="bbox 1125 4347 1803 4532">
    <p class='ocr_par' dir='ltr' id='par_1_16' title="bbox 1125 4347 1803 4532">
     <span class='ocr_line' id='line_1_92' title="bbox 1291 4347 1637 4422; baseline -0.023 -5"><span class='ocrx_word' id='word_1_499' title='bbox 1291 4349 1489 4416; x_wconf 74' lang='lat' dir='ltr'>venerabiles</span> <span class='ocrx_word' id='word_1_500' title='bbox 1511 4347 1637 4422; x_wconf 86' lang='lat' dir='ltr'>iratres,</span> 
     </span>
     <span class='ocr_line' id='line_1_93' title="bbox 1125 4436 1803 4532; baseline -0.021 -16"><span class='ocrx_word' id='word_1_501' title='bbox 1125 4450 1253 4517; x_wconf 85' lang='lat' dir='ltr'>salutern</span> <span class='ocrx_word' id='word_1_502' title='bbox 1276 4453 1307 4513; x_wconf 88' lang='lat' dir='ltr'>et</span> <span class='ocrx_word' id='word_1_503' title='bbox 1328 4443 1527 4532; x_wconf 83' lang='lat' dir='ltr'>apostolicam</span> <span class='ocrx_word' id='word_1_504' title='bbox 1555 4436 1803 4504; x_wconf 82' lang='lat' dir='ltr'>benedictionem.</span> 
     </span>
    </p>
   </div>
   <div class='ocr_carea' id='block_1_14' title="bbox 1091 4627 1841 5831">
    <p class='ocr_par' dir='ltr' id='par_1_17' title="bbox 1091 4627 1841 5831">
     <span class='ocr_line' id='line_1_94' title="bbox 1132 4627 1839 4706; baseline -0.016 -8"><span class='ocrx_word' id='word_1_505' title='bbox 1132 4635 1237 4698; x_wconf 89' lang='lat' dir='ltr'>Mirari</span> <span class='ocrx_word' id='word_1_506' title='bbox 1259 4651 1315 4697; x_wconf 93' lang='lat' dir='ltr'>vos</span> <span class='ocrx_word' id='word_1_507' title='bbox 1337 4635 1546 4702; x_wconf 88' lang='lat' dir='ltr'>arbitramur,</span> <span class='ocrx_word' id='word_1_508' title='bbox 1571 4631 1657 4706; x_wconf 93' lang='lat' dir='ltr'>quod</span> <span class='ocrx_word' id='word_1_509' title='bbox 1678 4627 1716 4689; x_wconf 91' lang='lat' dir='ltr'>ab</span> <span class='ocrx_word' id='word_1_510' title='bbox 1738 4628 1839 4704; x_wconf 88' lang='lat' dir='ltr'>impo-</span> 
     </span>
     <span class='ocr_line' id='line_1_95' title="bbox 1091 4721 1838 4792; baseline -0.016 -1"><span class='ocrx_word' id='word_1_511' title='bbox 1091 4731 1149 4792; x_wconf 89' lang='lat' dir='ltr'>sita</span> <span class='ocrx_word' id='word_1_512' title='bbox 1164 4736 1290 4792; x_wconf 89' lang='lat' dir='ltr'>nostrae</span> <span class='ocrx_word' id='word_1_513' title='bbox 1305 4726 1478 4790; x_wconf 82' lang='lat' dir='ltr'>budrilitati</span> <span class='ocrx_word' id='word_1_514' title='bbox 1494 4724 1653 4787; x_wconf 87' lang='lat' dir='ltr'>Ecclesiae</span> <span class='ocrx_word' id='word_1_515' title='bbox 1669 4721 1838 4784; x_wconf 90' lang='lat' dir='ltr'>universae</span> 
     </span>
     <span class='ocr_line' id='line_1_96' title="bbox 1093 4811 1839 4903; baseline -0.02 -17"><span class='ocrx_word' id='word_1_516' title='bbox 1093 4824 1317 4903; x_wconf 89' lang='lat' dir='ltr'>procuratione</span> <span class='ocrx_word' id='word_1_517' title='bbox 1347 4821 1490 4882; x_wconf 90' lang='lat' dir='ltr'>nondum</span> <span class='ocrx_word' id='word_1_518' title='bbox 1516 4818 1623 4879; x_wconf 92' lang='lat' dir='ltr'>literas</span> <span class='ocrx_word' id='word_1_519' title='bbox 1649 4815 1686 4876; x_wconf 91' lang='lat' dir='ltr'>ad</span> <span class='ocrx_word' id='word_1_520' title='bbox 1707 4829 1763 4874; x_wconf 88' lang='lat' dir='ltr'>ros</span> <span class='ocrx_word' id='word_1_521' title='bbox 1786 4811 1839 4873; x_wconf 90' lang='lat' dir='ltr'>de-</span> 
     </span>
     <span class='ocr_line' id='line_1_97' title="bbox 1093 4906 1839 4994; baseline -0.02 -14"><span class='ocrx_word' id='word_1_522' title='bbox 1093 4917 1246 4987; x_wconf 90' lang='lat' dir='ltr'>derimus,</span> <span class='ocrx_word' id='word_1_523' title='bbox 1265 4921 1360 4994; x_wconf 89' lang='lat' dir='ltr'>prout</span> <span class='ocrx_word' id='word_1_524' title='bbox 1375 4920 1407 4975; x_wconf 85' lang='lat' dir='ltr'>el</span> <span class='ocrx_word' id='word_1_525' title='bbox 1419 4911 1616 4974; x_wconf 89' lang='lat' dir='ltr'>consuetudo</span> <span class='ocrx_word' id='word_1_526' title='bbox 1631 4907 1683 4969; x_wconf 86' lang='lat' dir='ltr'>vel</span> <span class='ocrx_word' id='word_1_527' title='bbox 1700 4906 1839 4985; x_wconf 90' lang='lat' dir='ltr'>aprimis</span> 
     </span>
     <span class='ocr_line' id='line_1_98' title="bbox 1094 5000 1840 5087; baseline -0.017 -15"><span class='ocrx_word' id='word_1_528' title='bbox 1094 5009 1292 5087; x_wconf 89' lang='lat' dir='ltr'>temporibus</span> <span class='ocrx_word' id='word_1_529' title='bbox 1305 5008 1429 5068; x_wconf 87' lang='lat' dir='ltr'>invecta</span> <span class='ocrx_word' id='word_1_530' title='bbox 1449 5012 1480 5066; x_wconf 91' lang='lat' dir='ltr'>et</span> <span class='ocrx_word' id='word_1_531' title='bbox 1498 5001 1724 5065; x_wconf 84' lang='lat' dir='ltr'>benevelentia</span> <span class='ocrx_word' id='word_1_532' title='bbox 1739 5000 1771 5060; x_wconf 93' lang='lat' dir='ltr'>in</span> <span class='ocrx_word' id='word_1_533' title='bbox 1784 5014 1840 5060; x_wconf 88' lang='lat' dir='ltr'>vos</span> 
     </span>
     <span class='ocr_line' id='line_1_99' title="bbox 1094 5092 1840 5180; baseline -0.016 -15"><span class='ocrx_word' id='word_1_534' title='bbox 1094 5111 1202 5166; x_wconf 89' lang='lat' dir='ltr'>nostra</span> <span class='ocrx_word' id='word_1_535' title='bbox 1224 5101 1422 5180; x_wconf 88' lang='lat' dir='ltr'>postulasset.</span> <span class='ocrx_word' id='word_1_536' title='bbox 1446 5099 1521 5160; x_wconf 88' lang='lat' dir='ltr'>Erat</span> <span class='ocrx_word' id='word_1_537' title='bbox 1542 5098 1574 5159; x_wconf 93' lang='lat' dir='ltr'>id</span> <span class='ocrx_word' id='word_1_538' title='bbox 1596 5096 1727 5173; x_wconf 88' lang='lat' dir='ltr'>quidem</span> <span class='ocrx_word' id='word_1_539' title='bbox 1749 5092 1840 5155; x_wconf 89' lang='lat' dir='ltr'>nobis</span> 
     </span>
     <span class='ocr_line' id='line_1_100' title="bbox 1095 5188 1840 5266; baseline -0.016 -8"><span class='ocrx_word' id='word_1_540' title='bbox 1095 5193 1233 5258; x_wconf 90' lang='lat' dir='ltr'>maxime</span> <span class='ocrx_word' id='word_1_541' title='bbox 1254 5195 1286 5256; x_wconf 94' lang='lat' dir='ltr'>in</span> <span class='ocrx_word' id='word_1_542' title='bbox 1299 5195 1393 5266; x_wconf 79' lang='lat' dir='ltr'>rotie,</span> <span class='ocrx_word' id='word_1_543' title='bbox 1411 5198 1447 5254; x_wconf 90' lang='lat' dir='ltr'>ut</span> <span class='ocrx_word' id='word_1_544' title='bbox 1462 5191 1666 5254; x_wconf 88' lang='lat' dir='ltr'>dilataremus</span> <span class='ocrx_word' id='word_1_545' title='bbox 1688 5188 1773 5250; x_wconf 94' lang='lat' dir='ltr'>illico</span> <span class='ocrx_word' id='word_1_546' title='bbox 1789 5201 1840 5247; x_wconf 90' lang='lat' dir='ltr'>su-</span> 
     </span>
     <span class='ocr_line' id='line_1_101' title="bbox 1095 5282 1840 5367; baseline -0.017 -15"><span class='ocrx_word' id='word_1_547' title='bbox 1095 5305 1152 5367; x_wconf 94' lang='lat' dir='ltr'>per</span> <span class='ocrx_word' id='word_1_548' title='bbox 1173 5304 1231 5350; x_wconf 89' lang='lat' dir='ltr'>vos</span> <span class='ocrx_word' id='word_1_549' title='bbox 1253 5303 1307 5349; x_wconf 92' lang='lat' dir='ltr'>cor</span> <span class='ocrx_word' id='word_1_550' title='bbox 1336 5293 1496 5357; x_wconf 88' lang='lat' dir='ltr'>nostrum,</span> <span class='ocrx_word' id='word_1_551' title='bbox 1526 5290 1620 5360; x_wconf 91' lang='lat' dir='ltr'>atque</span> <span class='ocrx_word' id='word_1_552' title='bbox 1643 5282 1675 5342; x_wconf 91' lang='lat' dir='ltr'>in</span> <span class='ocrx_word' id='word_1_553' title='bbox 1697 5295 1840 5343; x_wconf 89' lang='lat' dir='ltr'>commu-</span> 
     </span>
     <span class='ocr_line' id='line_1_102' title="bbox 1095 5375 1840 5457; baseline -0.015 -14"><span class='ocrx_word' id='word_1_554' title='bbox 1095 5381 1252 5443; x_wconf 85' lang='lat' dir='ltr'>nicatione</span> <span class='ocrx_word' id='word_1_555' title='bbox 1284 5379 1414 5457; x_wconf 90' lang='lat' dir='ltr'>spiritus</span> <span class='ocrx_word' id='word_1_556' title='bbox 1444 5394 1479 5439; x_wconf 91' lang='lat' dir='ltr'>ea</span> <span class='ocrx_word' id='word_1_557' title='bbox 1504 5391 1561 5438; x_wconf 87' lang='lat' dir='ltr'>vos</span> <span class='ocrx_word' id='word_1_558' title='bbox 1590 5375 1840 5450; x_wconf 90' lang='lat' dir='ltr'>adloqueremur</span> 
     </span>
     <span class='ocr_line' id='line_1_103' title="bbox 1095 5468 1840 5550; baseline -0.009 -17"><span class='ocrx_word' id='word_1_559' title='bbox 1095 5490 1185 5546; x_wconf 89' lang='lat' dir='ltr'>voce,</span> <span class='ocrx_word' id='word_1_560' title='bbox 1210 5489 1271 5550; x_wconf 92' lang='lat' dir='ltr'>qua</span> <span class='ocrx_word' id='word_1_561' title='bbox 1292 5473 1483 5534; x_wconf 86' lang='lat' dir='ltr'>confirmare</span> <span class='ocrx_word' id='word_1_562' title='bbox 1512 5470 1626 5530; x_wconf 89' lang='lat' dir='ltr'>fratres</span> <span class='ocrx_word' id='word_1_563' title='bbox 1648 5468 1682 5529; x_wconf 89' lang='lat' dir='ltr'>in</span> <span class='ocrx_word' id='word_1_564' title='bbox 1704 5481 1840 5545; x_wconf 89' lang='lat' dir='ltr'>persona</span> 
     </span>
     <span class='ocr_line' id='line_1_104' title="bbox 1096 5559 1840 5643; baseline -0.013 -13"><span class='ocrx_word' id='word_1_565' title='bbox 1096 5569 1179 5630; x_wconf 89' lang='lat' dir='ltr'>beati</span> <span class='ocrx_word' id='word_1_566' title='bbox 1194 5567 1280 5628; x_wconf 89' lang='lat' dir='ltr'>Petri</span> <span class='ocrx_word' id='word_1_567' title='bbox 1295 5565 1374 5627; x_wconf 89' lang='lat' dir='ltr'>iussi</span> <span class='ocrx_word' id='word_1_568' title='bbox 1389 5565 1507 5627; x_wconf 92' lang='lat' dir='ltr'>fuimus</span> <span class='ocrx_word' id='word_1_569' title='bbox 1521 5562 1576 5643; x_wconf 88' lang='lat' dir='ltr'>(l).</span> <span class='ocrx_word' id='word_1_570' title='bbox 1601 5559 1723 5623; x_wconf 80' lang='lat' dir='ltr'>Verum</span> <span class='ocrx_word' id='word_1_571' title='bbox 1740 5559 1840 5637; x_wconf 90' lang='lat' dir='ltr'>probe</span> 
     </span>
     <span class='ocr_line' id='line_1_105' title="bbox 1097 5659 1841 5736; baseline -0.007 -15"><span class='ocrx_word' id='word_1_572' title='bbox 1097 5660 1206 5731; x_wconf 92' lang='lat' dir='ltr'>nostis,</span> <span class='ocrx_word' id='word_1_573' title='bbox 1225 5674 1359 5736; x_wconf 90' lang='lat' dir='ltr'>quanam</span> <span class='ocrx_word' id='word_1_574' title='bbox 1376 5659 1535 5719; x_wconf 88' lang='lat' dir='ltr'>malorum</span> <span class='ocrx_word' id='word_1_575' title='bbox 1547 5669 1841 5730; x_wconf 85' lang='lat' dir='ltr'>aerumnarumque</span> 
     </span>
     <span class='ocr_line' id='line_1_106' title="bbox 1096 5749 1841 5831; baseline -0.007 -17"><span class='ocrx_word' id='word_1_576' title='bbox 1096 5752 1235 5831; x_wconf 89' lang='lat' dir='ltr'>procella</span> <span class='ocrx_word' id='word_1_577' title='bbox 1247 5752 1358 5831; x_wconf 91' lang='lat' dir='ltr'>primis</span> <span class='ocrx_word' id='word_1_578' title='bbox 1371 5752 1572 5830; x_wconf 87' lang='lat' dir='ltr'>pontificatus</span> <span class='ocrx_word' id='word_1_579' title='bbox 1581 5749 1684 5811; x_wconf 93' lang='lat' dir='ltr'>nostri</span> <span class='ocrx_word' id='word_1_580' title='bbox 1696 5763 1841 5811; x_wconf 88' lang='lat' dir='ltr'>momen-</span> 
     </span>
    </p>
   </div>
   <div class='ocr_carea' id='block_1_15' title="bbox 0 0 2452 6994">
    <p class='ocr_par' dir='ltr' id='par_1_18' title="bbox 0 0 2452 6994">
     <span class='ocr_line' id='line_1_107' title="bbox 0 0 2452 6994; baseline 0 0"><span class='ocrx_word' id='word_1_581' title='bbox 0 0 2452 6994; x_wconf 95' lang='lat' dir='ltr'> </span> 
     </span>
    </p>
   </div>
   <div class='ocr_carea' id='block_1_16' title="bbox 1771 534 2048 606">
    <p class='ocr_par' dir='ltr' id='par_1_19' title="bbox 1771 534 2048 606">
     <span class='ocr_line' id='line_1_108' title="bbox 1771 534 2048 606; baseline -0.018 -14"><span class='ocrx_word' id='word_1_582' title='bbox 1771 541 1809 606; x_wconf 78' lang='lat' dir='ltr'>qq</span> <span class='ocrx_word' id='word_1_583' title='bbox 1859 536 1912 590; x_wconf 78' lang='lat' dir='ltr'>nn.</span> <span class='ocrx_word' id='word_1_584' title='bbox 1927 536 1957 588; x_wconf 93' lang='lat' dir='ltr'>c.</span> <span class='ocrx_word' id='word_1_585' title='bbox 1979 534 2048 587; x_wconf 82' lang='lat' dir='ltr'>assa</span> 
     </span>
    </p>
   </div>
  </div>
 </body>
</html>
