<?xml version="1.0" encoding="UTF-8"?>
<!DOCTYPE html PUBLIC "-//W3C//DTD XHTML 1.0 Transitional//EN"
    "http://www.w3.org/TR/xhtml1/DTD/xhtml1-transitional.dtd">
<html xmlns="http://www.w3.org/1999/xhtml" xml:lang="en" lang="en">
 <head>
  <title>
</title>
<meta http-equiv="Content-Type" content="text/html;charset=utf-8" />
  <meta name='ocr-system' content='tesseract 3.04.00' />
  <meta name='ocr-capabilities' content='ocr_page ocr_carea ocr_par ocr_line ocrx_word'/>
</head>
<body>
  <div class='ocr_page' id='page_1' title='image "./iurispontificii01martgoog_0359.png"; bbox 0 0 4770 6982; ppageno 0'>
   <div class='ocr_carea' id='block_1_1' title="bbox 927 576 1265 624">
    <p class='ocr_par' dir='ltr' id='par_1_1' title="bbox 927 576 1265 624">
     <span class='ocr_line' id='line_1_1' title="bbox 927 576 1265 624; baseline 0.003 -1"><span class='ocrx_word' id='word_1_1' title='bbox 927 576 1102 623; x_wconf 71' lang='lat' dir='ltr'>euchodius</span> <span class='ocrx_word' id='word_1_2' title='bbox 1124 579 1175 624; x_wconf 86' lang='lat' dir='ltr'>PP.</span> <span class='ocrx_word' id='word_1_3' title='bbox 1200 580 1265 624; x_wconf 82' lang='lat' dir='ltr'>xvi.</span> 
     </span>
    </p>
   </div>
   <div class='ocr_carea' id='block_1_2' title="bbox 320 696 1071 2934">
    <p class='ocr_par' dir='ltr' id='par_1_2' title="bbox 320 696 1071 2934">
     <span class='ocr_line' id='line_1_2' title="bbox 321 696 1071 775; baseline -0.001 -16"><span class='ocrx_word' id='word_1_4' title='bbox 321 697 484 770; x_wconf 91' lang='lat' dir='ltr'>sacrificia,</span> <span class='ocrx_word' id='word_1_5' title='bbox 503 697 664 760; x_wconf 89' lang='lat' dir='ltr'>orationes</span> <span class='ocrx_word' id='word_1_6' title='bbox 680 704 712 759; x_wconf 90' lang='grc'>33</span> <span class='ocrx_word' id='word_1_7' title='bbox 727 698 949 775; x_wconf 81' lang='lat' dir='ltr'>eleemosynas</span> <span class='ocrx_word' id='word_1_8' title='bbox 966 703 997 758; x_wconf 90' lang='lat' dir='ltr'>et</span> <span class='ocrx_word' id='word_1_9' title='bbox 1012 696 1071 758; x_wconf 90' lang='lat' dir='ltr'>alia</span> 
     </span>
     <span class='ocr_line' id='line_1_3' title="bbox 322 791 1071 870; baseline 0 -18"><span class='ocrx_word' id='word_1_10' title='bbox 322 791 446 870; x_wconf 86' lang='lat' dir='ltr'>pietatis</span> <span class='ocrx_word' id='word_1_11' title='bbox 459 791 558 854; x_wconf 90' lang='grc'>3111313</span> <span class='ocrx_word' id='word_1_12' title='bbox 574 808 655 870; x_wconf 89' lang='lat' dir='ltr'>quae</span> <span class='ocrx_word' id='word_1_13' title='bbox 670 809 686 854; x_wconf 93' lang='lat' dir='ltr'>a</span> <span class='ocrx_word' id='word_1_14' title='bbox 701 791 850 854; x_wconf 85' lang='lat' dir='ltr'>fidelihus</span> <span class='ocrx_word' id='word_1_15' title='bbox 871 806 929 869; x_wconf 88' lang='lat' dir='ltr'>pro</span> <span class='ocrx_word' id='word_1_16' title='bbox 952 791 1020 852; x_wconf 90' lang='grc'>31113</span> <span class='ocrx_word' id='word_1_17' title='bbox 1037 793 1071 852; x_wconf 87' lang='lat' dir='ltr'>d-</span> 
     </span>
     <span class='ocr_line' id='line_1_4' title="bbox 322 885 1070 948; baseline -0.001 0"><span class='ocrx_word' id='word_1_18' title='bbox 322 885 445 948; x_wconf 90' lang='lat' dir='ltr'>delibus</span> <span class='ocrx_word' id='word_1_19' title='bbox 467 885 537 948; x_wconf 89' lang='lat' dir='ltr'>fieri</span> <span class='ocrx_word' id='word_1_20' title='bbox 560 893 800 948; x_wconf 86' lang='lat' dir='ltr'>consueverunt</span> <span class='ocrx_word' id='word_1_21' title='bbox 821 887 998 948; x_wconf 86' lang='lat' dir='ltr'>secundnm</span> <span class='ocrx_word' id='word_1_22' title='bbox 1015 885 1070 947; x_wconf 87' lang='lat' dir='ltr'>Ec-</span> 
     </span>
     <span class='ocr_line' id='line_1_5' title="bbox 322 979 1070 1057; baseline 0 -17"><span class='ocrx_word' id='word_1_23' title='bbox 322 979 435 1040; x_wconf 91' lang='lat' dir='ltr'>clesiae</span> <span class='ocrx_word' id='word_1_24' title='bbox 462 979 620 1040; x_wconf 87' lang='lat' dir='ltr'>instituta:</span> <span class='ocrx_word' id='word_1_25' title='bbox 649 979 847 1057; x_wconf 86' lang='lat' dir='ltr'>illorumque</span> <span class='ocrx_word' id='word_1_26' title='bbox 873 980 993 1041; x_wconf 90' lang='lat' dir='ltr'>animas</span> <span class='ocrx_word' id='word_1_27' title='bbox 1016 980 1070 1056; x_wconf 83' lang='lat' dir='ltr'>qui</span> 
     </span>
     <span class='ocr_line' id='line_1_6' title="bbox 322 1072 1070 1151; baseline 0.001 -17"><span class='ocrx_word' id='word_1_28' title='bbox 322 1079 393 1151; x_wconf 90' lang='lat' dir='ltr'>post</span> <span class='ocrx_word' id='word_1_29' title='bbox 414 1072 570 1150; x_wconf 83' lang='lat' dir='ltr'>baptisma</span> <span class='ocrx_word' id='word_1_30' title='bbox 591 1080 776 1151; x_wconf 88' lang='lat' dir='ltr'>susceptum</span> <span class='ocrx_word' id='word_1_31' title='bbox 800 1074 921 1135; x_wconf 89' lang='lat' dir='ltr'>nnllam</span> <span class='ocrx_word' id='word_1_32' title='bbox 938 1074 1070 1135; x_wconf 91' lang='lat' dir='ltr'>omnino</span> 
     </span>
     <span class='ocr_line' id='line_1_7' title="bbox 322 1167 1068 1246; baseline 0.001 -18"><span class='ocrx_word' id='word_1_33' title='bbox 322 1167 441 1246; x_wconf 88' lang='lat' dir='ltr'>peccati</span> <span class='ocrx_word' id='word_1_34' title='bbox 464 1167 619 1230; x_wconf 82' lang='lat' dir='ltr'>maculam</span> <span class='ocrx_word' id='word_1_35' title='bbox 642 1168 862 1239; x_wconf 89' lang='lat' dir='ltr'>incurrerunt,</span> <span class='ocrx_word' id='word_1_36' title='bbox 883 1167 951 1229; x_wconf 91' lang='lat' dir='ltr'>illas</span> <span class='ocrx_word' id='word_1_37' title='bbox 974 1169 1068 1230; x_wconf 86' lang='lat' dir='ltr'>etiam</span> 
     </span>
     <span class='ocr_line' id='line_1_8' title="bbox 322 1261 1069 1338; baseline 0.003 -18"><span class='ocrx_word' id='word_1_38' title='bbox 322 1275 403 1336; x_wconf 87' lang='lat' dir='ltr'>quae</span> <span class='ocrx_word' id='word_1_39' title='bbox 419 1267 490 1338; x_wconf 91' lang='lat' dir='ltr'>post</span> <span class='ocrx_word' id='word_1_40' title='bbox 501 1266 694 1322; x_wconf 88' lang='lat' dir='ltr'>contractam</span> <span class='ocrx_word' id='word_1_41' title='bbox 710 1261 829 1338; x_wconf 90' lang='lat' dir='ltr'>peccati</span> <span class='ocrx_word' id='word_1_42' title='bbox 844 1261 1000 1324; x_wconf 80' lang='lat' dir='ltr'><strong>maculam</strong></span> <span class='ocrx_word' id='word_1_43' title='bbox 1017 1262 1069 1322; x_wconf 90' lang='lat' dir='ltr'>vel</span> 
     </span>
     <span class='ocr_line' id='line_1_9' title="bbox 321 1354 1071 1432; baseline 0.004 -17"><span class='ocrx_word' id='word_1_44' title='bbox 321 1355 355 1416; x_wconf 94' lang='lat' dir='ltr'>in</span> <span class='ocrx_word' id='word_1_45' title='bbox 375 1355 441 1416; x_wconf 90' lang='grc'>3313</span> <span class='ocrx_word' id='word_1_46' title='bbox 457 1354 645 1432; x_wconf 81' lang='lat' dir='ltr'>corporibus</span> <span class='ocrx_word' id='word_1_47' title='bbox 656 1355 710 1416; x_wconf 89' lang='grc'>331</span> <span class='ocrx_word' id='word_1_48' title='bbox 727 1355 847 1418; x_wconf 89' lang='lat' dir='ltr'>eisdem</span> <span class='ocrx_word' id='word_1_49' title='bbox 865 1363 979 1417; x_wconf 83' lang='lat' dir='ltr'>exutae</span> <span class='ocrx_word' id='word_1_50' title='bbox 995 1362 1071 1418; x_wconf 87' lang='lat' dir='ltr'>sunt</span> 
     </span>
     <span class='ocr_line' id='line_1_10' title="bbox 322 1448 1070 1528; baseline -0.003 -16"><span class='ocrx_word' id='word_1_51' title='bbox 322 1455 486 1528; x_wconf 80' lang='lat' dir='ltr'>purgatae,</span> <span class='ocrx_word' id='word_1_52' title='bbox 504 1448 536 1510; x_wconf 96' lang='lat' dir='ltr'>in</span> <span class='ocrx_word' id='word_1_53' title='bbox 552 1449 678 1510; x_wconf 92' lang='lat' dir='ltr'>coelum</span> <span class='ocrx_word' id='word_1_54' title='bbox 699 1465 774 1510; x_wconf 82' lang='lat' dir='ltr'>mox</span> <span class='ocrx_word' id='word_1_55' title='bbox 789 1449 888 1527; x_wconf 84' lang='lat' dir='ltr'>recipi</span> <span class='ocrx_word' id='word_1_56' title='bbox 905 1457 936 1510; x_wconf 92' lang='lat' dir='ltr'>et</span> <span class='ocrx_word' id='word_1_57' title='bbox 950 1449 1070 1512; x_wconf 86' lang='lat' dir='ltr'>intueri</span> 
     </span>
     <span class='ocr_line' id='line_1_11' title="bbox 322 1542 1070 1621; baseline 0 -17"><span class='ocrx_word' id='word_1_58' title='bbox 322 1543 406 1604; x_wconf 92' lang='lat' dir='ltr'>clare</span> <span class='ocrx_word' id='word_1_59' title='bbox 428 1542 532 1621; x_wconf 88' lang='lat' dir='ltr'>ipsum</span> <span class='ocrx_word' id='word_1_60' title='bbox 555 1543 657 1604; x_wconf 88' lang='grc'>113333</span> <span class='ocrx_word' id='word_1_61' title='bbox 681 1543 814 1605; x_wconf 85' lang='lat' dir='ltr'>Trinum</span> <span class='ocrx_word' id='word_1_62' title='bbox 845 1549 877 1604; x_wconf 88' lang='grc'>33</span> <span class='ocrx_word' id='word_1_63' title='bbox 897 1559 999 1604; x_wconf 93' lang='lat' dir='ltr'>unum</span> <span class='ocrx_word' id='word_1_64' title='bbox 1030 1545 1070 1605; x_wconf 92' lang='lat' dir='ltr'>si-</span> 
     </span>
     <span class='ocr_line' id='line_1_12' title="bbox 322 1636 1070 1714; baseline 0 -14"><span class='ocrx_word' id='word_1_65' title='bbox 322 1636 387 1700; x_wconf 89' lang='lat' dir='ltr'>cuti</span> <span class='ocrx_word' id='word_1_66' title='bbox 402 1643 459 1708; x_wconf 88' lang='lat' dir='ltr'>est,</span> <span class='ocrx_word' id='word_1_67' title='bbox 477 1651 535 1714; x_wconf 92' lang='lat' dir='ltr'>pro</span> <span class='ocrx_word' id='word_1_68' title='bbox 550 1637 743 1698; x_wconf 90' lang='lat' dir='ltr'>meritorum</span> <span class='ocrx_word' id='word_1_69' title='bbox 759 1643 867 1699; x_wconf 87' lang='lat' dir='ltr'>tamen</span> <span class='ocrx_word' id='word_1_70' title='bbox 886 1638 1070 1700; x_wconf 90' lang='lat' dir='ltr'>diversitate</span> 
     </span>
     <span class='ocr_line' id='line_1_13' title="bbox 322 1730 1071 1808; baseline 0.003 -16"><span class='ocrx_word' id='word_1_71' title='bbox 322 1730 421 1792; x_wconf 90' lang='lat' dir='ltr'>alium</span> <span class='ocrx_word' id='word_1_72' title='bbox 436 1730 498 1792; x_wconf 93' lang='grc'>3113</span> <span class='ocrx_word' id='word_1_73' title='bbox 513 1730 705 1808; x_wconf 80' lang='lat' dir='ltr'>perfectius3</span> <span class='ocrx_word' id='word_1_74' title='bbox 729 1731 859 1792; x_wconf 86' lang='lat' dir='ltr'>illorum</span> <span class='ocrx_word' id='word_1_75' title='bbox 883 1737 990 1792; x_wconf 92' lang='lat' dir='ltr'>autem</span> <span class='ocrx_word' id='word_1_76' title='bbox 1006 1734 1071 1794; x_wconf 92' lang='lat' dir='ltr'>ani-</span> 
     </span>
     <span class='ocr_line' id='line_1_14' title="bbox 322 1823 1070 1902; baseline 0.005 -18"><span class='ocrx_word' id='word_1_77' title='bbox 322 1840 389 1885; x_wconf 91' lang='lat' dir='ltr'>mas</span> <span class='ocrx_word' id='word_1_78' title='bbox 404 1823 506 1900; x_wconf 89' lang='lat' dir='ltr'>quiin</span> <span class='ocrx_word' id='word_1_79' title='bbox 523 1824 638 1886; x_wconf 87' lang='lat' dir='ltr'>actuali</span> <span class='ocrx_word' id='word_1_80' title='bbox 653 1824 781 1885; x_wconf 85' lang='lat' dir='ltr'>mortali</span> <span class='ocrx_word' id='word_1_81' title='bbox 796 1830 922 1902; x_wconf 90' lang='lat' dir='ltr'>peccato</span> <span class='ocrx_word' id='word_1_82' title='bbox 936 1826 989 1886; x_wconf 88' lang='grc'>331</span> <span class='ocrx_word' id='word_1_83' title='bbox 1001 1826 1070 1888; x_wconf 86' lang='grc'>3313</span> 
     </span>
     <span class='ocr_line' id='line_1_15' title="bbox 322 1917 1070 1995; baseline 0.003 -16"><span class='ocrx_word' id='word_1_84' title='bbox 322 1918 470 1995; x_wconf 82' lang='lat' dir='ltr'>originali</span> <span class='ocrx_word' id='word_1_85' title='bbox 493 1917 662 1990; x_wconf 90' lang='lat' dir='ltr'>decedunt,</span> <span class='ocrx_word' id='word_1_86' title='bbox 678 1934 753 1980; x_wconf 85' lang='lat' dir='ltr'>mox</span> <span class='ocrx_word' id='word_1_87' title='bbox 775 1919 808 1979; x_wconf 96' lang='lat' dir='ltr'>in</span> <span class='ocrx_word' id='word_1_88' title='bbox 830 1919 994 1982; x_wconf 82' lang='lat' dir='ltr'>infernum</span> <span class='ocrx_word' id='word_1_89' title='bbox 1018 1921 1070 1982; x_wconf 91' lang='lat' dir='ltr'>de-</span> 
     </span>
     <span class='ocr_line' id='line_1_16' title="bbox 321 2013 1070 2092; baseline 0.005 -20"><span class='ocrx_word' id='word_1_90' title='bbox 321 2013 487 2084; x_wconf 87' lang='lat' dir='ltr'>scendere,</span> <span class='ocrx_word' id='word_1_91' title='bbox 502 2013 613 2089; x_wconf 90' lang='lat' dir='ltr'>poenis</span> <span class='ocrx_word' id='word_1_92' title='bbox 625 2019 732 2073; x_wconf 52' lang='lat' dir='ltr'>‘tamen</span> <span class='ocrx_word' id='word_1_93' title='bbox 746 2013 923 2090; x_wconf 86' lang='lat' dir='ltr'>disparibus</span> <span class='ocrx_word' id='word_1_94' title='bbox 937 2015 1070 2092; x_wconf 93' lang='lat' dir='ltr'>punien-</span> 
     </span>
     <span class='ocr_line' id='line_1_17' title="bbox 322 2104 1069 2184; baseline 0.005 -18"><span class='ocrx_word' id='word_1_95' title='bbox 322 2105 384 2166; x_wconf 88' lang='lat' dir='ltr'>das.</span> <span class='ocrx_word' id='word_1_96' title='bbox 402 2138 419 2150; x_wconf 90' lang='lat'>-</span> <span class='ocrx_word' id='word_1_97' title='bbox 435 2105 514 2168; x_wconf 89' lang='lat' dir='ltr'>ltem</span> <span class='ocrx_word' id='word_1_98' title='bbox 539 2105 696 2178; x_wconf 79' lang='lat' dir='ltr'>Sanctam,</span> <span class='ocrx_word' id='word_1_99' title='bbox 715 2104 929 2184; x_wconf 88' lang='lat' dir='ltr'>Apostolicam</span> <span class='ocrx_word' id='word_1_100' title='bbox 953 2106 1069 2170; x_wconf 91' lang='lat' dir='ltr'>Sedem</span> 
     </span>
     <span class='ocr_line' id='line_1_18' title="bbox 321 2199 1069 2262; baseline 0.003 -2"><span class='ocrx_word' id='word_1_101' title='bbox 321 2206 353 2260; x_wconf 91' lang='lat' dir='ltr'>et</span> <span class='ocrx_word' id='word_1_102' title='bbox 384 2200 563 2261; x_wconf 87' lang='lat' dir='ltr'>Romanum</span> <span class='ocrx_word' id='word_1_103' title='bbox 595 2199 778 2262; x_wconf 86' lang='lat' dir='ltr'>Pontificem</span> <span class='ocrx_word' id='word_1_104' title='bbox 814 2201 846 2262; x_wconf 96' lang='lat' dir='ltr'>in</span> <span class='ocrx_word' id='word_1_105' title='bbox 878 2201 1069 2262; x_wconf 86' lang='lat' dir='ltr'>universum</span> 
     </span>
     <span class='ocr_line' id='line_1_19' title="bbox 321 2292 1069 2373; baseline 0.005 -19"><span class='ocrx_word' id='word_1_106' title='bbox 321 2292 431 2354; x_wconf 91' lang='lat' dir='ltr'>orbem</span> <span class='ocrx_word' id='word_1_107' title='bbox 456 2301 570 2354; x_wconf 89' lang='lat' dir='ltr'>tenere</span> <span class='ocrx_word' id='word_1_108' title='bbox 585 2293 772 2366; x_wconf 85' lang='lat' dir='ltr'>Primatum,</span> <span class='ocrx_word' id='word_1_109' title='bbox 791 2303 823 2356; x_wconf 91' lang='grc'>33</span> <span class='ocrx_word' id='word_1_110' title='bbox 837 2295 941 2373; x_wconf 89' lang='lat' dir='ltr'>ipsum</span> <span class='ocrx_word' id='word_1_111' title='bbox 958 2297 1069 2358; x_wconf 86' lang='lat' dir='ltr'>Roma-</span> 
     </span>
     <span class='ocr_line' id='line_1_20' title="bbox 320 2386 1070 2452; baseline 0.005 -4"><span class='ocrx_word' id='word_1_112' title='bbox 320 2403 399 2448; x_wconf 92' lang='lat' dir='ltr'>num</span> <span class='ocrx_word' id='word_1_113' title='bbox 425 2386 614 2449; x_wconf 88' lang='lat' dir='ltr'>Pontificem</span> <span class='ocrx_word' id='word_1_114' title='bbox 643 2404 862 2450; x_wconf 89' lang='lat' dir='ltr'>successorem</span> <span class='ocrx_word' id='word_1_115' title='bbox 890 2405 959 2451; x_wconf 90' lang='lat' dir='ltr'>esse</span> <span class='ocrx_word' id='word_1_116' title='bbox 986 2390 1070 2452; x_wconf 89' lang='lat' dir='ltr'>beati</span> 
     </span>
     <span class='ocr_line' id='line_1_21' title="bbox 320 2479 1069 2559; baseline 0.009 -18"><span class='ocrx_word' id='word_1_117' title='bbox 320 2480 406 2541; x_wconf 90' lang='lat' dir='ltr'>Petri</span> <span class='ocrx_word' id='word_1_118' title='bbox 438 2479 592 2558; x_wconf 88' lang='lat' dir='ltr'>Principis</span> <span class='ocrx_word' id='word_1_119' title='bbox 628 2480 856 2559; x_wconf 82' lang='lat' dir='ltr'>Apostolorum</span> <span class='ocrx_word' id='word_1_120' title='bbox 890 2490 921 2544; x_wconf 90' lang='grc'>33</span> <span class='ocrx_word' id='word_1_121' title='bbox 953 2499 1069 2548; x_wconf 88' lang='lat' dir='ltr'>verum</span> 
     </span>
     <span class='ocr_line' id='line_1_22' title="bbox 320 2572 1069 2652; baseline 0.004 -17"><span class='ocrx_word' id='word_1_122' title='bbox 320 2573 439 2635; x_wconf 83' lang='lat' dir='ltr'>Christi</span> <span class='ocrx_word' id='word_1_123' title='bbox 462 2572 624 2635; x_wconf 90' lang='lat' dir='ltr'>Vicarium</span> <span class='ocrx_word' id='word_1_124' title='bbox 653 2575 817 2652; x_wconf 88' lang='lat' dir='ltr'>totiusque</span> <span class='ocrx_word' id='word_1_125' title='bbox 840 2577 1000 2639; x_wconf 84' lang='lat' dir='ltr'>Ecclesiae</span> <span class='ocrx_word' id='word_1_126' title='bbox 1023 2595 1069 2640; x_wconf 91' lang='lat' dir='ltr'>ca-</span> 
     </span>
     <span class='ocr_line' id='line_1_23' title="bbox 321 2667 1070 2749; baseline 0.009 -21"><span class='ocrx_word' id='word_1_127' title='bbox 321 2673 378 2746; x_wconf 93' lang='lat' dir='ltr'>put</span> <span class='ocrx_word' id='word_1_128' title='bbox 399 2673 432 2728; x_wconf 89' lang='grc'>33</span> <span class='ocrx_word' id='word_1_129' title='bbox 454 2667 598 2729; x_wconf 92' lang='lat' dir='ltr'>omnium</span> <span class='ocrx_word' id='word_1_130' title='bbox 621 2669 869 2732; x_wconf 89' lang='lat' dir='ltr'>christianorum</span> <span class='ocrx_word' id='word_1_131' title='bbox 890 2678 1014 2749; x_wconf 86' lang='lat' dir='ltr'>patrem</span> <span class='ocrx_word' id='word_1_132' title='bbox 1036 2691 1070 2735; x_wconf 92' lang='lat' dir='ltr'>ac</span> 
     </span>
     <span class='ocr_line' id='line_1_24' title="bbox 321 2762 1069 2842; baseline 0.008 -20"><span class='ocrx_word' id='word_1_133' title='bbox 321 2762 486 2822; x_wconf 85' lang='lat' dir='ltr'>doctorem</span> <span class='ocrx_word' id='word_1_134' title='bbox 510 2762 665 2824; x_wconf 83' lang='lat' dir='ltr'>existere:</span> <span class='ocrx_word' id='word_1_135' title='bbox 692 2768 725 2824; x_wconf 93' lang='lat' dir='ltr'>et</span> <span class='ocrx_word' id='word_1_136' title='bbox 745 2764 803 2842; x_wconf 91' lang='lat' dir='ltr'>ipsi</span> <span class='ocrx_word' id='word_1_137' title='bbox 818 2765 851 2825; x_wconf 98' lang='lat' dir='ltr'>in</span> <span class='ocrx_word' id='word_1_138' title='bbox 867 2766 960 2828; x_wconf 90' lang='lat' dir='ltr'>heato</span> <span class='ocrx_word' id='word_1_139' title='bbox 975 2765 1069 2829; x_wconf 90' lang='lat' dir='ltr'>Petro</span> 
     </span>
     <span class='ocr_line' id='line_1_25' title="bbox 322 2855 1069 2934; baseline 0.007 -19"><span class='ocrx_word' id='word_1_140' title='bbox 322 2855 470 2933; x_wconf 89' lang='lat' dir='ltr'>pascendi</span> <span class='ocrx_word' id='word_1_141' title='bbox 497 2857 632 2932; x_wconf 88' lang='lat' dir='ltr'>regendi</span> <span class='ocrx_word' id='word_1_142' title='bbox 654 2874 687 2918; x_wconf 92' lang='lat' dir='ltr'>ac</span> <span class='ocrx_word' id='word_1_143' title='bbox 711 2857 909 2934; x_wconf 89' lang='lat' dir='ltr'>gubernandi</span> <span class='ocrx_word' id='word_1_144' title='bbox 939 2862 1069 2922; x_wconf 91' lang='lat' dir='ltr'>univer-</span> 
     </span>
    </p>
   </div>
   <div class='ocr_carea' id='block_1_3' title="bbox 320 2948 1099 3031">
    <p class='ocr_par' dir='ltr' id='par_1_3' title="bbox 320 2948 1099 3031">
     <span class='ocr_line' id='line_1_26' title="bbox 320 2948 1099 3031; baseline 0.01 -22"><span class='ocrx_word' id='word_1_145' title='bbox 320 2948 420 3010; x_wconf 87' lang='lat' dir='ltr'>salem</span> <span class='ocrx_word' id='word_1_146' title='bbox 446 2949 619 3012; x_wconf 87' lang='lat' dir='ltr'>Ecclesiam</span> <span class='ocrx_word' id='word_1_147' title='bbox 648 2968 664 3011; x_wconf 89' lang='lat' dir='ltr'>a</span> <span class='ocrx_word' id='word_1_148' title='bbox 693 2952 828 3014; x_wconf 88' lang='lat' dir='ltr'>Domino</span> <span class='ocrx_word' id='word_1_149' title='bbox 859 2959 970 3016; x_wconf 93' lang='lat' dir='ltr'>nostro</span> <span class='ocrx_word' id='word_1_150' title='bbox 999 2955 1069 3017; x_wconf 90' lang='grc'>1333</span> <span class='ocrx_word' id='word_1_151' title='bbox 1097 2949 1099 3031; x_wconf 74' lang='lat' dir='ltr'>l</span> 
     </span>
    </p>
   </div>
   <div class='ocr_carea' id='block_1_4' title="bbox 1126 697 1906 3014">
    <p class='ocr_par' dir='ltr' id='par_1_4' title="bbox 1126 697 1906 3014">
     <span class='ocr_line' id='line_1_27' title="bbox 1127 697 1878 778; baseline 0.003 -21"><span class='ocrx_word' id='word_1_152' title='bbox 1127 697 1161 758; x_wconf 91' lang='lat' dir='ltr'>in</span> <span class='ocrx_word' id='word_1_153' title='bbox 1176 700 1379 776; x_wconf 87' lang='lat' dir='ltr'>sanguinem,</span> <span class='ocrx_word' id='word_1_154' title='bbox 1395 715 1490 778; x_wconf 82' lang='lat' dir='ltr'>quam</span> <span class='ocrx_word' id='word_1_155' title='bbox 1506 700 1752 763; x_wconf 89' lang='lat' dir='ltr'>conversionem</span> <span class='ocrx_word' id='word_1_156' title='bbox 1765 697 1878 760; x_wconf 92' lang='lat' dir='ltr'>Catho-</span> 
     </span>
     <span class='ocr_line' id='line_1_28' title="bbox 1128 791 1878 873; baseline 0.003 -21"><span class='ocrx_word' id='word_1_157' title='bbox 1128 791 1185 854; x_wconf 90' lang='lat' dir='ltr'>lica</span> <span class='ocrx_word' id='word_1_158' title='bbox 1207 793 1346 856; x_wconf 84' lang='lat' dir='ltr'>Ecclesia</span> <span class='ocrx_word' id='word_1_159' title='bbox 1367 795 1529 873; x_wconf 88' lang='lat' dir='ltr'>aptissime</span> <span class='ocrx_word' id='word_1_160' title='bbox 1557 792 1878 858; x_wconf 80' lang='lat' dir='ltr'>transubstantiatio-</span> 
     </span>
     <span class='ocr_line' id='line_1_29' title="bbox 1128 887 1879 966; baseline 0.003 -20"><span class='ocrx_word' id='word_1_161' title='bbox 1128 901 1198 946; x_wconf 84' lang='lat' dir='ltr'>nem</span> <span class='ocrx_word' id='word_1_162' title='bbox 1221 888 1368 965; x_wconf 89' lang='lat' dir='ltr'>appellat,</span> <span class='ocrx_word' id='word_1_163' title='bbox 1386 895 1418 950; x_wconf 91' lang='lat' dir='ltr'>et</span> <span class='ocrx_word' id='word_1_164' title='bbox 1436 889 1495 950; x_wconf 92' lang='lat' dir='ltr'>sub</span> <span class='ocrx_word' id='word_1_165' title='bbox 1511 903 1702 966; x_wconf 81' lang='lat' dir='ltr'>unaquaque</span> <span class='ocrx_word' id='word_1_166' title='bbox 1725 887 1831 965; x_wconf 87' lang='lat' dir='ltr'>specie</span> <span class='ocrx_word' id='word_1_167' title='bbox 1847 894 1879 948; x_wconf 85' lang='lat' dir='ltr'>et</span> 
     </span>
     <span class='ocr_line' id='line_1_30' title="bbox 1127 979 1878 1061; baseline 0.003 -23"><span class='ocrx_word' id='word_1_168' title='bbox 1127 979 1263 1056; x_wconf 91' lang='lat' dir='ltr'>singulis</span> <span class='ocrx_word' id='word_1_169' title='bbox 1286 981 1441 1058; x_wconf 83' lang='lat' dir='ltr'>cuiusque</span> <span class='ocrx_word' id='word_1_170' title='bbox 1466 983 1584 1061; x_wconf 89' lang='lat' dir='ltr'>speciei</span> <span class='ocrx_word' id='word_1_171' title='bbox 1613 983 1766 1060; x_wconf 90' lang='lat' dir='ltr'>partibus,</span> <span class='ocrx_word' id='word_1_172' title='bbox 1791 996 1878 1058; x_wconf 89' lang='lat' dir='ltr'>sepa-</span> 
     </span>
     <span class='ocr_line' id='line_1_31' title="bbox 1128 1073 1875 1148; baseline 0.004 -15"><span class='ocrx_word' id='word_1_173' title='bbox 1128 1073 1250 1135; x_wconf 90' lang='lat' dir='ltr'>ratione</span> <span class='ocrx_word' id='word_1_174' title='bbox 1273 1075 1363 1148; x_wconf 90' lang='lat' dir='ltr'>lecta,</span> <span class='ocrx_word' id='word_1_175' title='bbox 1389 1083 1492 1138; x_wconf 89' lang='lat' dir='ltr'>totum</span> <span class='ocrx_word' id='word_1_176' title='bbox 1519 1076 1682 1139; x_wconf 82' lang='lat' dir='ltr'>Christum</span> <span class='ocrx_word' id='word_1_177' title='bbox 1706 1075 1875 1138; x_wconf 89' lang='lat' dir='ltr'>contineri.</span> 
     </span>
     <span class='ocr_line' id='line_1_32' title="bbox 1127 1167 1877 1248; baseline 0.003 -20"><span class='ocrx_word' id='word_1_178' title='bbox 1127 1167 1207 1228; x_wconf 88' lang='lat' dir='ltr'>ltem</span> <span class='ocrx_word' id='word_1_179' title='bbox 1229 1177 1353 1248; x_wconf 89' lang='lat' dir='ltr'>septem</span> <span class='ocrx_word' id='word_1_180' title='bbox 1370 1187 1439 1233; x_wconf 90' lang='lat' dir='ltr'>esse</span> <span class='ocrx_word' id='word_1_181' title='bbox 1462 1172 1660 1248; x_wconf 86' lang='lat' dir='ltr'>novaelegis</span> <span class='ocrx_word' id='word_1_182' title='bbox 1682 1176 1877 1234; x_wconf 88' lang='lat' dir='ltr'>sacramenta</span> 
     </span>
     <span class='ocr_line' id='line_1_33' title="bbox 1128 1261 1877 1328; baseline 0.004 -6"><span class='ocrx_word' id='word_1_183' title='bbox 1128 1279 1144 1322; x_wconf 92' lang='lat' dir='ltr'>a</span> <span class='ocrx_word' id='word_1_184' title='bbox 1164 1261 1293 1326; x_wconf 92' lang='lat' dir='ltr'>Christo</span> <span class='ocrx_word' id='word_1_185' title='bbox 1314 1263 1451 1326; x_wconf 90' lang='lat' dir='ltr'>Domino</span> <span class='ocrx_word' id='word_1_186' title='bbox 1474 1273 1585 1328; x_wconf 93' lang='lat' dir='ltr'>nostro</span> <span class='ocrx_word' id='word_1_187' title='bbox 1607 1266 1751 1327; x_wconf 87' lang='lat' dir='ltr'>instituta</span> <span class='ocrx_word' id='word_1_188' title='bbox 1773 1265 1809 1326; x_wconf 92' lang='lat' dir='ltr'>ad</span> <span class='ocrx_word' id='word_1_189' title='bbox 1832 1280 1877 1325; x_wconf 89' lang='grc'>33-</span> 
     </span>
     <span class='ocr_line' id='line_1_34' title="bbox 1128 1356 1877 1436; baseline 0.003 -20"><span class='ocrx_word' id='word_1_190' title='bbox 1128 1356 1229 1418; x_wconf 88' lang='lat' dir='ltr'>lutem</span> <span class='ocrx_word' id='word_1_191' title='bbox 1253 1357 1385 1420; x_wconf 89' lang='lat' dir='ltr'>humani</span> <span class='ocrx_word' id='word_1_192' title='bbox 1408 1359 1548 1436; x_wconf 91' lang='lat' dir='ltr'>generis,</span> <span class='ocrx_word' id='word_1_193' title='bbox 1567 1359 1712 1436; x_wconf 86' lang='lat' dir='ltr'>quamvis</span> <span class='ocrx_word' id='word_1_194' title='bbox 1729 1375 1794 1420; x_wconf 92' lang='lat' dir='ltr'>non</span> <span class='ocrx_word' id='word_1_195' title='bbox 1811 1375 1877 1420; x_wconf 88' lang='lat' dir='ltr'>om-</span> 
     </span>
     <span class='ocr_line' id='line_1_35' title="bbox 1128 1449 1877 1530; baseline 0.004 -20"><span class='ocrx_word' id='word_1_196' title='bbox 1128 1449 1178 1510; x_wconf 89' lang='lat' dir='ltr'>nia</span> <span class='ocrx_word' id='word_1_197' title='bbox 1206 1450 1343 1526; x_wconf 89' lang='lat' dir='ltr'>singulis</span> <span class='ocrx_word' id='word_1_198' title='bbox 1373 1453 1560 1524; x_wconf 88' lang='lat' dir='ltr'>necessaria,</span> <span class='ocrx_word' id='word_1_199' title='bbox 1585 1452 1737 1514; x_wconf 88' lang='lat' dir='ltr'>videlicet</span> <span class='ocrx_word' id='word_1_200' title='bbox 1758 1451 1877 1530; x_wconf 90' lang='lat' dir='ltr'>Baptis-</span> 
     </span>
     <span class='ocr_line' id='line_1_36' title="bbox 1128 1543 1878 1618; baseline 0.004 -14"><span class='ocrx_word' id='word_1_201' title='bbox 1128 1543 1878 1618; x_wconf 85' lang='lat' dir='ltr'>mum,Confirmationom,Eucharistiam,Poe-</span> 
     </span>
     <span class='ocr_line' id='line_1_37' title="bbox 1128 1635 1876 1710; baseline 0.005 -12"><span class='ocrx_word' id='word_1_202' title='bbox 1128 1637 1501 1708; x_wconf 80' lang='lat' dir='ltr'>nitentiamExtremam</span> <span class='ocrx_word' id='word_1_203' title='bbox 1513 1635 1876 1710; x_wconf 87' lang='lat' dir='ltr'>Unctionem,0rdinem</span> 
     </span>
     <span class='ocr_line' id='line_1_38' title="bbox 1128 1731 1874 1808; baseline 0.005 -18"><span class='ocrx_word' id='word_1_204' title='bbox 1128 1737 1160 1791; x_wconf 90' lang='grc'>33</span> <span class='ocrx_word' id='word_1_205' title='bbox 1173 1731 1422 1804; x_wconf 83' lang='lat' dir='ltr'>Matrimonium,</span> <span class='ocrx_word' id='word_1_206' title='bbox 1437 1732 1556 1808; x_wconf 86' lang='lat' dir='ltr'>illaque</span> <span class='ocrx_word' id='word_1_207' title='bbox 1569 1732 1702 1808; x_wconf 90' lang='lat' dir='ltr'>gratiam</span> <span class='ocrx_word' id='word_1_208' title='bbox 1716 1733 1874 1804; x_wconf 84' lang='lat' dir='ltr'>conferre,</span> 
     </span>
     <span class='ocr_line' id='line_1_39' title="bbox 1128 1824 1878 1902; baseline 0.005 -18"><span class='ocrx_word' id='word_1_209' title='bbox 1128 1830 1160 1884; x_wconf 91' lang='grc'>33</span> <span class='ocrx_word' id='word_1_210' title='bbox 1182 1840 1221 1884; x_wconf 82' lang='lat' dir='ltr'>en</span> <span class='ocrx_word' id='word_1_211' title='bbox 1244 1824 1292 1884; x_wconf 91' lang='lat' dir='ltr'>his</span> <span class='ocrx_word' id='word_1_212' title='bbox 1315 1824 1522 1902; x_wconf 82' lang='lat' dir='ltr'>baptismum,</span> <span class='ocrx_word' id='word_1_213' title='bbox 1547 1825 1878 1888; x_wconf 86' lang='lat' dir='ltr'>Confirmationemct</span> 
     </span>
     <span class='ocr_line' id='line_1_40' title="bbox 1127 1917 1877 1998; baseline 0 -18"><span class='ocrx_word' id='word_1_214' title='bbox 1127 1917 1278 1980; x_wconf 82' lang='lat' dir='ltr'>Ordinem</span> <span class='ocrx_word' id='word_1_215' title='bbox 1294 1918 1404 1980; x_wconf 90' lang='lat' dir='ltr'>iterari</span> <span class='ocrx_word' id='word_1_216' title='bbox 1421 1935 1485 1979; x_wconf 96' lang='lat' dir='ltr'>non</span> <span class='ocrx_word' id='word_1_217' title='bbox 1502 1935 1605 1998; x_wconf 89' lang='lat' dir='ltr'>posse.</span> <span class='ocrx_word' id='word_1_218' title='bbox 1625 1952 1641 1964; x_wconf 96' lang='lat'>-</span> <span class='ocrx_word' id='word_1_219' title='bbox 1656 1918 1736 1980; x_wconf 91' lang='lat' dir='ltr'>ltem</span> <span class='ocrx_word' id='word_1_220' title='bbox 1759 1918 1877 1996; x_wconf 90' lang='lat' dir='ltr'>Baptis-</span> 
     </span>
     <span class='ocr_line' id='line_1_41' title="bbox 1128 2012 1877 2084; baseline 0 -10"><span class='ocrx_word' id='word_1_221' title='bbox 1128 2029 1217 2074; x_wconf 91' lang='lat' dir='ltr'>mum</span> <span class='ocrx_word' id='word_1_222' title='bbox 1248 2029 1318 2072; x_wconf 87' lang='lat' dir='ltr'>esse</span> <span class='ocrx_word' id='word_1_223' title='bbox 1352 2013 1568 2074; x_wconf 89' lang='lat' dir='ltr'>necessarium</span> <span class='ocrx_word' id='word_1_224' title='bbox 1596 2013 1631 2074; x_wconf 92' lang='lat' dir='ltr'>ad</span> <span class='ocrx_word' id='word_1_225' title='bbox 1662 2012 1814 2084; x_wconf 85' lang='lat' dir='ltr'>salutem,</span> <span class='ocrx_word' id='word_1_226' title='bbox 1843 2031 1877 2074; x_wconf 90' lang='lat' dir='ltr'>ac</span> 
     </span>
     <span class='ocr_line' id='line_1_42' title="bbox 1128 2105 1875 2184; baseline 0.003 -18"><span class='ocrx_word' id='word_1_227' title='bbox 1128 2106 1272 2184; x_wconf 92' lang='lat' dir='ltr'>proinde,</span> <span class='ocrx_word' id='word_1_228' title='bbox 1301 2107 1327 2166; x_wconf 92' lang='lat' dir='ltr'>si</span> <span class='ocrx_word' id='word_1_229' title='bbox 1353 2107 1465 2166; x_wconf 86' lang='lat' dir='ltr'>mortis</span> <span class='ocrx_word' id='word_1_230' title='bbox 1491 2105 1672 2183; x_wconf 89' lang='lat' dir='ltr'>periculum</span> <span class='ocrx_word' id='word_1_231' title='bbox 1697 2107 1875 2180; x_wconf 90' lang='lat' dir='ltr'>immineat,</span> 
     </span>
     <span class='ocr_line' id='line_1_43' title="bbox 1128 2199 1874 2276; baseline 0 -14"><span class='ocrx_word' id='word_1_232' title='bbox 1128 2217 1203 2263; x_wconf 81' lang='lat' dir='ltr'>mox</span> <span class='ocrx_word' id='word_1_233' title='bbox 1218 2201 1287 2262; x_wconf 90' lang='lat' dir='ltr'>sinc</span> <span class='ocrx_word' id='word_1_234' title='bbox 1302 2201 1367 2262; x_wconf 89' lang='lat' dir='ltr'>ulla</span> <span class='ocrx_word' id='word_1_235' title='bbox 1380 2201 1531 2262; x_wconf 88' lang='lat' dir='ltr'>dilatione</span> <span class='ocrx_word' id='word_1_236' title='bbox 1546 2199 1779 2262; x_wconf 85' lang='lat' dir='ltr'>conferendum</span> <span class='ocrx_word' id='word_1_237' title='bbox 1793 2217 1874 2276; x_wconf 90' lang='lat' dir='ltr'>esse,</span> 
     </span>
     <span class='ocr_line' id='line_1_44' title="bbox 1127 2295 1876 2372; baseline 0.001 -16"><span class='ocrx_word' id='word_1_238' title='bbox 1127 2303 1196 2356; x_wconf 90' lang='grc'>333</span> <span class='ocrx_word' id='word_1_239' title='bbox 1225 2311 1430 2372; x_wconf 84' lang='lat' dir='ltr'>quocumque</span> <span class='ocrx_word' id='word_1_240' title='bbox 1460 2301 1492 2356; x_wconf 90' lang='lat' dir='ltr'>et</span> <span class='ocrx_word' id='word_1_241' title='bbox 1518 2295 1787 2371; x_wconf 84' lang='lat' dir='ltr'>quandocumque</span> <span class='ocrx_word' id='word_1_242' title='bbox 1816 2296 1876 2357; x_wconf 90' lang='lat' dir='ltr'>sub</span> 
     </span>
     <span class='ocr_line' id='line_1_45' title="bbox 1127 2388 1876 2451; baseline 0.001 -1"><span class='ocrx_word' id='word_1_243' title='bbox 1127 2389 1232 2450; x_wconf 91' lang='lat' dir='ltr'>dehita</span> <span class='ocrx_word' id='word_1_244' title='bbox 1255 2389 1388 2450; x_wconf 90' lang='lat' dir='ltr'>materia</span> <span class='ocrx_word' id='word_1_245' title='bbox 1410 2388 1761 2450; x_wconf 82' lang='grc'>13333331333331333</span> <span class='ocrx_word' id='word_1_246' title='bbox 1784 2389 1876 2451; x_wconf 90' lang='grc'>33113-</span> 
     </span>
     <span class='ocr_line' id='line_1_46' title="bbox 1128 2482 1906 2556; baseline 0 -12"><span class='ocrx_word' id='word_1_247' title='bbox 1128 2491 1208 2556; x_wconf 89' lang='lat' dir='ltr'>tum,</span> <span class='ocrx_word' id='word_1_248' title='bbox 1226 2499 1296 2544; x_wconf 91' lang='lat' dir='ltr'>esse</span> <span class='ocrx_word' id='word_1_249' title='bbox 1312 2483 1465 2544; x_wconf 90' lang='lat' dir='ltr'>validum.</span> <span class='ocrx_word' id='word_1_250' title='bbox 1483 2516 1499 2526; x_wconf 96' lang='lat'>-</span> <span class='ocrx_word' id='word_1_251' title='bbox 1515 2482 1596 2543; x_wconf 89' lang='lat' dir='ltr'>ltcm</span> <span class='ocrx_word' id='word_1_252' title='bbox 1611 2483 1801 2544; x_wconf 89' lang='lat' dir='ltr'>sacramenti</span> <span class='ocrx_word' id='word_1_253' title='bbox 1817 2483 1876 2544; x_wconf 86' lang='lat' dir='ltr'>Ma·</span> <span class='ocrx_word' id='word_1_254' title='bbox 1903 2547 1906 2556; x_wconf 63' lang='grc'>,</span> 
     </span>
     <span class='ocr_line' id='line_1_47' title="bbox 1127 2575 1878 2648; baseline -0.001 -8"><span class='ocrx_word' id='word_1_255' title='bbox 1127 2577 1270 2640; x_wconf 90' lang='lat' dir='ltr'>trimonii</span> <span class='ocrx_word' id='word_1_256' title='bbox 1292 2575 1459 2638; x_wconf 82' lang='lat' dir='ltr'>vinculum</span> <span class='ocrx_word' id='word_1_257' title='bbox 1488 2575 1711 2638; x_wconf 87' lang='lat' dir='ltr'>indissolubile</span> <span class='ocrx_word' id='word_1_258' title='bbox 1739 2593 1820 2648; x_wconf 92' lang='grc'>3333,</span> <span class='ocrx_word' id='word_1_259' title='bbox 1846 2585 1878 2639; x_wconf 89' lang='grc'>33</span> 
     </span>
     <span class='ocr_line' id='line_1_48' title="bbox 1127 2670 1877 2749; baseline 0 -17"><span class='ocrx_word' id='word_1_260' title='bbox 1127 2671 1273 2748; x_wconf 87' lang='lat' dir='ltr'>quamvis</span> <span class='ocrx_word' id='word_1_261' title='bbox 1289 2677 1421 2749; x_wconf 89' lang='lat' dir='ltr'>propter</span> <span class='ocrx_word' id='word_1_262' title='bbox 1433 2670 1640 2740; x_wconf 88' lang='lat' dir='ltr'>adulterium,</span> <span class='ocrx_word' id='word_1_263' title='bbox 1652 2671 1809 2732; x_wconf 87' lang='lat' dir='ltr'>haeresim</span> <span class='ocrx_word' id='word_1_264' title='bbox 1824 2678 1877 2732; x_wconf 90' lang='lat' dir='ltr'>aut</span> 
     </span>
     <span class='ocr_line' id='line_1_49' title="bbox 1126 2764 1877 2842; baseline 0.001 -16"><span class='ocrx_word' id='word_1_265' title='bbox 1126 2766 1201 2826; x_wconf 90' lang='grc'>31133</span> <span class='ocrx_word' id='word_1_266' title='bbox 1224 2781 1331 2826; x_wconf 84' lang='lat' dir='ltr'>causas</span> <span class='ocrx_word' id='word_1_267' title='bbox 1354 2765 1452 2842; x_wconf 90' lang='lat' dir='ltr'>possit</span> <span class='ocrx_word' id='word_1_268' title='bbox 1471 2764 1555 2825; x_wconf 89' lang='lat' dir='ltr'>inter</span> <span class='ocrx_word' id='word_1_269' title='bbox 1572 2764 1726 2842; x_wconf 89' lang='lat' dir='ltr'>coniuges</span> <span class='ocrx_word' id='word_1_270' title='bbox 1743 2765 1828 2826; x_wconf 90' lang='lat' dir='ltr'>thori</span> <span class='ocrx_word' id='word_1_271' title='bbox 1846 2773 1877 2827; x_wconf 97' lang='grc'>33</span> 
     </span>
     <span class='ocr_line' id='line_1_50' title="bbox 1127 2858 1876 2936; baseline 0.001 -16"><span class='ocrx_word' id='word_1_272' title='bbox 1127 2858 1369 2920; x_wconf 81' lang='lat' dir='ltr'>cohabitationis</span> <span class='ocrx_word' id='word_1_273' title='bbox 1392 2858 1549 2936; x_wconf 88' lang='lat' dir='ltr'>separatio</span> <span class='ocrx_word' id='word_1_274' title='bbox 1571 2859 1652 2928; x_wconf 87' lang='lat' dir='ltr'>heri,</span> <span class='ocrx_word' id='word_1_275' title='bbox 1677 2873 1741 2918; x_wconf 92' lang='lat' dir='ltr'>non</span> <span class='ocrx_word' id='word_1_276' title='bbox 1768 2865 1876 2921; x_wconf 88' lang='lat' dir='ltr'>tamen</span> 
     </span>
     <span class='ocr_line' id='line_1_51' title="bbox 1126 2951 1876 3014; baseline 0.003 -2"><span class='ocrx_word' id='word_1_277' title='bbox 1126 2953 1190 3014; x_wconf 93' lang='lat' dir='ltr'>illis</span> <span class='ocrx_word' id='word_1_278' title='bbox 1220 2953 1305 3014; x_wconf 87' lang='lat' dir='ltr'>aliud</span> <span class='ocrx_word' id='word_1_279' title='bbox 1335 2951 1579 3014; x_wconf 88' lang='lat' dir='ltr'>matrimonium</span> <span class='ocrx_word' id='word_1_280' title='bbox 1611 2953 1802 3014; x_wconf 91' lang='lat' dir='ltr'>contrahere</span> <span class='ocrx_word' id='word_1_281' title='bbox 1832 2953 1876 3014; x_wconf 89' lang='lat' dir='ltr'>las</span> 
     </span>
    </p>
   </div>
   <div class='ocr_carea' id='block_1_5' title="bbox 320 3042 1877 3128">
    <p class='ocr_par' dir='ltr' id='par_1_5' title="bbox 320 3042 1877 3128">
     <span class='ocr_line' id='line_1_52' title="bbox 320 3042 1877 3128; baseline 0.002 -24"><span class='ocrx_word' id='word_1_282' title='bbox 320 3042 448 3104; x_wconf 92' lang='lat' dir='ltr'>Christo</span> <span class='ocrx_word' id='word_1_283' title='bbox 463 3043 589 3121; x_wconf 89' lang='lat' dir='ltr'>plenam</span> <span class='ocrx_word' id='word_1_284' title='bbox 614 3051 803 3122; x_wconf 87' lang='lat' dir='ltr'>potestatem</span> <span class='ocrx_word' id='word_1_285' title='bbox 825 3048 972 3108; x_wconf 87' lang='lat' dir='ltr'>traditam</span> <span class='ocrx_word' id='word_1_286' title='bbox 988 3065 1067 3122; x_wconf 89' lang='lat' dir='ltr'>esse,</span> <span class='ocrx_word' id='word_1_287' title='bbox 1097 3044 1099 3128; x_wconf 80' lang='grc'>1</span> <span class='ocrx_word' id='word_1_288' title='bbox 1128 3062 1209 3107; x_wconf 85' lang='lat' dir='ltr'>esse.</span> <span class='ocrx_word' id='word_1_289' title='bbox 1227 3079 1243 3092; x_wconf 90' lang='lat'><em>-</em></span> <span class='ocrx_word' id='word_1_290' title='bbox 1260 3045 1340 3107; x_wconf 90' lang='lat' dir='ltr'>ltem</span> <span class='ocrx_word' id='word_1_291' title='bbox 1372 3045 1557 3124; x_wconf 81' lang='lat' dir='ltr'>apostolicas</span> <span class='ocrx_word' id='word_1_292' title='bbox 1591 3053 1623 3106; x_wconf 92' lang='grc'>33</span> <span class='ocrx_word' id='word_1_293' title='bbox 1651 3045 1877 3108; x_wconf 87' lang='lat' dir='ltr'>ecclesiasticas</span> 
     </span>
    </p>
   </div>
   <div class='ocr_carea' id='block_1_6' title="bbox 319 3137 1070 4250">
    <p class='ocr_par' dir='ltr' id='par_1_6' title="bbox 319 3137 1070 4250">
     <span class='ocr_line' id='line_1_53' title="bbox 321 3137 1070 3213; baseline 0.008 -16"><span class='ocrx_word' id='word_1_294' title='bbox 321 3137 593 3213; x_wconf 86' lang='lat' dir='ltr'>quemadmodum</span> <span class='ocrx_word' id='word_1_295' title='bbox 624 3139 717 3200; x_wconf 88' lang='lat' dir='ltr'>etiam</span> <span class='ocrx_word' id='word_1_296' title='bbox 746 3141 856 3202; x_wconf 91' lang='lat' dir='ltr'>eadem</span> <span class='ocrx_word' id='word_1_297' title='bbox 886 3141 1070 3204; x_wconf 80' lang='lat' dir='ltr'>Florentino</span> 
     </span>
     <span class='ocr_line' id='line_1_54' title="bbox 322 3228 1070 3310; baseline 0.007 -19"><span class='ocrx_word' id='word_1_298' title='bbox 322 3228 469 3308; x_wconf 83' lang='lat' dir='ltr'>Synodns</span> <span class='ocrx_word' id='word_1_299' title='bbox 499 3233 612 3294; x_wconf 90' lang='lat' dir='ltr'>asserit</span> <span class='ocrx_word' id='word_1_300' title='bbox 640 3238 672 3294; x_wconf 92' lang='grc'>33</span> <span class='ocrx_word' id='word_1_301' title='bbox 700 3234 732 3294; x_wconf 92' lang='grc'>13</span> <span class='ocrx_word' id='word_1_302' title='bbox 761 3235 858 3310; x_wconf 90' lang='lat' dir='ltr'>gestis</span> <span class='ocrx_word' id='word_1_303' title='bbox 887 3237 1070 3298; x_wconf 89' lang='lat' dir='ltr'>oecumeni-</span> 
     </span>
     <span class='ocr_line' id='line_1_55' title="bbox 321 3325 1069 3392; baseline 0.005 -5"><span class='ocrx_word' id='word_1_304' title='bbox 321 3341 432 3387; x_wconf 91' lang='lat' dir='ltr'>corum</span> <span class='ocrx_word' id='word_1_305' title='bbox 455 3325 672 3388; x_wconf 76' lang='lat' dir='ltr'>Consiliorum</span> <span class='ocrx_word' id='word_1_306' title='bbox 690 3334 722 3389; x_wconf 91' lang='lat' dir='ltr'>et</span> <span class='ocrx_word' id='word_1_307' title='bbox 736 3327 768 3390; x_wconf 92' lang='lat' dir='ltr'>in</span> <span class='ocrx_word' id='word_1_308' title='bbox 784 3329 880 3390; x_wconf 90' lang='lat' dir='ltr'>sacris</span> <span class='ocrx_word' id='word_1_309' title='bbox 896 3331 1069 3392; x_wconf 89' lang='lat' dir='ltr'>canonibus</span> 
     </span>
     <span class='ocr_line' id='line_1_56' title="bbox 321 3421 1069 3498; baseline 0.005 -17"><span class='ocrx_word' id='word_1_310' title='bbox 321 3421 516 3482; x_wconf 88' lang='lat' dir='ltr'>continetur.</span> <span class='ocrx_word' id='word_1_311' title='bbox 535 3421 646 3482; x_wconf 90' lang='lat' dir='ltr'>-ltem</span> <span class='ocrx_word' id='word_1_312' title='bbox 681 3422 795 3498; x_wconf 85' lang='lat' dir='ltr'>legalia</span> <span class='ocrx_word' id='word_1_313' title='bbox 823 3424 944 3485; x_wconf 88' lang='lat' dir='ltr'>vetoris</span> <span class='ocrx_word' id='word_1_314' title='bbox 978 3431 1069 3485; x_wconf 90' lang='lat' dir='ltr'>testa-</span> 
     </span>
     <span class='ocr_line' id='line_1_57' title="bbox 321 3515 1069 3592; baseline 0.005 -16"><span class='ocrx_word' id='word_1_315' title='bbox 321 3516 422 3576; x_wconf 90' lang='lat' dir='ltr'>menti</span> <span class='ocrx_word' id='word_1_316' title='bbox 438 3531 496 3576; x_wconf 90' lang='lat' dir='ltr'>sen</span> <span class='ocrx_word' id='word_1_317' title='bbox 512 3515 668 3577; x_wconf 89' lang='lat' dir='ltr'>mosaicae</span> <span class='ocrx_word' id='word_1_318' title='bbox 684 3515 765 3592; x_wconf 92' lang='lat' dir='ltr'>legis</span> <span class='ocrx_word' id='word_1_319' title='bbox 781 3519 1007 3590; x_wconf 88' lang='lat' dir='ltr'>caeremonias,</span> <span class='ocrx_word' id='word_1_320' title='bbox 1024 3535 1069 3580; x_wconf 91' lang='lat' dir='ltr'>sa-</span> 
     </span>
     <span class='ocr_line' id='line_1_58' title="bbox 320 3608 1069 3680; baseline 0.004 -10"><span class='ocrx_word' id='word_1_321' title='bbox 320 3625 382 3680; x_wconf 91' lang='lat' dir='ltr'>cra,</span> <span class='ocrx_word' id='word_1_322' title='bbox 397 3608 548 3670; x_wconf 87' lang='lat' dir='ltr'>sacrificia</span> <span class='ocrx_word' id='word_1_323' title='bbox 561 3615 593 3670; x_wconf 90' lang='lat' dir='ltr'>et</span> <span class='ocrx_word' id='word_1_324' title='bbox 604 3617 800 3670; x_wconf 87' lang='lat' dir='ltr'>sacramenta</span> <span class='ocrx_word' id='word_1_325' title='bbox 811 3611 947 3672; x_wconf 88' lang='lat' dir='ltr'>Domino</span> <span class='ocrx_word' id='word_1_326' title='bbox 960 3619 1069 3674; x_wconf 90' lang='lat' dir='ltr'>nostro</span> 
     </span>
     <span class='ocr_line' id='line_1_59' title="bbox 319 3701 1070 3782; baseline 0.003 -18"><span class='ocrx_word' id='word_1_327' title='bbox 319 3703 391 3764; x_wconf 89' lang='lat' dir='ltr'>lesu</span> <span class='ocrx_word' id='word_1_328' title='bbox 412 3701 541 3763; x_wconf 87' lang='lat' dir='ltr'>Christo</span> <span class='ocrx_word' id='word_1_329' title='bbox 564 3701 756 3763; x_wconf 87' lang='lat' dir='ltr'>adveniente</span> <span class='ocrx_word' id='word_1_330' title='bbox 782 3719 922 3764; x_wconf 88' lang='lat' dir='ltr'>cessasse</span> <span class='ocrx_word' id='word_1_331' title='bbox 945 3711 1070 3782; x_wconf 91' lang='lat' dir='ltr'>etpost</span> 
     </span>
     <span class='ocr_line' id='line_1_60' title="bbox 319 3795 1068 3876; baseline 0.004 -19"><span class='ocrx_word' id='word_1_332' title='bbox 319 3798 561 3876; x_wconf 88' lang='lat' dir='ltr'>promulgatum</span> <span class='ocrx_word' id='word_1_333' title='bbox 594 3795 806 3874; x_wconf 84' lang='lat' dir='ltr'>Evangelium</span> <span class='ocrx_word' id='word_1_334' title='bbox 839 3797 909 3858; x_wconf 91' lang='lat' dir='ltr'>sine</span> <span class='ocrx_word' id='word_1_335' title='bbox 941 3805 1068 3876; x_wconf 86' lang='lat' dir='ltr'>peccato</span> 
     </span>
     <span class='ocr_line' id='line_1_61' title="bbox 321 3890 1068 3970; baseline 0.001 -16"><span class='ocrx_word' id='word_1_336' title='bbox 321 3892 486 3954; x_wconf 89' lang='lat' dir='ltr'>observari</span> <span class='ocrx_word' id='word_1_337' title='bbox 503 3907 567 3952; x_wconf 91' lang='lat' dir='ltr'>non</span> <span class='ocrx_word' id='word_1_338' title='bbox 583 3907 687 3968; x_wconf 91' lang='lat' dir='ltr'>posse.</span> <span class='ocrx_word' id='word_1_339' title='bbox 706 3890 858 3952; x_wconf 88' lang='lat' dir='ltr'>Eiusdem</span> <span class='ocrx_word' id='word_1_340' title='bbox 875 3892 970 3953; x_wconf 87' lang='lat' dir='ltr'>etiam</span> <span class='ocrx_word' id='word_1_341' title='bbox 987 3893 1068 3970; x_wconf 87' lang='lat' dir='ltr'>legis</span> 
     </span>
     <span class='ocr_line' id='line_1_62' title="bbox 320 3985 1068 4050; baseline 0.005 -4"><span class='ocrx_word' id='word_1_342' title='bbox 320 3987 438 4048; x_wconf 90' lang='lat' dir='ltr'>veteris</span> <span class='ocrx_word' id='word_1_343' title='bbox 467 3985 614 4047; x_wconf 89' lang='lat' dir='ltr'>ciborum</span> <span class='ocrx_word' id='word_1_344' title='bbox 643 3986 841 4046; x_wconf 83' lang='lat' dir='ltr'>mundorum</span> <span class='ocrx_word' id='word_1_345' title='bbox 869 3992 901 4047; x_wconf 91' lang='grc'>33</span> <span class='ocrx_word' id='word_1_346' title='bbox 928 3987 1068 4050; x_wconf 92' lang='lat' dir='ltr'>immun-</span> 
     </span>
     <span class='ocr_line' id='line_1_63' title="bbox 319 4078 1068 4160; baseline 0.003 -18"><span class='ocrx_word' id='word_1_347' title='bbox 319 4082 434 4144; x_wconf 90' lang='lat' dir='ltr'>dorum</span> <span class='ocrx_word' id='word_1_348' title='bbox 457 4078 670 4141; x_wconf 78' lang='lat' dir='ltr'>differentiam</span> <span class='ocrx_word' id='word_1_349' title='bbox 688 4080 724 4140; x_wconf 90' lang='lat' dir='ltr'>ad</span> <span class='ocrx_word' id='word_1_350' title='bbox 740 4081 981 4143; x_wconf 85' lang='lat' dir='ltr'>caeremonialia</span> <span class='ocrx_word' id='word_1_351' title='bbox 998 4099 1068 4160; x_wconf 87' lang='lat' dir='ltr'>per-</span> 
     </span>
     <span class='ocr_line' id='line_1_64' title="bbox 320 4175 1068 4250; baseline 0 -13"><span class='ocrx_word' id='word_1_352' title='bbox 320 4175 434 4246; x_wconf 89' lang='lat' dir='ltr'>tinere,</span> <span class='ocrx_word' id='word_1_353' title='bbox 459 4189 540 4250; x_wconf 87' lang='lat' dir='ltr'>qnae</span> <span class='ocrx_word' id='word_1_354' title='bbox 562 4180 718 4249; x_wconf 81' lang='lat' dir='ltr'>surgente</span> <span class='ocrx_word' id='word_1_355' title='bbox 744 4175 913 4250; x_wconf 90' lang='lat' dir='ltr'>evangelio</span> <span class='ocrx_word' id='word_1_356' title='bbox 936 4177 1068 4238; x_wconf 88' lang='lat' dir='ltr'>transie-</span> 
     </span>
    </p>
   </div>
   <div class='ocr_carea' id='block_1_7' title="bbox 318 4263 1086 4346">
    <p class='ocr_par' dir='ltr' id='par_1_7' title="bbox 318 4263 1086 4346">
     <span class='ocr_line' id='line_1_65' title="bbox 318 4263 1086 4346; baseline 0 -17"><span class='ocrx_word' id='word_1_357' title='bbox 318 4274 405 4329; x_wconf 87' lang='lat' dir='ltr'>runt.</span> <span class='ocrx_word' id='word_1_358' title='bbox 436 4266 525 4328; x_wconf 89' lang='lat' dir='ltr'>lllam</span> <span class='ocrx_word' id='word_1_359' title='bbox 552 4265 646 4326; x_wconf 88' lang='lat' dir='ltr'>etiam</span> <span class='ocrx_word' id='word_1_360' title='bbox 676 4263 905 4343; x_wconf 80' lang='lat' dir='ltr'>Apostolorum</span> <span class='ocrx_word' id='word_1_361' title='bbox 927 4270 1086 4346; x_wconf 81' lang='lat' dir='ltr'>prohibi·</span> 
     </span>
    </p>
   </div>
   <div class='ocr_carea' id='block_1_8' title="bbox 255 4359 1069 4909">
    <p class='ocr_par' dir='ltr' id='par_1_8' title="bbox 255 4359 1069 4909">
     <span class='ocr_line' id='line_1_66' title="bbox 319 4359 1068 4426; baseline 0.003 -3"><span class='ocrx_word' id='word_1_362' title='bbox 319 4362 441 4424; x_wconf 89' lang='lat' dir='ltr'>tionem</span> <span class='ocrx_word' id='word_1_363' title='bbox 453 4359 491 4422; x_wconf 93' lang='lat' dir='ltr'>ab</span> <span class='ocrx_word' id='word_1_364' title='bbox 503 4359 676 4420; x_wconf 88' lang='lat' dir='ltr'>immolatis</span> <span class='ocrx_word' id='word_1_365' title='bbox 691 4361 938 4422; x_wconf 90' lang='lat' dir='ltr'>simulacrorum</span> <span class='ocrx_word' id='word_1_366' title='bbox 954 4370 986 4424; x_wconf 91' lang='lat' dir='ltr'>et</span> <span class='ocrx_word' id='word_1_367' title='bbox 999 4381 1068 4426; x_wconf 90' lang='lat' dir='ltr'>san·</span> 
     </span>
     <span class='ocr_line' id='line_1_67' title="bbox 319 4452 1064 4533; baseline 0.003 -16"><span class='ocrx_word' id='word_1_368' title='bbox 319 4455 417 4533; x_wconf 66' lang='grc'>33133</span> <span class='ocrx_word' id='word_1_369' title='bbox 434 4462 466 4516; x_wconf 91' lang='grc'>33</span> <span class='ocrx_word' id='word_1_370' title='bbox 480 4455 633 4516; x_wconf 78' lang='lat' dir='ltr'>suffocato</span> <span class='ocrx_word' id='word_1_371' title='bbox 648 4452 695 4514; x_wconf 95' lang='lat' dir='ltr'>illi</span> <span class='ocrx_word' id='word_1_372' title='bbox 711 4455 850 4532; x_wconf 91' lang='lat' dir='ltr'>tempori</span> <span class='ocrx_word' id='word_1_373' title='bbox 866 4459 1064 4533; x_wconf 86' lang='lat' dir='ltr'>congruisse,</span> 
     </span>
     <span class='ocr_line' id='line_1_68' title="bbox 255 4547 1067 4613; baseline 0.005 -5"><span class='ocrx_word' id='word_1_374' title='bbox 255 4605 256 4608; x_wconf 74' lang='grc'>,</span> <span class='ocrx_word' id='word_1_375' title='bbox 290 4595 293 4598; x_wconf 86' lang='grc'>-</span> <span class='ocrx_word' id='word_1_376' title='bbox 318 4549 460 4611; x_wconf 90' lang='grc'>3313333</span> <span class='ocrx_word' id='word_1_377' title='bbox 482 4549 614 4610; x_wconf 84' lang='grc'>13313333</span> <span class='ocrx_word' id='word_1_378' title='bbox 637 4555 669 4609; x_wconf 91' lang='grc'>33</span> <span class='ocrx_word' id='word_1_379' title='bbox 689 4547 831 4609; x_wconf 87' lang='lat' dir='ltr'>Gentiles</span> <span class='ocrx_word' id='word_1_380' title='bbox 861 4549 1067 4613; x_wconf 88' lang='lat' dir='ltr'>dissentionis</span> 
     </span>
     <span class='ocr_line' id='line_1_69' title="bbox 318 4641 1068 4723; baseline 0.003 -18"><span class='ocrx_word' id='word_1_381' title='bbox 318 4643 451 4706; x_wconf 89' lang='lat' dir='ltr'>materia</span> <span class='ocrx_word' id='word_1_382' title='bbox 474 4642 661 4704; x_wconf 88' lang='lat' dir='ltr'>tolleretur:</span> <span class='ocrx_word' id='word_1_383' title='bbox 687 4641 777 4704; x_wconf 86' lang='lat' dir='ltr'>cuius</span> <span class='ocrx_word' id='word_1_384' title='bbox 793 4643 983 4720; x_wconf 89' lang='lat' dir='ltr'>apostolicae</span> <span class='ocrx_word' id='word_1_385' title='bbox 997 4663 1068 4723; x_wconf 88' lang='lat' dir='ltr'>pro-</span> 
     </span>
     <span class='ocr_line' id='line_1_70' title="bbox 318 4738 1069 4808; baseline 0.005 -10"><span class='ocrx_word' id='word_1_386' title='bbox 318 4738 484 4799; x_wconf 92' lang='lat' dir='ltr'>hibitionis</span> <span class='ocrx_word' id='word_1_387' title='bbox 517 4753 607 4798; x_wconf 92' lang='lat' dir='ltr'>causa</span> <span class='ocrx_word' id='word_1_388' title='bbox 635 4742 790 4808; x_wconf 90' lang='lat' dir='ltr'>cessante,</span> <span class='ocrx_word' id='word_1_389' title='bbox 815 4738 910 4798; x_wconf 89' lang='lat' dir='ltr'>etiam</span> <span class='ocrx_word' id='word_1_390' title='bbox 934 4741 1069 4801; x_wconf 88' lang='grc'>33333313</span> 
     </span>
     <span class='ocr_line' id='line_1_71' title="bbox 318 4830 1067 4909; baseline 0 -15"><span class='ocrx_word' id='word_1_391' title='bbox 318 4833 461 4894; x_wconf 88' lang='grc'>31133333.</span> <span class='ocrx_word' id='word_1_392' title='bbox 477 4864 493 4874; x_wconf 96' lang='grc'>-</span> <span class='ocrx_word' id='word_1_393' title='bbox 507 4830 629 4891; x_wconf 85' lang='lat' dir='ltr'>Pariter</span> <span class='ocrx_word' id='word_1_394' title='bbox 643 4844 784 4890; x_wconf 87' lang='lat' dir='ltr'>veneror</span> <span class='ocrx_word' id='word_1_395' title='bbox 801 4837 832 4890; x_wconf 93' lang='lat' dir='ltr'>et</span> <span class='ocrx_word' id='word_1_396' title='bbox 846 4831 985 4909; x_wconf 88' lang='lat' dir='ltr'>suscipio</span> <span class='ocrx_word' id='word_1_397' title='bbox 1002 4833 1067 4894; x_wconf 90' lang='lat' dir='ltr'>Tri-</span> 
     </span>
    </p>
   </div>
   <div class='ocr_carea' id='block_1_9' title="bbox 230 4923 1067 5002">
    <p class='ocr_par' dir='ltr' id='par_1_9' title="bbox 230 4923 1067 5002">
     <span class='ocr_line' id='line_1_72' title="bbox 230 4923 1067 5002; baseline 0 -14"><span class='ocrx_word' id='word_1_398' title='bbox 230 4939 236 4952; x_wconf 92' lang='lat'>·</span> <span class='ocrx_word' id='word_1_399' title='bbox 318 4925 481 4988; x_wconf 90' lang='lat' dir='ltr'>dentinam</span> <span class='ocrx_word' id='word_1_400' title='bbox 506 4923 683 5002; x_wconf 77' lang='lat' dir='ltr'>synodum,</span> <span class='ocrx_word' id='word_1_401' title='bbox 702 4929 734 4984; x_wconf 91' lang='lat' dir='ltr'>et</span> <span class='ocrx_word' id='word_1_402' title='bbox 756 4923 910 5001; x_wconf 84' lang='lat' dir='ltr'>profiteor</span> <span class='ocrx_word' id='word_1_403' title='bbox 932 4940 1013 5002; x_wconf 83' lang='lat' dir='ltr'>quae</span> <span class='ocrx_word' id='word_1_404' title='bbox 1034 4927 1067 4988; x_wconf 93' lang='lat' dir='ltr'>in</span> 
     </span>
    </p>
   </div>
   <div class='ocr_carea' id='block_1_10' title="bbox 290 5016 1068 6040">
    <p class='ocr_par' dir='ltr' id='par_1_10' title="bbox 290 5016 1068 6040">
     <span class='ocr_line' id='line_1_73' title="bbox 318 5016 1066 5096; baseline 0 -14"><span class='ocrx_word' id='word_1_405' title='bbox 318 5039 353 5082; x_wconf 93' lang='lat' dir='ltr'>ea</span> <span class='ocrx_word' id='word_1_406' title='bbox 369 5019 499 5081; x_wconf 87' lang='lat' dir='ltr'>definita</span> <span class='ocrx_word' id='word_1_407' title='bbox 511 5025 542 5078; x_wconf 94' lang='grc'>33</span> <span class='ocrx_word' id='word_1_408' title='bbox 557 5016 712 5078; x_wconf 82' lang='grc'>3133133333</span> <span class='ocrx_word' id='word_1_409' title='bbox 727 5023 812 5090; x_wconf 88' lang='grc'>3333,</span> <span class='ocrx_word' id='word_1_410' title='bbox 831 5025 863 5079; x_wconf 91' lang='grc'>33</span> <span class='ocrx_word' id='word_1_411' title='bbox 877 5021 1066 5096; x_wconf 90' lang='lat' dir='ltr'>praesertim</span> 
     </span>
     <span class='ocr_line' id='line_1_74' title="bbox 290 5111 1068 5194; baseline 0 -18"><span class='ocrx_word' id='word_1_412' title='bbox 290 5187 294 5194; x_wconf 39' lang='grc'>,</span> <span class='ocrx_word' id='word_1_413' title='bbox 318 5113 426 5176; x_wconf 88' lang='grc'>3113331</span> <span class='ocrx_word' id='word_1_414' title='bbox 448 5112 514 5174; x_wconf 88' lang='lat' dir='ltr'>Deo</span> <span class='ocrx_word' id='word_1_415' title='bbox 536 5112 569 5172; x_wconf 94' lang='lat' dir='ltr'>in</span> <span class='ocrx_word' id='word_1_416' title='bbox 592 5111 685 5172; x_wconf 88' lang='lat' dir='ltr'>missa</span> <span class='ocrx_word' id='word_1_417' title='bbox 708 5127 835 5184; x_wconf 89' lang='lat' dir='ltr'>verum,</span> <span class='ocrx_word' id='word_1_418' title='bbox 853 5113 1019 5191; x_wconf 88' lang='lat' dir='ltr'>proprium</span> <span class='ocrx_word' id='word_1_419' title='bbox 1036 5121 1068 5176; x_wconf 90' lang='lat' dir='ltr'>et</span> 
     </span>
     <span class='ocr_line' id='line_1_75' title="bbox 318 5206 1066 5286; baseline 0.003 -18"><span class='ocrx_word' id='word_1_420' title='bbox 318 5206 574 5286; x_wconf 89' lang='lat' dir='ltr'>propitiatorium</span> <span class='ocrx_word' id='word_1_421' title='bbox 588 5207 777 5268; x_wconf 83' lang='lat' dir='ltr'>sacrificium</span> <span class='ocrx_word' id='word_1_422' title='bbox 795 5222 852 5284; x_wconf 93' lang='lat' dir='ltr'>pro</span> <span class='ocrx_word' id='word_1_423' title='bbox 868 5209 950 5268; x_wconf 90' lang='grc'>31313</span> <span class='ocrx_word' id='word_1_424' title='bbox 967 5215 999 5270; x_wconf 91' lang='grc'>33</span> <span class='ocrx_word' id='word_1_425' title='bbox 1015 5209 1066 5270; x_wconf 83' lang='grc'>313-</span> 
     </span>
     <span class='ocr_line' id='line_1_76' title="bbox 318 5299 1067 5377; baseline 0 -14"><span class='ocrx_word' id='word_1_426' title='bbox 318 5301 445 5372; x_wconf 88' lang='grc'>1333313,</span> <span class='ocrx_word' id='word_1_427' title='bbox 462 5307 558 5377; x_wconf 84' lang='lat' dir='ltr'>atque</span> <span class='ocrx_word' id='word_1_428' title='bbox 579 5301 613 5360; x_wconf 94' lang='lat' dir='ltr'>in</span> <span class='ocrx_word' id='word_1_429' title='bbox 631 5299 833 5362; x_wconf 89' lang='lat' dir='ltr'>sanctissimo</span> <span class='ocrx_word' id='word_1_430' title='bbox 849 5301 1067 5364; x_wconf 88' lang='lat' dir='ltr'>Eucharistiae</span> 
     </span>
     <span class='ocr_line' id='line_1_77' title="bbox 317 5394 1067 5474; baseline 0 -18"><span class='ocrx_word' id='word_1_431' title='bbox 317 5400 515 5457; x_wconf 88' lang='lat' dir='ltr'>sacramento</span> <span class='ocrx_word' id='word_1_432' title='bbox 537 5394 639 5474; x_wconf 82' lang='lat' dir='ltr'>(iuxta</span> <span class='ocrx_word' id='word_1_433' title='bbox 661 5395 757 5455; x_wconf 86' lang='lat' dir='ltr'>fidem</span> <span class='ocrx_word' id='word_1_434' title='bbox 780 5409 861 5471; x_wconf 88' lang='lat' dir='ltr'>quae</span> <span class='ocrx_word' id='word_1_435' title='bbox 883 5411 1013 5474; x_wconf 91' lang='lat' dir='ltr'>semper</span> <span class='ocrx_word' id='word_1_436' title='bbox 1034 5396 1067 5456; x_wconf 96' lang='lat' dir='ltr'>in</span> 
     </span>
     <span class='ocr_line' id='line_1_78' title="bbox 319 5487 1067 5567; baseline -0.001 -15"><span class='ocrx_word' id='word_1_437' title='bbox 319 5489 451 5552; x_wconf 90' lang='grc'>33313313</span> <span class='ocrx_word' id='word_1_438' title='bbox 473 5489 529 5550; x_wconf 89' lang='lat' dir='ltr'>Dei</span> <span class='ocrx_word' id='word_1_439' title='bbox 554 5487 628 5567; x_wconf 86' lang='lat' dir='ltr'>luit)</span> <span class='ocrx_word' id='word_1_440' title='bbox 650 5490 808 5550; x_wconf 85' lang='lat' dir='ltr'>contineri</span> <span class='ocrx_word' id='word_1_441' title='bbox 830 5505 907 5550; x_wconf 83' lang='lat' dir='ltr'>vere</span> <span class='ocrx_word' id='word_1_442' title='bbox 937 5490 1067 5551; x_wconf 88' lang='lat' dir='ltr'>realiter</span> 
     </span>
     <span class='ocr_line' id='line_1_79' title="bbox 319 5583 1067 5661; baseline 0 -15"><span class='ocrx_word' id='word_1_443' title='bbox 319 5591 351 5646; x_wconf 89' lang='lat' dir='ltr'>ct</span> <span class='ocrx_word' id='word_1_444' title='bbox 361 5583 612 5646; x_wconf 89' lang='lat' dir='ltr'>substantialiter</span> <span class='ocrx_word' id='word_1_445' title='bbox 627 5599 742 5661; x_wconf 90' lang='lat' dir='ltr'>corpus</span> <span class='ocrx_word' id='word_1_446' title='bbox 759 5590 790 5644; x_wconf 93' lang='grc'>33</span> <span class='ocrx_word' id='word_1_447' title='bbox 801 5585 992 5659; x_wconf 88' lang='lat' dir='ltr'>sangninem</span> <span class='ocrx_word' id='word_1_448' title='bbox 1006 5601 1067 5646; x_wconf 88' lang='lat' dir='ltr'>una</span> 
     </span>
     <span class='ocr_line' id='line_1_80' title="bbox 318 5677 1067 5741; baseline 0.001 -1"><span class='ocrx_word' id='word_1_449' title='bbox 318 5695 389 5740; x_wconf 89' lang='lat' dir='ltr'>cum</span> <span class='ocrx_word' id='word_1_450' title='bbox 422 5678 526 5739; x_wconf 91' lang='lat' dir='ltr'>anima</span> <span class='ocrx_word' id='word_1_451' title='bbox 555 5683 587 5738; x_wconf 91' lang='lat' dir='ltr'>et</span> <span class='ocrx_word' id='word_1_452' title='bbox 615 5677 780 5739; x_wconf 82' lang='lat' dir='ltr'>divinitate</span> <span class='ocrx_word' id='word_1_453' title='bbox 810 5678 937 5738; x_wconf 90' lang='lat' dir='ltr'>Domini</span> <span class='ocrx_word' id='word_1_454' title='bbox 966 5681 1067 5741; x_wconf 92' lang='lat' dir='ltr'>nostri</span> 
     </span>
     <span class='ocr_line' id='line_1_81' title="bbox 317 5771 1064 5849; baseline -0.003 -15"><span class='ocrx_word' id='word_1_455' title='bbox 317 5773 388 5835; x_wconf 88' lang='lat' dir='ltr'>lesu</span> <span class='ocrx_word' id='word_1_456' title='bbox 411 5771 540 5842; x_wconf 90' lang='lat' dir='ltr'>Christi,</span> <span class='ocrx_word' id='word_1_457' title='bbox 558 5788 592 5833; x_wconf 91' lang='lat' dir='ltr'>ac</span> <span class='ocrx_word' id='word_1_458' title='bbox 607 5771 741 5849; x_wconf 89' lang='lat' dir='ltr'>proinde</span> <span class='ocrx_word' id='word_1_459' title='bbox 763 5776 866 5832; x_wconf 90' lang='lat' dir='ltr'>totum</span> <span class='ocrx_word' id='word_1_460' title='bbox 889 5771 1064 5844; x_wconf 90' lang='lat' dir='ltr'>Christum,</span> 
     </span>
     <span class='ocr_line' id='line_1_82' title="bbox 318 5865 1066 5944; baseline 0.001 -16"><span class='ocrx_word' id='word_1_461' title='bbox 318 5867 454 5944; x_wconf 86' lang='lat' dir='ltr'>fierique</span> <span class='ocrx_word' id='word_1_462' title='bbox 476 5865 722 5928; x_wconf 78' lang='lat' dir='ltr'>conversionem</span> <span class='ocrx_word' id='word_1_463' title='bbox 745 5865 843 5926; x_wconf 92' lang='lat' dir='ltr'>totius</span> <span class='ocrx_word' id='word_1_464' title='bbox 871 5865 1066 5930; x_wconf 87' lang='lat' dir='ltr'>substantiae</span> 
     </span>
     <span class='ocr_line' id='line_1_83' title="bbox 319 5957 1066 6040; baseline 0.001 -19"><span class='ocrx_word' id='word_1_465' title='bbox 319 5961 406 6040; x_wconf 92' lang='lat' dir='ltr'>panis</span> <span class='ocrx_word' id='word_1_466' title='bbox 428 5961 461 6021; x_wconf 96' lang='lat' dir='ltr'>in</span> <span class='ocrx_word' id='word_1_467' title='bbox 482 5975 598 6038; x_wconf 90' lang='lat' dir='ltr'>corpus</span> <span class='ocrx_word' id='word_1_468' title='bbox 620 5964 652 6020; x_wconf 91' lang='lat' dir='ltr'>et</span> <span class='ocrx_word' id='word_1_469' title='bbox 668 5957 763 6019; x_wconf 87' lang='lat' dir='ltr'>totius</span> <span class='ocrx_word' id='word_1_470' title='bbox 783 5958 977 6020; x_wconf 88' lang='lat' dir='ltr'>substantiae</span> <span class='ocrx_word' id='word_1_471' title='bbox 999 5961 1066 6022; x_wconf 92' lang='grc'>3131</span> 
     </span>
    </p>
   </div>
   <div class='ocr_carea' id='block_1_11' title="bbox 1125 3139 1910 4628">
    <p class='ocr_par' dir='ltr' id='par_1_11' title="bbox 1125 3139 1910 4628">
     <span class='ocr_line' id='line_1_84' title="bbox 1129 3139 1877 3217; baseline 0.003 -17"><span class='ocrx_word' id='word_1_472' title='bbox 1129 3141 1314 3201; x_wconf 87' lang='lat' dir='ltr'>traditiones</span> <span class='ocrx_word' id='word_1_473' title='bbox 1337 3139 1553 3217; x_wconf 89' lang='lat' dir='ltr'>suscipiendas</span> <span class='ocrx_word' id='word_1_474' title='bbox 1576 3155 1646 3200; x_wconf 90' lang='lat' dir='ltr'>esse</span> <span class='ocrx_word' id='word_1_475' title='bbox 1669 3147 1701 3200; x_wconf 93' lang='grc'>33</span> <span class='ocrx_word' id='word_1_476' title='bbox 1722 3155 1877 3202; x_wconf 88' lang='grc'>3333333-</span> 
     </span>
     <span class='ocr_line' id='line_1_85' title="bbox 1127 3233 1877 3310; baseline 0.001 -16"><span class='ocrx_word' id='word_1_477' title='bbox 1127 3234 1191 3294; x_wconf 88' lang='lat' dir='ltr'>das.</span> <span class='ocrx_word' id='word_1_478' title='bbox 1209 3265 1225 3278; x_wconf 92' lang='lat'>-</span> <span class='ocrx_word' id='word_1_479' title='bbox 1242 3233 1519 3308; x_wconf 86' lang='lat' dir='ltr'>Indulgentiarum</span> <span class='ocrx_word' id='word_1_480' title='bbox 1536 3233 1631 3293; x_wconf 90' lang='lat' dir='ltr'>etiam</span> <span class='ocrx_word' id='word_1_481' title='bbox 1654 3239 1846 3310; x_wconf 87' lang='lat' dir='ltr'>potestatem</span> <span class='ocrx_word' id='word_1_482' title='bbox 1861 3253 1877 3296; x_wconf 93' lang='lat' dir='ltr'>a</span> 
     </span>
     <span class='ocr_line' id='line_1_86' title="bbox 1127 3326 1876 3398; baseline -0.001 -8"><span class='ocrx_word' id='word_1_483' title='bbox 1127 3327 1253 3390; x_wconf 90' lang='lat' dir='ltr'>Christo</span> <span class='ocrx_word' id='word_1_484' title='bbox 1276 3327 1310 3388; x_wconf 95' lang='lat' dir='ltr'>in</span> <span class='ocrx_word' id='word_1_485' title='bbox 1332 3327 1472 3388; x_wconf 91' lang='lat' dir='ltr'>Ecclesia</span> <span class='ocrx_word' id='word_1_486' title='bbox 1500 3326 1646 3387; x_wconf 88' lang='lat' dir='ltr'>relictam</span> <span class='ocrx_word' id='word_1_487' title='bbox 1674 3327 1785 3398; x_wconf 88' lang='lat' dir='ltr'>luisse,</span> <span class='ocrx_word' id='word_1_488' title='bbox 1810 3328 1876 3390; x_wconf 91' lang='lat' dir='ltr'>illa-</span> 
     </span>
     <span class='ocr_line' id='line_1_87' title="bbox 1127 3419 1876 3498; baseline 0.004 -18"><span class='ocrx_word' id='word_1_489' title='bbox 1127 3436 1266 3497; x_wconf 84' lang='lat' dir='ltr'>rumque</span> <span class='ocrx_word' id='word_1_490' title='bbox 1288 3437 1383 3481; x_wconf 90' lang='lat' dir='ltr'>usum</span> <span class='ocrx_word' id='word_1_491' title='bbox 1406 3419 1579 3481; x_wconf 90' lang='lat' dir='ltr'>christiano</span> <span class='ocrx_word' id='word_1_492' title='bbox 1596 3421 1714 3498; x_wconf 90' lang='lat' dir='ltr'>populo</span> <span class='ocrx_word' id='word_1_493' title='bbox 1737 3421 1876 3483; x_wconf 80' lang='lat' dir='ltr'>maxime</span> 
     </span>
     <span class='ocr_line' id='line_1_88' title="bbox 1125 3513 1910 3592; baseline 0.004 -18"><span class='ocrx_word' id='word_1_494' title='bbox 1125 3515 1297 3576; x_wconf 89' lang='lat' dir='ltr'>salutarem</span> <span class='ocrx_word' id='word_1_495' title='bbox 1314 3530 1395 3574; x_wconf 89' lang='lat' dir='ltr'>esse.</span> <span class='ocrx_word' id='word_1_496' title='bbox 1413 3547 1430 3558; x_wconf 94' lang='lat'>-</span> <span class='ocrx_word' id='word_1_497' title='bbox 1446 3513 1578 3586; x_wconf 89' lang='lat' dir='ltr'>Pariter,</span> <span class='ocrx_word' id='word_1_498' title='bbox 1597 3529 1677 3590; x_wconf 81' lang='lat' dir='ltr'>quae</span> <span class='ocrx_word' id='word_1_499' title='bbox 1694 3513 1732 3576; x_wconf 92' lang='lat' dir='ltr'>de</span> <span class='ocrx_word' id='word_1_500' title='bbox 1748 3522 1876 3592; x_wconf 88' lang='lat' dir='ltr'>peccato</span> <span class='ocrx_word' id='word_1_501' title='bbox 1908 3515 1910 3520; x_wconf 86' lang='grc'><strong>’</strong></span> 
     </span>
     <span class='ocr_line' id='line_1_89' title="bbox 1127 3607 1876 3685; baseline 0.001 -16"><span class='ocrx_word' id='word_1_502' title='bbox 1127 3607 1285 3685; x_wconf 87' lang='lat' dir='ltr'>originali,</span> <span class='ocrx_word' id='word_1_503' title='bbox 1301 3608 1339 3668; x_wconf 92' lang='lat' dir='ltr'>de</span> <span class='ocrx_word' id='word_1_504' title='bbox 1355 3608 1590 3679; x_wconf 88' lang='lat' dir='ltr'>iustificatione,</span> <span class='ocrx_word' id='word_1_505' title='bbox 1605 3607 1644 3668; x_wconf 89' lang='lat' dir='ltr'>de</span> <span class='ocrx_word' id='word_1_506' title='bbox 1659 3624 1823 3669; x_wconf 89' lang='lat' dir='ltr'>sacrorum</span> <span class='ocrx_word' id='word_1_507' title='bbox 1840 3609 1876 3670; x_wconf 93' lang='grc'>11-</span> 
     </span>
     <span class='ocr_line' id='line_1_90' title="bbox 1127 3701 1875 3778; baseline 0 -14"><span class='ocrx_word' id='word_1_508' title='bbox 1127 3703 1259 3764; x_wconf 92' lang='lat' dir='ltr'>brorum</span> <span class='ocrx_word' id='word_1_509' title='bbox 1273 3708 1336 3762; x_wconf 90' lang='lat' dir='ltr'>tam</span> <span class='ocrx_word' id='word_1_510' title='bbox 1349 3701 1469 3762; x_wconf 85' lang='lat' dir='ltr'>veteris</span> <span class='ocrx_word' id='word_1_511' title='bbox 1483 3717 1577 3778; x_wconf 83' lang='lat' dir='ltr'>quam</span> <span class='ocrx_word' id='word_1_512' title='bbox 1592 3703 1666 3762; x_wconf 90' lang='lat' dir='ltr'>novi</span> <span class='ocrx_word' id='word_1_513' title='bbox 1680 3702 1875 3764; x_wconf 87' lang='lat' dir='ltr'>Testamenti</span> 
     </span>
     <span class='ocr_line' id='line_1_91' title="bbox 1126 3795 1875 3873; baseline 0.003 -17"><span class='ocrx_word' id='word_1_514' title='bbox 1126 3797 1230 3858; x_wconf 91' lang='lat' dir='ltr'>indice</span> <span class='ocrx_word' id='word_1_515' title='bbox 1253 3803 1285 3856; x_wconf 90' lang='lat' dir='ltr'>et</span> <span class='ocrx_word' id='word_1_516' title='bbox 1306 3796 1573 3873; x_wconf 90' lang='lat' dir='ltr'>interpretatione</span> <span class='ocrx_word' id='word_1_517' title='bbox 1586 3795 1618 3856; x_wconf 94' lang='lat' dir='ltr'>in</span> <span class='ocrx_word' id='word_1_518' title='bbox 1635 3796 1793 3873; x_wconf 87' lang='lat' dir='ltr'>praedicta</span> <span class='ocrx_word' id='word_1_519' title='bbox 1809 3797 1875 3858; x_wconf 80' lang='lat' dir='ltr'>Tri-</span> 
     </span>
     <span class='ocr_line' id='line_1_92' title="bbox 1126 3889 1876 3968; baseline 0.001 -17"><span class='ocrx_word' id='word_1_520' title='bbox 1126 3890 1255 3951; x_wconf 89' lang='lat' dir='ltr'>dentina</span> <span class='ocrx_word' id='word_1_521' title='bbox 1278 3889 1408 3966; x_wconf 87' lang='lat' dir='ltr'>Synodo</span> <span class='ocrx_word' id='word_1_522' title='bbox 1431 3889 1560 3950; x_wconf 88' lang='lat' dir='ltr'>delinita</span> <span class='ocrx_word' id='word_1_523' title='bbox 1582 3897 1667 3962; x_wconf 90' lang='lat' dir='ltr'>sunt,</span> <span class='ocrx_word' id='word_1_524' title='bbox 1684 3891 1822 3968; x_wconf 90' lang='lat' dir='ltr'>suscipio</span> <span class='ocrx_word' id='word_1_525' title='bbox 1844 3898 1876 3952; x_wconf 91' lang='lat' dir='ltr'>et</span> 
     </span>
     <span class='ocr_line' id='line_1_93' title="bbox 1126 3983 1874 4063; baseline 0.003 -20"><span class='ocrx_word' id='word_1_526' title='bbox 1126 3985 1290 4062; x_wconf 86' lang='lat' dir='ltr'>profiteor.</span> <span class='ocrx_word' id='word_1_527' title='bbox 1308 3983 1474 4044; x_wconf 90' lang='lat' dir='ltr'>-Caetera</span> <span class='ocrx_word' id='word_1_528' title='bbox 1500 3983 1577 4044; x_wconf 90' lang='lat' dir='ltr'>item</span> <span class='ocrx_word' id='word_1_529' title='bbox 1606 3984 1712 4045; x_wconf 87' lang='lat' dir='ltr'>omnia</span> <span class='ocrx_word' id='word_1_530' title='bbox 1737 3985 1874 4063; x_wconf 90' lang='lat' dir='ltr'>suscipio</span> 
     </span>
     <span class='ocr_line' id='line_1_94' title="bbox 1126 4078 1874 4156; baseline 0.005 -17"><span class='ocrx_word' id='word_1_531' title='bbox 1126 4085 1158 4139; x_wconf 93' lang='lat' dir='ltr'>et</span> <span class='ocrx_word' id='word_1_532' title='bbox 1173 4079 1327 4156; x_wconf 86' lang='lat' dir='ltr'>profiteor</span> <span class='ocrx_word' id='word_1_533' title='bbox 1340 4094 1420 4154; x_wconf 87' lang='lat' dir='ltr'>quae</span> <span class='ocrx_word' id='word_1_534' title='bbox 1436 4078 1550 4156; x_wconf 91' lang='lat' dir='ltr'>recipit</span> <span class='ocrx_word' id='word_1_535' title='bbox 1566 4086 1598 4140; x_wconf 94' lang='lat' dir='ltr'>et</span> <span class='ocrx_word' id='word_1_536' title='bbox 1613 4081 1783 4156; x_wconf 85' lang='lat' dir='ltr'>profitetur</span> <span class='ocrx_word' id='word_1_537' title='bbox 1801 4079 1874 4142; x_wconf 89' lang='lat' dir='ltr'>San·</span> 
     </span>
     <span class='ocr_line' id='line_1_95' title="bbox 1125 4171 1874 4250; baseline 0 -16"><span class='ocrx_word' id='word_1_538' title='bbox 1125 4179 1173 4234; x_wconf 92' lang='lat' dir='ltr'>cta</span> <span class='ocrx_word' id='word_1_539' title='bbox 1194 4172 1334 4234; x_wconf 86' lang='lat' dir='ltr'>Romana</span> <span class='ocrx_word' id='word_1_540' title='bbox 1356 4171 1507 4243; x_wconf 88' lang='lat' dir='ltr'>Ecclesia,</span> <span class='ocrx_word' id='word_1_541' title='bbox 1532 4173 1694 4250; x_wconf 88' lang='lat' dir='ltr'>simulque</span> <span class='ocrx_word' id='word_1_542' title='bbox 1716 4175 1874 4235; x_wconf 87' lang='lat' dir='ltr'>contraria</span> 
     </span>
     <span class='ocr_line' id='line_1_96' title="bbox 1126 4267 1875 4332; baseline 0.004 -3"><span class='ocrx_word' id='word_1_543' title='bbox 1126 4267 1231 4329; x_wconf 91' lang='lat' dir='ltr'>omnia</span> <span class='ocrx_word' id='word_1_544' title='bbox 1264 4273 1296 4328; x_wconf 88' lang='lat' dir='ltr'>et</span> <span class='ocrx_word' id='word_1_545' title='bbox 1324 4267 1492 4329; x_wconf 91' lang='lat' dir='ltr'>schismata</span> <span class='ocrx_word' id='word_1_546' title='bbox 1524 4275 1556 4329; x_wconf 95' lang='lat' dir='ltr'>et</span> <span class='ocrx_word' id='word_1_547' title='bbox 1583 4268 1731 4331; x_wconf 88' lang='lat' dir='ltr'>haereses</span> <span class='ocrx_word' id='word_1_548' title='bbox 1759 4271 1797 4331; x_wconf 91' lang='lat' dir='ltr'>ab</span> <span class='ocrx_word' id='word_1_549' title='bbox 1827 4289 1875 4332; x_wconf 92' lang='grc'>33-</span> 
     </span>
     <span class='ocr_line' id='line_1_97' title="bbox 1126 4361 1875 4426; baseline 0.004 -3"><span class='ocrx_word' id='word_1_550' title='bbox 1126 4362 1198 4423; x_wconf 88' lang='lat' dir='ltr'>dem</span> <span class='ocrx_word' id='word_1_551' title='bbox 1225 4361 1363 4423; x_wconf 87' lang='lat' dir='ltr'>Ecclesia</span> <span class='ocrx_word' id='word_1_552' title='bbox 1396 4363 1556 4423; x_wconf 90' lang='lat' dir='ltr'>damnatas</span> <span class='ocrx_word' id='word_1_553' title='bbox 1585 4363 1717 4424; x_wconf 91' lang='lat' dir='ltr'>reiectas</span> <span class='ocrx_word' id='word_1_554' title='bbox 1748 4372 1779 4425; x_wconf 89' lang='lat' dir='ltr'>et</span> <span class='ocrx_word' id='word_1_555' title='bbox 1805 4383 1875 4426; x_wconf 92' lang='lat' dir='ltr'>ana-</span> 
     </span>
     <span class='ocr_line' id='line_1_98' title="bbox 1126 4457 1874 4534; baseline 0.007 -18"><span class='ocrx_word' id='word_1_556' title='bbox 1126 4457 1344 4518; x_wconf 88' lang='lat' dir='ltr'>thematizatas</span> <span class='ocrx_word' id='word_1_557' title='bbox 1376 4472 1438 4532; x_wconf 89' lang='lat' dir='ltr'>ego</span> <span class='ocrx_word' id='word_1_558' title='bbox 1470 4457 1589 4534; x_wconf 89' lang='lat' dir='ltr'>pariter</span> <span class='ocrx_word' id='word_1_559' title='bbox 1621 4458 1737 4519; x_wconf 89' lang='lat' dir='ltr'>damno</span> <span class='ocrx_word' id='word_1_560' title='bbox 1765 4460 1874 4521; x_wconf 90' lang='lat' dir='ltr'>reiicio</span> 
     </span>
     <span class='ocr_line' id='line_1_99' title="bbox 1126 4550 1874 4628; baseline 0.007 -18"><span class='ocrx_word' id='word_1_561' title='bbox 1126 4557 1157 4610; x_wconf 91' lang='lat' dir='ltr'>et</span> <span class='ocrx_word' id='word_1_562' title='bbox 1179 4551 1423 4610; x_wconf 88' lang='lat' dir='ltr'>anathematizo.</span> <span class='ocrx_word' id='word_1_563' title='bbox 1441 4583 1458 4595; x_wconf 94' lang='lat'><em>-</em></span> <span class='ocrx_word' id='word_1_564' title='bbox 1476 4550 1610 4628; x_wconf 88' lang='lat' dir='ltr'>Insuper</span> <span class='ocrx_word' id='word_1_565' title='bbox 1632 4551 1774 4614; x_wconf 88' lang='lat' dir='ltr'>Romano</span> <span class='ocrx_word' id='word_1_566' title='bbox 1796 4554 1874 4615; x_wconf 90' lang='lat' dir='ltr'>Pon-</span> 
     </span>
    </p>
   </div>
   <div class='ocr_carea' id='block_1_12' title="bbox 1120 4644 1873 4724">
    <p class='ocr_par' dir='ltr' id='par_1_12' title="bbox 1120 4644 1873 4724">
     <span class='ocr_line' id='line_1_100' title="bbox 1120 4644 1873 4724; baseline 0.005 -20"><span class='ocrx_word' id='word_1_567' title='bbox 1120 4645 1201 4722; x_wconf 84' lang='lat' dir='ltr'>tifici</span> <span class='ocrx_word' id='word_1_568' title='bbox 1234 4644 1316 4705; x_wconf 88' lang='lat' dir='ltr'>beati</span> <span class='ocrx_word' id='word_1_569' title='bbox 1345 4645 1429 4705; x_wconf 90' lang='lat' dir='ltr'>Petri</span> <span class='ocrx_word' id='word_1_570' title='bbox 1462 4645 1615 4723; x_wconf 88' lang='lat' dir='ltr'>Principis</span> <span class='ocrx_word' id='word_1_571' title='bbox 1645 4647 1873 4724; x_wconf 79' lang='lat' dir='ltr'>Apostolorum</span> 
     </span>
    </p>
   </div>
   <div class='ocr_carea' id='block_1_13' title="bbox 1124 4738 1874 6038">
    <p class='ocr_par' dir='ltr' id='par_1_13' title="bbox 1124 4738 1874 6038">
     <span class='ocr_line' id='line_1_101' title="bbox 1125 4738 1873 4802; baseline 0.005 -4"><span class='ocrx_word' id='word_1_572' title='bbox 1125 4739 1299 4800; x_wconf 88' lang='lat' dir='ltr'>successori</span> <span class='ocrx_word' id='word_1_573' title='bbox 1326 4755 1359 4799; x_wconf 90' lang='lat' dir='ltr'>ac</span> <span class='ocrx_word' id='word_1_574' title='bbox 1381 4738 1451 4799; x_wconf 85' lang='lat' dir='ltr'>lesu</span> <span class='ocrx_word' id='word_1_575' title='bbox 1474 4738 1593 4800; x_wconf 91' lang='lat' dir='ltr'>Christi</span> <span class='ocrx_word' id='word_1_576' title='bbox 1615 4740 1740 4802; x_wconf 86' lang='grc'>11133313</span> <span class='ocrx_word' id='word_1_577' title='bbox 1763 4757 1873 4802; x_wconf 87' lang='lat' dir='ltr'>veram</span> 
     </span>
     <span class='ocr_line' id='line_1_102' title="bbox 1126 4833 1874 4910; baseline 0.004 -15"><span class='ocrx_word' id='word_1_578' title='bbox 1126 4833 1339 4895; x_wconf 91' lang='lat' dir='ltr'>obedientiam</span> <span class='ocrx_word' id='word_1_579' title='bbox 1366 4833 1509 4910; x_wconf 90' lang='lat' dir='ltr'>spondeo</span> <span class='ocrx_word' id='word_1_580' title='bbox 1531 4851 1564 4896; x_wconf 90' lang='lat' dir='ltr'>ac</span> <span class='ocrx_word' id='word_1_581' title='bbox 1586 4834 1668 4896; x_wconf 90' lang='lat' dir='ltr'>iuro.</span> <span class='ocrx_word' id='word_1_582' title='bbox 1694 4869 1708 4878; x_wconf 96' lang='lat'>-</span> <span class='ocrx_word' id='word_1_583' title='bbox 1734 4835 1874 4898; x_wconf 89' lang='grc'>1133311-</span> 
     </span>
     <span class='ocr_line' id='line_1_103' title="bbox 1125 4926 1873 5006; baseline 0.001 -17"><span class='ocrx_word' id='word_1_584' title='bbox 1125 4928 1198 4990; x_wconf 86' lang='lat' dir='ltr'>dem</span> <span class='ocrx_word' id='word_1_585' title='bbox 1221 4927 1392 4988; x_wconf 89' lang='lat' dir='ltr'>catholicae</span> <span class='ocrx_word' id='word_1_586' title='bbox 1408 4926 1577 4999; x_wconf 88' lang='lat' dir='ltr'>Ecclesiae,</span> <span class='ocrx_word' id='word_1_587' title='bbox 1595 4935 1685 4988; x_wconf 86' lang='lat' dir='ltr'>extra</span> <span class='ocrx_word' id='word_1_588' title='bbox 1707 4944 1802 5006; x_wconf 88' lang='lat' dir='ltr'>quam</span> <span class='ocrx_word' id='word_1_589' title='bbox 1821 4947 1873 4990; x_wconf 91' lang='lat' dir='ltr'>ne-</span> 
     </span>
     <span class='ocr_line' id='line_1_104' title="bbox 1125 5021 1872 5099; baseline 0.004 -18"><span class='ocrx_word' id='word_1_590' title='bbox 1125 5037 1178 5082; x_wconf 92' lang='lat' dir='ltr'>mo</span> <span class='ocrx_word' id='word_1_591' title='bbox 1200 5021 1307 5082; x_wconf 88' lang='lat' dir='ltr'>salvus</span> <span class='ocrx_word' id='word_1_592' title='bbox 1330 5037 1400 5082; x_wconf 90' lang='lat' dir='ltr'>esse</span> <span class='ocrx_word' id='word_1_593' title='bbox 1421 5027 1537 5098; x_wconf 88' lang='lat' dir='ltr'>potest,</span> <span class='ocrx_word' id='word_1_594' title='bbox 1556 5035 1650 5098; x_wconf 87' lang='lat' dir='ltr'>quam</span> <span class='ocrx_word' id='word_1_595' title='bbox 1667 5022 1699 5082; x_wconf 94' lang='lat' dir='ltr'>in</span> <span class='ocrx_word' id='word_1_596' title='bbox 1716 5025 1872 5099; x_wconf 91' lang='lat' dir='ltr'>praesenti</span> 
     </span>
     <span class='ocr_line' id='line_1_105' title="bbox 1124 5115 1870 5193; baseline 0.003 -17"><span class='ocrx_word' id='word_1_597' title='bbox 1124 5123 1238 5193; x_wconf 90' lang='lat' dir='ltr'>sponte</span> <span class='ocrx_word' id='word_1_598' title='bbox 1261 5115 1415 5193; x_wconf 83' lang='lat' dir='ltr'>profiteor</span> <span class='ocrx_word' id='word_1_599' title='bbox 1438 5122 1470 5176; x_wconf 92' lang='lat' dir='ltr'>et</span> <span class='ocrx_word' id='word_1_600' title='bbox 1491 5116 1769 5187; x_wconf 88' lang='grc'>33333133333333,</span> <span class='ocrx_word' id='word_1_601' title='bbox 1788 5133 1870 5178; x_wconf 92' lang='lat' dir='ltr'>eam-</span> 
     </span>
     <span class='ocr_line' id='line_1_106' title="bbox 1125 5209 1873 5287; baseline 0.003 -16"><span class='ocrx_word' id='word_1_602' title='bbox 1125 5211 1198 5271; x_wconf 91' lang='lat' dir='ltr'>dem</span> <span class='ocrx_word' id='word_1_603' title='bbox 1220 5210 1380 5285; x_wconf 90' lang='lat' dir='ltr'>integram</span> <span class='ocrx_word' id='word_1_604' title='bbox 1402 5216 1434 5270; x_wconf 92' lang='grc'>33</span> <span class='ocrx_word' id='word_1_605' title='bbox 1449 5209 1632 5271; x_wconf 88' lang='lat' dir='ltr'>inviolatam</span> <span class='ocrx_word' id='word_1_606' title='bbox 1649 5213 1804 5287; x_wconf 81' lang='lat' dir='ltr'>usquead</span> <span class='ocrx_word' id='word_1_607' title='bbox 1821 5229 1873 5273; x_wconf 82' lang='grc'>33-</span> 
     </span>
     <span class='ocr_line' id='line_1_107' title="bbox 1125 5301 1870 5380; baseline 0 -15"><span class='ocrx_word' id='word_1_608' title='bbox 1125 5311 1266 5365; x_wconf 88' lang='lat' dir='ltr'>lremum</span> <span class='ocrx_word' id='word_1_609' title='bbox 1299 5303 1382 5363; x_wconf 88' lang='lat' dir='ltr'>vitae</span> <span class='ocrx_word' id='word_1_610' title='bbox 1415 5301 1563 5380; x_wconf 86' lang='lat' dir='ltr'>spiritum</span> <span class='ocrx_word' id='word_1_611' title='bbox 1596 5305 1870 5375; x_wconf 88' lang='lat' dir='ltr'>constantissime,</span> 
     </span>
     <span class='ocr_line' id='line_1_108' title="bbox 1124 5396 1873 5469; baseline 0.001 -12"><span class='ocrx_word' id='word_1_612' title='bbox 1124 5397 1190 5457; x_wconf 91' lang='lat' dir='ltr'>Deo</span> <span class='ocrx_word' id='word_1_613' title='bbox 1218 5396 1398 5466; x_wconf 87' lang='lat' dir='ltr'>adiuvante,</span> <span class='ocrx_word' id='word_1_614' title='bbox 1430 5396 1572 5457; x_wconf 87' lang='grc'>33313333</span> <span class='ocrx_word' id='word_1_615' title='bbox 1595 5403 1627 5458; x_wconf 89' lang='grc'>33</span> <span class='ocrx_word' id='word_1_616' title='bbox 1649 5398 1806 5469; x_wconf 88' lang='lat' dir='ltr'>conliteri,</span> <span class='ocrx_word' id='word_1_617' title='bbox 1831 5405 1873 5458; x_wconf 90' lang='lat' dir='ltr'>at-</span> 
     </span>
     <span class='ocr_line' id='line_1_109' title="bbox 1125 5490 1872 5567; baseline 0.003 -17"><span class='ocrx_word' id='word_1_618' title='bbox 1125 5505 1187 5566; x_wconf 85' lang='lat' dir='ltr'>que</span> <span class='ocrx_word' id='word_1_619' title='bbox 1204 5507 1220 5550; x_wconf 93' lang='lat' dir='ltr'>a</span> <span class='ocrx_word' id='word_1_620' title='bbox 1235 5490 1315 5550; x_wconf 92' lang='lat' dir='ltr'>meis</span> <span class='ocrx_word' id='word_1_621' title='bbox 1331 5490 1466 5552; x_wconf 91' lang='lat' dir='ltr'>subditis</span> <span class='ocrx_word' id='word_1_622' title='bbox 1482 5491 1534 5550; x_wconf 91' lang='grc'>331</span> <span class='ocrx_word' id='word_1_623' title='bbox 1553 5490 1627 5561; x_wconf 86' lang='grc'>11113,</span> <span class='ocrx_word' id='word_1_624' title='bbox 1643 5505 1782 5567; x_wconf 83' lang='lat' dir='ltr'>quorum</span> <span class='ocrx_word' id='word_1_625' title='bbox 1798 5508 1872 5552; x_wconf 89' lang='lat' dir='ltr'>cura</span> 
     </span>
     <span class='ocr_line' id='line_1_110' title="bbox 1124 5584 1871 5661; baseline 0.003 -17"><span class='ocrx_word' id='word_1_626' title='bbox 1124 5585 1161 5645; x_wconf 91' lang='lat' dir='ltr'>ad</span> <span class='ocrx_word' id='word_1_627' title='bbox 1190 5584 1297 5644; x_wconf 90' lang='lat' dir='ltr'>mein</span> <span class='ocrx_word' id='word_1_628' title='bbox 1321 5600 1393 5644; x_wconf 91' lang='lat' dir='ltr'>meo</span> <span class='ocrx_word' id='word_1_629' title='bbox 1417 5600 1553 5646; x_wconf 90' lang='lat' dir='ltr'>munere</span> <span class='ocrx_word' id='word_1_630' title='bbox 1575 5585 1739 5661; x_wconf 89' lang='lat' dir='ltr'>spectabit,</span> <span class='ocrx_word' id='word_1_631' title='bbox 1769 5587 1871 5646; x_wconf 88' lang='grc'>333331</span> 
     </span>
     <span class='ocr_line' id='line_1_111' title="bbox 1125 5677 1870 5754; baseline 0.001 -16"><span class='ocrx_word' id='word_1_632' title='bbox 1125 5677 1231 5738; x_wconf 88' lang='lat' dir='ltr'>doceri</span> <span class='ocrx_word' id='word_1_633' title='bbox 1255 5684 1287 5738; x_wconf 89' lang='grc'>33</span> <span class='ocrx_word' id='word_1_634' title='bbox 1302 5677 1487 5754; x_wconf 89' lang='lat' dir='ltr'>praedicari,</span> <span class='ocrx_word' id='word_1_635' title='bbox 1506 5683 1661 5753; x_wconf 84' lang='lat' dir='ltr'>qnantum</span> <span class='ocrx_word' id='word_1_636' title='bbox 1682 5678 1713 5738; x_wconf 91' lang='lat' dir='ltr'>in</span> <span class='ocrx_word' id='word_1_637' title='bbox 1731 5693 1783 5738; x_wconf 92' lang='lat' dir='ltr'>me</span> <span class='ocrx_word' id='word_1_638' title='bbox 1799 5679 1870 5750; x_wconf 91' lang='lat' dir='ltr'>erit,</span> 
     </span>
     <span class='ocr_line' id='line_1_112' title="bbox 1124 5771 1872 5849; baseline 0 -17"><span class='ocrx_word' id='word_1_639' title='bbox 1124 5787 1176 5832; x_wconf 92' lang='lat' dir='ltr'>me</span> <span class='ocrx_word' id='word_1_640' title='bbox 1213 5778 1412 5833; x_wconf 90' lang='lat' dir='ltr'>curaturum.</span> <span class='ocrx_word' id='word_1_641' title='bbox 1455 5771 1535 5832; x_wconf 90' lang='lat' dir='ltr'>Haec</span> <span class='ocrx_word' id='word_1_642' title='bbox 1572 5787 1632 5847; x_wconf 89' lang='lat' dir='ltr'>ego</span> <span class='ocrx_word' id='word_1_643' title='bbox 1668 5771 1779 5849; x_wconf 89' lang='lat' dir='ltr'>loseph</span> <span class='ocrx_word' id='word_1_644' title='bbox 1817 5772 1872 5832; x_wconf 88' lang='lat' dir='ltr'>Ga-</span> 
     </span>
     <span class='ocr_line' id='line_1_113' title="bbox 1124 5863 1871 5942; baseline 0.003 -18"><span class='ocrx_word' id='word_1_645' title='bbox 1124 5881 1204 5926; x_wconf 87' lang='grc'>3333</span> <span class='ocrx_word' id='word_1_646' title='bbox 1227 5864 1405 5926; x_wconf 91' lang='lat' dir='ltr'>Patriarcha</span> <span class='ocrx_word' id='word_1_647' title='bbox 1427 5863 1647 5925; x_wconf 89' lang='lat' dir='ltr'>Antiochenus</span> <span class='ocrx_word' id='word_1_648' title='bbox 1669 5863 1871 5942; x_wconf 85' lang='lat' dir='ltr'>Syro-Alaro-</span> 
     </span>
     <span class='ocr_line' id='line_1_114' title="bbox 1125 5957 1871 6038; baseline 0.001 -18"><span class='ocrx_word' id='word_1_649' title='bbox 1125 5959 1264 6022; x_wconf 88' lang='lat' dir='ltr'>nitarum</span> <span class='ocrx_word' id='word_1_650' title='bbox 1287 5960 1440 6038; x_wconf 89' lang='lat' dir='ltr'>sponde0,</span> <span class='ocrx_word' id='word_1_651' title='bbox 1465 5973 1569 6019; x_wconf 86' lang='grc'>33333</span> <span class='ocrx_word' id='word_1_652' title='bbox 1592 5965 1623 6020; x_wconf 88' lang='grc'>33</span> <span class='ocrx_word' id='word_1_653' title='bbox 1644 5959 1727 6021; x_wconf 91' lang='lat' dir='ltr'>iuro.</span> <span class='ocrx_word' id='word_1_654' title='bbox 1753 5957 1803 6022; x_wconf 87' lang='lat' dir='ltr'>Sic</span> <span class='ocrx_word' id='word_1_655' title='bbox 1820 5976 1871 6021; x_wconf 91' lang='lat' dir='ltr'>me</span> 
     </span>
    </p>
   </div>
   <div class='ocr_carea' id='block_1_14' title="bbox 0 0 2390 6982">
    <p class='ocr_par' dir='ltr' id='par_1_14' title="bbox 0 0 2390 6982">
     <span class='ocr_line' id='line_1_115' title="bbox 0 0 2390 6982; baseline 0 0"><span class='ocrx_word' id='word_1_656' title='bbox 0 0 2390 6982; x_wconf 95' lang='lat' dir='ltr'> </span> 
     </span>
    </p>
   </div>
   <div class='ocr_carea' id='block_1_15' title="bbox 1799 560 2099 623">
    <p class='ocr_par' dir='ltr' id='par_1_15' title="bbox 1799 560 2099 623">
     <span class='ocr_line' id='line_1_116' title="bbox 1799 560 2099 623; baseline -0.03 0"><span class='ocrx_word' id='word_1_657' title='bbox 1799 560 1859 623; x_wconf 78' lang='lat' dir='ltr'>aba</span> <span class='ocrx_word' id='word_1_658' title='bbox 1910 563 1962 613; x_wconf 84' lang='lat' dir='ltr'>An.</span> <span class='ocrx_word' id='word_1_659' title='bbox 1978 563 2007 614; x_wconf 90' lang='lat' dir='ltr'>o.</span> <span class='ocrx_word' id='word_1_660' title='bbox 2031 563 2099 615; x_wconf 75' lang='lat' dir='ltr'>reas</span> 
     </span>
    </p>
   </div>
  </div>
 </body>
</html>
