4822 6986
569 563 630 629 420

550 703 784 782 procediturad
807 703 998 767 electionem
1021 704 1295 782 hegumenorum,

551 812 691 876 quorum
720 798 843 876 psincus
872 799 958 862 vices
988 798 1107 862 abbatis
1138 797 1298 876 generalis

551 895 654 966 geret,
680 889 781 952 donec
802 889 896 953 abbas
918 890 986 970 ipse
1002 889 1162 968 generalis
1184 889 1296 952 aderit.

550 983 640 1058 Quod
661 984 687 1045 si
709 984 819 1047 adesse
841 985 951 1065 possit,
972 993 1142 1063 antequam
1165 1001 1299 1063 congre-

551 1078 635 1155 gatio
658 1078 818 1156 generalis
847 1079 1042 1152 absolvatur,
1065 1085 1142 1142 tunc
1169 1080 1299 1142 enthro-

551 1173 675 1236 nismus
697 1173 767 1236 eius
788 1175 884 1237 modo
906 1174 1087 1254 supradicto
1109 1176 1173 1238 fiat.

592 1283 671 1330 xvir.
694 1266 807 1345 Neque
828 1267 932 1331 abbati
954 1269 1099 1346 generali
1117 1285 1223 1348 neque
1245 1271 1300 1334 he-

552 1361 702 1440 gumenis
731 1361 776 1424 las
799 1367 848 1424 est
877 1363 1068 1426 electionem
1097 1380 1187 1426 suam
1209 1381 1300 1428 recu·

526 1445 529 1454 ’
551 1470 633 1526 sare,
657 1461 712 1516 aut
734 1455 874 1518 odicium
895 1455 1052 1520 abdicare.
1078 1455 1204 1520 Sinera
1227 1475 1300 1522 oon-

553 1549 663 1626 tigerit
675 1565 729 1611 eos
743 1565 783 1612 ex
794 1550 939 1628 legitimi
961 1551 1051 1613 causa
1067 1552 1104 1615 ab
1121 1553 1215 1615 otiicii
1227 1569 1300 1616 exe-

552 1642 681 1704 cutione
703 1643 863 1722 impediri,
878 1644 910 1706 in
933 1646 1184 1724 congregatione
1199 1647 1301 1724 hegu-

551 1753 724 1800 menorum
748 1744 854 1817 potest
874 1739 1012 1802 vicarius
1028 1741 1074 1802 eis
1086 1741 1248 1815 substitui,
1265 1749 1302 1804 ut

552 1826 674 1894 dictum
696 1838 745 1894 est
766 1838 845 1910 part.
869 1849 931 1906 ιιι.,
955 1850 1021 1913 cap.
1046 1851 1088 1896 ιν.

320 1930 532 1985 assequentibus
593 1943 685 1991 ιιιιιι.
703 1925 857 1988 Absoluta
868 1927 987 1990 abbatis
1001 1929 1160 2006 generalis
1173 1929 1301 1994 electio-

320 1981 477 2030 electionem.

553 2039 605 2093 ne,
629 2021 783 2083 continuo
804 2020 843 2082 ad
864 2021 1057 2085 electionem
1086 2030 1224 2101 quatuor
1246 2026 1301 2087 he-

553 2130 772 2192 gumenorum
804 2113 892 2177 iuxta
921 2117 1119 2194 praedictum
1153 2119 1299 2182 ordinem

552 2210 744 2288 procedent,
770 2207 894 2272 etiamsi
920 2210 1040 2273 electus
1070 2213 1227 2289 generalis
1251 2214 1302 2276 ab·

551 2319 626 2366 sens
649 2303 759 2366 luerit.

591 2397 736 2460 Primum
759 2398 963 2476 hegumenus
984 2401 1017 2462 in
1043 2401 1188 2464 manibus
1210 2402 1301 2466 abba-

551 2493 591 2554 tis
614 2493 786 2569 generalis,
803 2494 867 2567 rel,
885 2511 923 2556 eo
945 2495 1088 2568 absente,
1104 2497 1138 2558 in
1154 2498 1300 2562 manibus

552 2587 708 2665 dignioris
731 2603 771 2649 ex
792 2588 956 2652 vocalibus
985 2590 1130 2668 resignet
1155 2591 1300 2668 sigillum

552 2689 584 2744 et
613 2682 763 2757 officium,
781 2689 817 2746 ut
845 2698 958 2762 supra3
986 2700 1062 2747 mox
1084 2685 1235 2764 suilragia
1257 2686 1300 2750 le-

551 2781 680 2850 ruutur,
695 2783 727 2838 et
747 2775 774 2838 si
797 2777 860 2840 duo
881 2778 934 2842 vel
956 2784 1022 2841 tres
1045 2779 1136 2858 plura
1150 2781 1301 2859 suffragia

552 2869 671 2932 habere
692 2869 913 2949 reperiuntur,
929 2873 1011 2935 itaut
1025 2881 1170 2950 quartam
1186 2876 1300 2937 saltem

552 2969 676 3042 partem
687 2964 807 3044 singuli
823 2965 999 3040 obtineant,
1016 2967 1111 3030 abbas
1127 2969 1298 3048 generalis,

552 3073 666 3120 recens
688 3058 821 3133 electus,
845 3061 909 3134 vel,
934 3077 972 3123 eo
999 3061 1147 3136 absente,
1172 3063 1300 3140 dignior

553 3168 593 3213 ex
614 3152 777 3214 vocalibus
794 3153 946 3235 (exclusis
961 3155 999 3216 iis
1012 3155 1068 3232 qui
1079 3157 1301 3239 nominantur)

553 3245 634 3308 dicat
654 3246 691 3309 ad
713 3253 841 3309 coetum
863 3249 1112 3312 monachorum:

592 3337 766 3402 Reverendi
776 3346 897 3422 patres,
914 3342 954 3406 N.
971 3342 1011 3406 Ν.
1028 3350 1058 3406 et
1073 3344 1112 3408 N.
1130 3344 1169 3406 N.
1185 3343 1301 3410 habent

548 3434 648 3514 plura
668 3435 828 3518 euprepia
844 3453 938 3516 quam
959 3438 1095 3518 reliqui,·
1116 3455 1156 3502 eu
1178 3439 1228 3503 his
1241 3441 1300 3522 ipi-

552 3531 607 3590 tur
625 3529 756 3609 potestis
777 3529 890 3610 eligere
912 3545 1014 3593 unum
1026 3531 1061 3594 in
1077 3531 1297 3613 hegumenum.

589 3621 694 3684 Finito
726 3623 903 3697 scrutinio,
938 3625 1060 3687 electus
1093 3626 1299 3704 hegumenus

551 3715 777 3794 promulgatur
797 3716 835 3778 ab
858 3716 969 3781 abbate
995 3720 1149 3796 generali,
1173 3727 1237 3796 aut,
1262 3739 1300 3785 eo

551 3810 694 3886 absente,
719 3829 735 3874 a
757 3811 897 3890 digniori
919 3829 959 3877 er
981 3813 1156 3890 vocalibus
1174 3815 1207 3878 in
1222 3816 1300 3880 haec

551 3904 666 3968 verba:

592 3997 767 4064 Reuerendi
787 4005 907 4082 patres.
938 4001 1040 4066 Facta
1068 4003 1301 4085 suffragiorum

552 4094 1301 4178 collationaiuumimusmaiorempartemeon-

551 4189 749 4272 preputiouis
770 4194 900 4254 nostrae
918 4191 1087 4254 conuenire
1101 4193 1136 4255 iu
1152 4193 1301 4258 electione

551 4283 717 4346 reuerendi
742 4285 849 4366 patris
874 4283 913 4348 N.
943 4284 1015 4348 ideo
1044 4288 1172 4350 nomiae
1202 4290 1300 4353 totius

552 4379 810 4460 congregationis
831 4383 961 4442 orostrae
985 4384 1015 4441 et
1032 4385 1187 4461 potestate
1208 4401 1229 4447 a
1250 4402 1300 4446 oo-

552 4471 598 4536 bis
620 4472 700 4534 mibi
728 4472 893 4544 coacescat,
921 4475 1102 4554 pronuncio
1124 4481 1154 4538 et
1175 4476 1299 4541 declaro

552 4566 759 4630 reamandum
778 4572 904 4647 patrem
927 4567 965 4630 N.
990 4569 1122 4632 electum
1149 4569 1250 4651 tuisse
1272 4577 1301 4634 et

551 4677 615 4722 esse
636 4660 857 4742 hegumenum.

591 4753 693 4818 Addat
713 4755 747 4818 in
761 4757 833 4819 llne
851 4757 1006 4837 prinum,
1029 4757 1214 4829 secundum,
1239 4765 1300 4822 tes-

552 4850 633 4912 tium
654 4850 708 4912 vel
737 4855 908 4930 quartum,
932 4851 1020 4913 iuxta
1045 4853 1300 4932 uniuscuiusque

551 4943 730 5023 hegumeni
751 4945 869 5008 locum.

592 5039 801 5118 Hegumenus
824 5039 945 5103 electus
961 5040 1064 5102 abbati
1087 5043 1231 5119 generali
1247 5059 1300 5120 ge-

552 5135 713 5208 nuflectat,
731 5134 867 5212 eiusque
883 5151 1015 5196 manum
1032 5135 1244 5210 deosculatus,
1263 5138 1300 5200 ad

551 5231 717 5292 dexteram
739 5229 839 5308 ipsius
858 5228 911 5290 rel
934 5228 1097 5290 sinistram
1112 5230 1199 5293 iuxta
1217 5231 1300 5294 ordi-

551 5341 626 5388 nem
657 5339 752 5384 suum
775 5322 880 5384 stabit.
912 5321 1016 5385 Abbas
1037 5339 1116 5386 uero
1140 5325 1299 5402 generalis

550 5419 644 5481 illum
666 5417 703 5480 ad
733 5417 879 5479 osculum
910 5415 1071 5490 admittet,
1096 5417 1191 5495 eique
1212 5419 1299 5497 sigil·

551 5514 619 5576 lum
643 5511 736 5574 officii
758 5511 873 5573 tradet.
901 5509 982 5572 Tum
1006 5510 1119 5574 tratres
1140 5512 1228 5575 iuxta
1251 5529 1300 5575 or-

552 5609 660 5671 dinem
672 5623 778 5680 suum,
797 5605 873 5669 tacta
897 5604 985 5684 prius
1001 5605 1102 5678 altari,
1117 5605 1233 5670 deinde
1249 5607 1300 5669 ab·

550 5703 614 5765 bati
637 5701 781 5780 generali
796 5707 828 5763 et
847 5699 1041 5778 hegumenis
1062 5705 1154 5762 antea
1176 5701 1297 5773 electio,

551 5803 605 5859 aui
624 5795 659 5858 in
681 5796 784 5859 cilicio
806 5795 1013 5868 confirmatis,
1037 5796 1231 5868 reverentia,
1250 5812 1300 5858 co·

551 5905 619 5952 ram
632 5890 818 5968 hegumeno
831 5906 944 5952 reeens
967 5889 1070 5952 electo
1083 5889 1300 5967 genuflecten-

550 5991 611 6057 tes,
635 5999 766 6046 manum
795 5985 863 6048 eius
894 5984 1089 6048 osculantur.
1119 5983 1300 6062 Hegumeni

1069 583 1136 630 illu.
1160 581 1252 630 honr.
1276 581 1317 629 DE
1338 583 1369 629 P.
1392 583 1422 630 1‘.
1446 583 1530 632 PARS
1552 585 1574 632 1.

1355 717 1434 766 vero
1467 710 1569 779 antea,
1596 711 1632 768 ut
1659 722 1772 786 supra,
1804 706 1916 779 electi,
1947 707 2121 784 collegam

1355 811 1451 858 suurn
1480 805 1552 877 post
1572 801 1657 879 ipsos
1687 800 1827 864 electum
1849 801 1886 864 ad
1908 801 1993 880 pacis
2022 815 2122 862 oscu-

1356 890 1424 952 lum
1454 893 1639 970 admittant3
1669 895 1696 955 si
1721 895 1928 971 hegumenus
1957 894 2121 958 sacerdos

1357 1001 1422 1048 non
1437 985 1546 1060 luerit,
1561 986 1627 1050 sola
1642 988 1725 1068 pacis
1740 989 1974 1068 apprecatione,
1991 988 2122 1052 omissi

1357 1079 1594 1155 genuflexione,
1618 1081 1840 1144 honorabitur.

1396 1189 1464 1235 ιιιιι.
1488 1174 1589 1238 Penes
1611 1177 1896 1254 congregationem
1919 1179 2121 1256 generalem

1357 1272 1405 1329 est
1432 1268 1578 1332 abbatem
1609 1271 1795 1348 generalem
1824 1273 2036 1348 confirmare,
2061 1273 2121 1338 vel

1357 1376 1479 1424 novum
1492 1363 1631 1441 eligere:
1647 1364 1910 1443 hegumenorum
1920 1369 2048 1446 pariter
2061 1385 2121 1448 po-

1357 1460 1506 1519 testatem
1538 1472 1715 1537 prorogare
1746 1466 1800 1522 aut
1830 1460 2006 1540 abrogare,
2044 1464 2120 1528 sive

1358 1548 1513 1628 quosdam
1535 1553 1739 1627 confirmare,
1757 1559 1789 1615 et
1803 1553 1881 1616 alios
1897 1556 1937 1619 de
1949 1573 2042 1620 novo
2059 1559 2120 1620 eli-

1358 1659 1446 1720 gere.
1471 1643 1561 1719 Nam,
1579 1661 1693 1710 omnes
1708 1647 1806 1711 simul
1829 1649 2014 1728 eodemque
2031 1660 2119 1714 tem-

1358 1753 1436 1816 pore
1458 1745 1596 1814 mutare,
1611 1739 1718 1803 minus
1741 1742 1894 1822 expedire
1916 1745 2066 1820 videtur,
2081 1755 2121 1812 ut

1359 1831 1513 1894 nimirum
1543 1849 1646 1897 novus
1675 1835 1881 1912 hegumenus
1907 1856 1924 1900 a
1951 1847 2118 1906 veterano

1357 1924 1541 1988 rudimenta
1553 1927 1630 1990 novi
1651 1928 1745 1990 officii
1767 1930 1877 2008 capiat.
1902 1931 1935 1994 Si
1956 1947 2053 2006 vero,
2072 1943 2119 1998 at-

1357 2017 1455 2080 tentis
1477 2020 1734 2096 circumstantiis,
1751 2037 1844 2086 secus
1859 2026 2025 2102 agendum
2050 2028 2118 2092 ele-

1358 2112 1499 2175 ctoribus
1521 2115 1555 2177 in
1577 2115 1712 2178 llomino
1741 2115 1848 2180 visum
1875 2119 1991 2194 luerit,
2019 2122 2059 2184 ad
2083 2139 2118 2185 o-

1358 2207 1483 2270 mnium
1516 2210 1612 2272 etiam
1641 2211 1904 2290 hegumenorum
1938 2215 2116 2296 depositio·

1358 2319 1433 2365 nem
1456 2311 1526 2367 tulo
1549 2307 1735 2384 procedent.

1399 2414 1451 2460 ιιι.
1472 2397 1670 2463 Secretarius
1685 2403 1958 2481 congregationis,
1973 2413 2042 2468 tam
2060 2425 2115 2486 ge.
2148 2426 2206 2488 gg,
2220 2427 2241 2470 ὴ,
2255 2431 2310 2472 mh,

1358 2493 1475 2555 neralis
1490 2491 1622 2564 abbatis,
1640 2511 1735 2574 quam
1751 2497 2029 2574 hegumenorum,
2049 2501 2115 2564 ole-
2134 2489 2173 2578 ἑξ),
2203 2480 2310 2526 ⁰¹¹⁵⁰¹⁸³l

1357 2585 1497 2650 clionem
1512 2587 1545 2650 in
1560 2595 1626 2651 acta
1647 2589 1777 2663 referat,
1796 2605 1887 2668 quae,
1901 2592 2114 2673 subscriptio-

1357 2680 1451 2744 nibus
1464 2681 1610 2744 omniurn
1622 2684 1783 2747 vocalium
1806 2685 1940 2759 firmata,
1957 2687 1992 2750 in
2009 2689 2114 2753 archi·

1356 2776 1409 2839 vio
1431 2784 1650 2840 asserventur.

1396 2869 1549 2933 Absoluta
1581 2877 1719 2950 quatuor
1751 2873 2016 2952 hegumenorum
2047 2879 2113 2943 ele·

1356 2964 1473 3038 ctione,
1497 2965 1623 3029 divinae
1646 2967 1801 3031 maiestati
1824 2971 1943 3047 gratiae
1964 2975 2112 3050 agendae

1356 3065 1442 3122 sunt.
1466 3057 1617 3133 Quocirca
1632 3061 1725 3124 abbas
1742 3064 1900 3140 generalis
1917 3082 1991 3128 cum
2008 3067 2111 3145 hegu-

1357 3152 1460 3214 menis
1475 3159 1507 3216 et
1521 3153 1671 3217 omnibus
1693 3156 1835 3235 patribus
1854 3159 2021 3222 vocalibus
2037 3171 2110 3224 ante

1357 3253 1482 3326 portam
1499 3248 1636 3310 mediam
1652 3249 1759 3311 altaris
1776 3251 1919 3330 procidat
1939 3253 1972 3315 in
1990 3269 2109 3332 genua,

1356 3341 1480 3420 primus
1502 3342 1585 3422 ipse,
1610 3343 1726 3406 deinde
1748 3351 1886 3422 quatuor
1914 3347 2108 3425 hegumeni,

1356 3451 1433 3498 mcx
1455 3436 1573 3514 reliqui
1599 3437 1686 3500 iuxta
1709 3439 1855 3502 ordinem
1885 3456 1994 3504 suum.
2027 3443 2109 3508 'lum

1355 3529 1484 3610 incipiat
1505 3529 1664 3609 psalmum
1688 3547 1837 3606 curvus,
1862 3534 1999 3613 reliquis
2023 3536 2110 3602 hunc

1357 3624 1480 3686 etduos
1502 3631 1675 3703 sequentes
1698 3626 1837 3706 psalmos
1860 3628 2047 3693 alternatim
2063 3649 2110 3695 ca·

1356 3719 1524 3782 uentibus:

1396 3808 1541 3877 Laudate
1569 3813 1741 3878 Dominum
1769 3816 1806 3880 de
1834 3819 1945 3882 coelis:
1974 3820 2110 3886 laudate

1355 3925 1427 3970 euin
1448 3909 1482 3971 in
1506 3910 1648 3982 eucelsis,
1672 3917 1732 3974 etc.

1396 4001 1515 4077 Quibus
1537 4003 1646 4078 linitis,
1660 4019 1834 4083 assurgens
1855 4007 1950 4070 abbas
1972 4025 2110 4087 genera·

1355 4097 1412 4170 lis,
1435 4103 1588 4176 stansque
1609 4099 1643 4160 in
1664 4101 1756 4178 porta
1781 4100 1903 4174 medii,
1927 4119 2109 4166 conversus

1356 4193 1391 4256 ad
1415 4192 1532 4267 altare,
1556 4192 1709 4256 tratribus
1739 4195 1936 4272 genuflexis,
1967 4213 2108 4276 sequen-

1356 4291 1422 4348 tem
1444 4285 1662 4365 precationem
1684 4288 1847 4351 recitabit:

1398 4379 1530 4443 Guatias
1552 4381 1678 4462 agimus
1701 4379 1769 4452 tibi,
1793 4381 1877 4445 Deus
1898 4391 2020 4456 noster,
2041 4385 2108 4448 Tri-

1356 4475 1443 4536 nitas
1464 4475 1682 4546 sanctissima,
1696 4475 1794 4539 Pater
1816 4482 1846 4540 et
1866 4477 1931 4540 Nili
1952 4484 1984 4540 et
2006 4477 2107 4561 Spiri-

1356 4573 1408 4631 tus
1430 4565 1564 4642 Sancte;
1587 4571 1749 4648 quomam,
1772 4571 1856 4632 sicut
1878 4571 1919 4634 ad
1941 4577 2035 4635 tuum
2050 4590 2107 4635 nos

1353 4662 1548 4743 peculiarem
1569 4663 1766 4743 famulatum
1786 4666 1999 4747 assumpsisti,
2014 4673 2106 4746 atqua

1356 4756 1391 4818 in
1402 4756 1524 4819 sanctis
1537 4753 1754 4820 tabernaculis
1767 4757 1831 4820 tuis
1843 4759 2019 4830 collocasti,
2036 4761 2105 4841 [ra-

1356 4854 1479 4928 tresque
1501 4851 1535 4912 iu
1563 4849 1682 4931 spiritu
1710 4851 1897 4914 coniunctos
1925 4853 2057 4934 effecisti
2077 4858 2106 4914 et

1356 4943 1554 5006 conectituisti
1574 4944 1610 5006 in
1631 4949 1736 5006 moute
1765 4943 1860 5015 Sion,
1884 4947 1938 5024 qui
1959 4953 2006 5009 est
2034 4945 2104 5010 reli·

1340 5035 1463 5118 'piosus
1490 5041 1611 5109 stactus,
1639 5054 1760 5119 poneres
1785 5055 1896 5119 pacem
1920 5040 1999 5121 fines
2019 5055 2101 5108 suos,

1356 5147 1507 5210 lauroque
1533 5129 1752 5194 circumdatus
1780 5129 1986 5204 obedieutiae,
2011 5132 2103 5197 costi-

1356 5225 1434 5288 totis
1456 5231 1485 5286 et
1503 5225 1708 5289 voluntariae
1725 5227 1941 5307 paupertatis,
1966 5243 2025 5306 quo
2040 5243 2102 5308 spe·

1356 5319 1517 5382 ctaculum
1545 5320 1692 5400 fiereueus
1714 5320 1837 5400 onpelis
1858 5325 1888 5382 et
1909 5318 2100 5389 bairainibuo

1355 5412 1403 5475 ita
1425 5413 1515 5477 hodie
1529 5414 1640 5495 pratici
1662 5413 1720 5476 tud
1741 5413 1905 5478 iunooasti
1926 5415 2099 5484 vinculum,

1356 5522 1414 5584 quo
1437 5509 1605 5592 iungimus
1633 5507 1797 5570 dilectioni
1819 5513 1904 5579 tuae,
1932 5525 2048 5588 uosque
2068 5508 2101 5570 iu

1356 5603 1558 5667 hierarchias
1570 5609 1599 5665 et
1615 5602 1726 5665 choros
1741 5601 2032 5666 imsimilitudinem
2047 5618 2100 5666 an-

1355 5699 1495 5781 gelorum
1524 5697 1706 5760 distinaisti
1735 5696 1776 5761 ad
1803 5697 1904 5778 officia
1932 5695 2100 5760 ministerii

1356 5793 1405 5855 tui
1426 5793 1461 5854 iu
1480 5790 1634 5872 paradiso
1656 5791 1767 5853 domus
1793 5797 1879 5862 tatae,
1903 5807 1992 5869 quem
2010 5789 2098 5870 plau·

1356 5886 1433 5950 tosti
1461 5881 1562 5954 uobis,
1586 5889 1616 5946 et
1636 5884 1672 5946 in
1699 5901 1758 5962 quo
1787 5902 1844 5946 nos
1866 5883 2043 5974 collocasti,
2065 5883 2100 5942 ut

1355 5996 1395 6042 su
1416 5978 1521 6042 eodem
1542 5977 1672 6058 fructus
1694 5977 1779 6042 vitae
1801 5977 1962 6058 perfectae
1983 5973 2098 6054 calliae-
