4828 6974
96 557 145 608 An.
162 559 194 609 C.
219 557 302 614 1835

938 567 1112 622 onhoontds
1134 577 1184 623 ΡΡ.
1209 571 1273 624 XVI.

334 710 414 771 quae
435 695 512 774 ipsis
534 695 757 774 praesentibus
772 695 958 766 haberetur,
976 695 1002 755 si
1017 695 1078 756 ori-

334 789 484 865 ginaliter
506 789 751 852 exhiberentur.

5 929 6 942 .
86 883 234 982 Μῇξΰῦῑῑο
252 897 314 944 noe
373 884 392 957 ἓ
413 881 461 942 30.
486 881 573 944 Nulli
596 899 675 960 ergo
697 883 829 945 omnino
852 883 1021 945 hominum
1044 880 1079 942 li-

334 981 402 1038 ceat
415 975 496 1037 hanc
511 976 658 1054 paginam
680 983 806 1038 nostrae
825 975 1079 1038 dismembratio-

335 1070 399 1139 nis,
424 1068 607 1142 divisionis,
638 1069 827 1141 erectioniS,
851 1067 1077 1140 subiectionis

334 1162 580 1234 commissionis,
605 1162 829 1240 deputationis
853 1161 1003 1232 mandati,
1027 1161 1080 1222 de-

335 1256 509 1334 rogationis
532 1261 565 1317 et
584 1255 758 1317 voluntatis
772 1255 963 1332 intringere,
981 1253 1034 1316 vel
1051 1253 1080 1315 ei

335 1366 413 1411 ausu
434 1350 608 1411 temerario
630 1349 801 1410 contraire.
827 1347 859 1410 Si
881 1349 951 1425 quis
973 1355 1079 1408 autem

336 1444 395 1505 hoc
417 1449 572 1505 attentare
601 1442 863 1521 praesumpserit,
890 1440 1080 1518 indignatio-

337 1552 411 1598 nem
433 1536 662 1614 omnipotentis
678 1535 734 1596 Dei
752 1551 786 1596 ac
804 1535 973 1596 beatorum
995 1533 1081 1594 Petri

337 1637 368 1690 et
390 1630 475 1691 Pauli
498 1628 725 1708 Apostolorum
748 1629 816 1690 eius
838 1644 872 1690 se
888 1627 1016 1690 noverit
1035 1627 1081 1689 in·

336 1737 517 1784 cursurum.

376 1816 489 1877 Datum
518 1816 636 1878 Romae
665 1817 747 1895 apud
778 1815 808 1878 S.
834 1815 961 1876 blariam
989 1815 1081 1877 blaio-

338 1925 406 1970 rem
427 1910 486 1971 sub
508 1909 627 1972 annulo
649 1909 812 1972 Piscatoris
834 1909 885 1971 die
906 1925 980 1970 xxv.
998 1914 1078 1986 sept.

338 2019 556 2075 uncccxxxv.,
581 2003 781 2082 pontificatus
796 2004 897 2064 nostri
911 2019 994 2064 anno
1009 2019 1038 2062 v.

673 2376 749 2439 XCl.

343 2561 541 2624 Visitotorcat
554 2565 613 2643 dp.
631 2563 751 2643 delegat
767 2564 808 2625 od
827 2562 1011 2633 Chaldaeos,
1026 2578 1082 2642 por

378 2656 409 2718 S.
445 2655 559 2736 Corspr.
587 2657 623 2717 io
652 2673 685 2717 eo
713 2669 844 2718 munere
871 2656 1005 2736 gerendo
1033 2655 1082 2716 in-

376 2749 564 2811 struendum
586 2749 642 2830 (l).

339 2933 508 3001 Venerabili
536 2935 624 3001 tratri
657 2931 757 3001 loanni
786 2934 943 3018 Baptistae
971 2935 1082 3000 huver-

377 3045 434 3110 gne
458 3028 697 3111 hrehiepisoopo
714 3027 844 3094 lconien.
863 3027 982 3094 licerio
1006 3028 1082 3108 lpo-

378 3122 487 3188 stolioo
511 3122 604 3204 ttcpi,

510 3304 729 3372 edicemus
753 3305 813 3372 PP.
836 3305 907 3372 xvt.

554 3495 741 3563 venerabilis
763 3495 871 3574 trater,

372 3589 500 3655 salutern
524 3595 557 3654 et
577 3589 775 3673 apostolicam
802 3589 1049 3656 benedictionem.

378 3779 465 3840 lnter
487 3779 669 3858 praecipuas
684 3779 847 3858 apostolici
866 3779 959 3841 officii
981 3793 1081 3850 curas,

340 3872 454 3950 quibus
467 3873 662 3936 incessanter
674 3872 912 3951 perfungimur,
925 3871 1006 3934 illud
1020 3887 1084 3934 ma-

341 3981 483 4044 gnopere
505 3967 649 4028 animum
671 3973 820 4038 nostrum
841 3971 1021 4044 promovet,
1049 3969 1085 4026 ut

340 4059 569 4136 prospiciamus
585 4075 625 4120 ne
639 4059 672 4120 in
688 4058 874 4136 regionibus
896 4058 933 4120 ab
953 4058 1083 4136 Aposto-

340 4152 398 4214 lica
421 4150 503 4214 Sede
524 4151 617 4214 valde
638 4153 772 4214 remotis
788 4151 954 4228 religionis
976 4167 1083 4212 neces·

342 4245 425 4307 sitati
447 4252 628 4326 opportuno
655 4253 801 4324 tempore
824 4246 863 4306 ob
885 4245 1016 4306 nimiam
1039 4245 1084 4306 lo·

341 4355 453 4400 corum
465 4339 644 4400 distantiam
657 4354 828 4401 occurrere
841 4353 905 4400 non
914 4338 1081 4416 possimus.

340 4431 451 4509 Neque
464 4432 551 4494 enim
563 4432 759 4510 ignoramus,
770 4432 912 4494 remedia
924 4446 1005 4509 quae
1020 4447 1084 4492 ma-

342 4532 414 4588 turo
443 4531 590 4605 tempore
618 4525 708 4586 allata
736 4540 885 4602 magnam
913 4525 1083 4586 utilitatem

340 4620 503 4693 aberrent,
526 4620 581 4681 vix
602 4619 701 4680 ullam
723 4633 836 4697 parere
862 4633 965 4697 posse,
989 4618 1015 4680 si
1038 4619 1084 4680 ni·

341 4713 400 4774 mis
421 4713 591 4790 aliquando
613 4713 828 4775 retardentur.

379 4807 448 4882 §l
472 4807 507 4870 ln
533 4806 591 4868 hac
617 4807 714 4869 animi
740 4806 840 4868 nostri
869 4805 1084 4868 sollicitudine

341 4917 406 4962 non
428 4901 591 4980 potuimus
613 4900 731 4962 diutius
753 4899 912 4961 abstinere
930 4898 997 4960 aliis
1013 4914 1084 4976 pro-

341 4992 499 5065 videndis,
519 5008 600 5071 quae
621 4992 654 5052 in
676 4989 864 5068 regionibus
887 4989 1083 5051 Patriarchae

341 5083 553 5162 Babylonensi
574 5083 808 5146 Chaldaeorum
829 5081 991 5144 Catholico
1012 5082 1084 5144 sub-

340 5176 440 5250 iectis,
463 5177 578 5240 inlelix
599 5177 749 5239 ecclesiae
770 5191 919 5255 praesens
945 5175 1085 5238 conditio

340 5271 487 5348 requirit.
521 5269 600 5332 Nam
629 5270 682 5332 vel
704 5287 720 5332 a
742 5277 905 5348 tempore,
935 5284 999 5346 quo
1028 5284 1085 5330 nos

341 5362 372 5424 S.
389 5363 530 5426 Consilio
544 5363 725 5426 Christiano
740 5362 863 5425 nomini
882 5361 1085 5441 propagando

343 5472 559 5535 praeeramus,
578 5473 708 5536 operam
723 5456 867 5535 impense
883 5456 1083 5526 dederamus,

341 5555 378 5611 ut
396 5550 519 5612 sublata
534 5550 715 5612 animorum
733 5548 896 5620 discordia,
914 5563 996 5625 quae
1010 5547 1086 5608 iam-

343 5643 396 5704 diu
418 5644 504 5708 inter
526 5643 729 5706 ecclesiastici
751 5641 870 5704 ordinis
891 5641 979 5702 viros
1001 5639 1086 5702 iniis

341 5737 527 5814 regionibus
550 5738 684 5800 excitata
710 5743 788 5809 erat,
812 5734 991 5797 Catholicae
1012 5733 1086 5796 reli-

382 5951 413 6014 u)
426 5953 463 5998 Ex
476 5954 540 6012 Reg.
554 5952 676 5998 Brevium
691 5952 740 5996 vol.
756 5953 805 6006 lv.,
819 5963 843 6006 p.
859 5953 903 5994 188.

1137 694 1238 772 gionis
1260 697 1389 773 negotia
1404 697 1465 760 rite
1487 699 1639 777 recteque
1654 698 1698 761 ibi
1710 705 1880 777 pertracta-

1136 797 1260 851 rentur.
1285 790 1546 869 desperavimus
1568 793 1600 854 in
1624 793 1735 871 primis
1757 793 1789 854 id
1811 809 1880 855 esse

1136 888 1343 956 eventurum,
1368 900 1441 946 cum
1457 883 1511 946 lel.
1529 901 1593 948 rec.
1611 885 1683 947 Pius
1695 885 1773 948 Vlll.
1792 901 1879 964 prae-

1136 974 1283 1037 decessor
1304 984 1423 1050 noster,
1446 977 1542 1040 rebus
1564 979 1714 1040 omnibus
1735 985 1879 1041 accurate

1136 1069 1311 1146 perpensis,
1329 1085 1403 1131 ven.
1421 1071 1560 1132 tratrem·
1575 1071 1725 1135 loannem
1740 1072 1879 1133 llormez

1137 1159 1418 1242 Archiepiscopum
1434 1165 1647 1227 Mosulensem
1666 1165 1879 1226 Patriarcham

1136 1253 1370 1317 Chaldaeorum
1392 1257 1647 1335 Babylonensem
1665 1258 1876 1331 confirmavit,

1137 1347 1232 1424 eique
1248 1347 1383 1410 Pallium
1399 1351 1438 1412 de
1454 1351 1518 1412 divi
1535 1351 1620 1412 Petri
1636 1350 1778 1429 Corpore
1794 1368 1879 1413 sum·

1137 1447 1226 1518 ptum
1249 1444 1414 1504 concessit.
1438 1443 1510 1505 lure
1526 1445 1613 1506 enim
1628 1445 1879 1508 existimavimus

1136 1533 1283 1595 futurum
1305 1542 1351 1608 ut,
1369 1537 1537 1613 regiminis
1559 1537 1661 1600 torma
1682 1539 1743 1599 rite
1765 1539 1879 1600 consti-

1137 1633 1214 1699 tuta,
1239 1629 1345 1690 omnia
1371 1630 1408 1691 ad
1429 1637 1554 1692 rectum
1583 1631 1730 1693 ordinem
1752 1647 1880 1695 revoca-

1136 1728 1262 1782 rentur.

1176 1815 1195 1888 ς
1215 1815 1244 1875 2.
1270 1814 1392 1878 Verum
1408 1833 1514 1896 neque
1525 1819 1557 1881 id
1573 1825 1648 1881 tunc
1663 1821 1808 1896 contigit,
1825 1837 1879 1882 ne-

1138 1921 1200 1984 que
1222 1910 1454 1987 posterioribus
1478 1913 1687 1991 temporibus,
1711 1929 1784 1975 cum
1807 1914 1880 1976 licet

1137 2002 1346 2073 immerentes
1362 2005 1399 2066 ad
1413 2005 1484 2067 Divi
1499 2006 1584 2068 Petri
1602 2006 1791 2069 cathedram
1807 2023 1880 2070 eve-

1137 2093 1179 2154 cti
1201 2094 1332 2158 luimus.
1360 2097 1528 2160 Doluimus
1550 2101 1637 2162 enim
1665 2116 1772 2178 neque
1794 2102 1880 2164 dissi-

1138 2186 1226 2248 dium
1249 2205 1318 2250 esse
1348 2190 1505 2264 deletum,
1536 2199 1703 2271 postquam
1733 2194 1881 2257 omnibus

1137 2277 1322 2343 innotuerat
1357 2283 1502 2360 quisnam
1536 2303 1551 2346 a
1588 2284 1669 2348 Sede
1701 2287 1881 2366 Apostolica

1137 2372 1240 2434 veluti
1262 2376 1359 2437 totius
1383 2377 1487 2454 gentis
1509 2378 1681 2441 catholicae
1703 2379 1882 2443 Patriaroba

1138 2465 1322 2541 haberetur,
1340 2485 1446 2547 neque
1468 2473 1713 2549 prudentissima
1736 2491 1782 2546 ea,
1800 2490 1881 2552 quae

1138 2565 1246 2621 nostra
1261 2559 1476 2640 Congregatio
1488 2563 1712 2642 Propagandae
1723 2565 1811 2628 Fidei
1822 2573 1881 2628 sta-

1138 2657 1242 2714 tuerat
1263 2654 1300 2716 ad
1324 2656 1429 2716 omnia
1450 2657 1623 2734 tranquille
1649 2661 1879 2738 componenda,

1137 2745 1210 2806 satis
1234 2763 1302 2808 esse
1322 2749 1461 2826 potuisse
1484 2756 1520 2810 ut
1542 2751 1748 2827 querelarum
1772 2758 1803 2813 et
1823 2753 1882 2815 dis-

1138 2840 1263 2902 cordiae
1286 2842 1357 2904 finis
1381 2849 1474 2906 esset.
1503 2844 1605 2906 lmmo
1633 2859 1712 2906 vero
1738 2847 1882 2924 quotidie

1138 2933 1239 3009 magis
1260 2936 1481 3013 perspeximus
1495 2937 1528 2998 in
1544 2937 1591 2998 his
1613 2937 1701 3010 locis,
1718 2937 1882 3016 inquibus

1139 3025 1252 3086 messis
1274 3027 1375 3090 multa
1396 3045 1465 3091 esse
1493 3037 1614 3108 posset,
1638 3031 1804 3094 inimicum
1826 3033 1882 3094 ho-

1139 3119 1261 3182 minem
1283 3123 1541 3200 superseminare
1570 3125 1741 3199 zizaniam,
1765 3143 1806 3188 ne
1827 3126 1882 3190 Ca-

1140 3212 1256 3274 tholica
1278 3214 1356 3276 fides
1379 3215 1422 3277 ibi
1443 3216 1680 3279 incrementum
1707 3219 1815 3298 capiat,
1839 3226 1882 3282 at-

1140 3319 1203 3382 que
1224 3307 1443 3384 ingemuimus
1463 3309 1596 3382 interea,
1616 3311 1813 3390 disciplinam
1833 3329 1882 3376 ec·

1140 3398 1344 3462 clesiasticam
1367 3403 1480 3474 everti,
1504 3419 1633 3465 morum
1662 3403 1882 3482 integritatem

1139 3491 1172 3552 in
1193 3508 1357 3554 summum
1380 3494 1550 3557 discrimen
1574 3496 1693 3570 vocari,
1717 3496 1883 3574 religionis

1138 3586 1279 3648 studium
1301 3587 1422 3664 ubique
1444 3588 1592 3651 deficere.
1611 3589 1882 3654 commiseramus

1140 3678 1271 3754 quidem
1293 3695 1366 3741 ven.
1391 3680 1481 3742 fratri
1503 3681 1597 3743 Petro
1620 3682 1804 3745 blarcellino
1825 3684 1882 3746 Bo-

1140 3773 1255 3845 namie‚
1280 3789 1377 3850 quem
1399 3773 1528 3852 Baydati
1549 3790 1606 3836 seu
1619 3774 1788 3853 Babylonis
1810 3776 1882 3855 Epi-

1139 3881 1270 3944 scopum
1289 3866 1378 3928 latini
1393 3867 1473 3928 ritus
1488 3868 1740 3941 institueramus,
1754 3876 1790 3931 ut
1805 3876 1882 3931 tarn·

1140 3974 1235 4036 quam
1258 3959 1428 4037 Delegatus
1443 3959 1643 4040 Apostolicus
1665 3963 1761 4024 rebus
1783 3963 1882 4026 eccle-

1138 4052 1268 4114 siasticis
1296 4052 1527 4116 Chaldaeorum
1550 4055 1687 4117 nationis
1709 4063 1880 4134 praeesset.

1140 4143 1203 4208 Sed
1224 4161 1297 4208 cum
1320 4145 1436 4208 deinde
1458 4147 1498 4208 ob
1521 4163 1634 4226 graves
1656 4165 1763 4211 causas
1786 4149 1883 4212 lueri-

1140 4254 1211 4301 mus
1232 4239 1357 4302 adducti
1379 4241 1415 4302 ad
1437 4247 1537 4302 ratam
1563 4242 1741 4305 habendam
1763 4243 1883 4306 abdica·

1141 4333 1261 4396 tionem
1284 4333 1482 4412 episcopatus
1497 4335 1582 4398 illius
1598 4350 1693 4413 quam
1709 4337 1799 4400 nobis
1814 4339 1882 4417 ipse

1140 4427 1267 4501 obtulit,
1291 4433 1323 4489 et
1351 4428 1388 4489 ad
1418 4428 1632 4508 episcopatum
1662 4429 1882 4494 Smirnensem

1140 4521 1169 4582 ei
1192 4521 1435 4594 conterendum,
1453 4521 1521 4583 eius
1544 4538 1640 4600 opera
1659 4523 1697 4586 ad
1711 4522 1883 4587 Chaldaeo·

1139 4630 1213 4677 rum
1236 4614 1365 4692 negotia
1393 4615 1586 4678 moderanda
1607 4615 1654 4677 uti
1683 4631 1797 4680 revera
1818 4635 1883 4681 non

1140 4707 1314 4785 potuimus.

1179 4803 1198 4877 ἓ
1219 4801 1247 4862 3.
1271 4799 1377 4863 liebus
1399 4802 1499 4878 igitur
1520 4802 1562 4864 ita
1582 4819 1617 4865 se
1635 4802 1826 4867 habentibus
1841 4812 1883 4866 at·

1141 4909 1203 4971 que
1224 4893 1258 4956 in
1273 4899 1357 4956 tanta
1372 4894 1537 4972 religionis
1552 4896 1635 4974 apud
1649 4896 1736 4959 illam
1752 4903 1884 4974 gentem
1975 4887 1978 4892 ’

1141 4987 1336 5050 adiuvandae
1366 4995 1562 5062 necessrtate,
1594 4989 1633 5051 de
1659 4990 1792 5052 consilio
1814 4990 1881 5054 VV.

1140 5080 1197 5142 Fl'.
1226 5080 1292 5143 NN.
1318 5079 1349 5143 S.
1374 5080 1409 5142 ll.
1433 5081 1470 5142 E.
1501 5081 1718 5145 Cardinalium
1745 5084 1883 5161 negotiis

1141 5174 1364 5254 Propagandae
1386 5173 1475 5236 Fidei
1497 5175 1754 5254 praepositorum
1775 5177 1884 5239 statui-

1141 5283 1212 5330 mus
1235 5273 1330 5345 atque
1352 5268 1555 5331 decrevimus
1578 5275 1621 5342 te,
1644 5269 1788 5342 venir..
1813 5271 1884 5349 Epi-

1140 5375 1269 5440 scopum
1294 5360 1497 5423 l'isitatorem
1527 5362 1624 5424 totius
1652 5362 1884 5425 Patriarchatus

1141 5453 1374 5516 Chaldaeorum
1387 5455 1583 5516 constituere
1598 5471 1671 5516 curu
1686 5455 1723 5516 iis
1736 5456 1884 5517 omnibus

1141 5547 1275 5618 iuribus,
1306 5547 1484 5627 privilegiis
1516 5553 1549 5608 et
1576 5549 1772 5621 anctoritate,
1804 5563 1884 5625 quae

1142 5639 1238 5702 huius
1252 5639 1396 5701 muneris
1412 5641 1539 5719 propria
1554 5647 1640 5701 sunt.
1664 5639 1821 5703 Volumus
1836 5657 1885 5703 er-

1144 5749 1184 5810 go
1213 5739 1261 5804 tc,
1293 5733 1382 5794 cuius
1410 5733 1523 5811 peritia
1550 5732 1583 5794 in
1612 5733 1763 5809 gravibus
1789 5734 1885 5800 rebus

1803 555 1859 626 147
1909 559 1962 616 An.
1976 563 2007 616 C.
2029 559 2098 616 1835
