1290 1823
574 159 606 170 iun.
618 159 664 171 110111Δ
676 160 696 171 nn
707 160 722 171 P.
734 160 749 171 ιθ.
761 160 803 171 rAns
814 160 825 170 ι,

392 189 411 204 01)
418 190 504 204 assecutam
513 188 644 208 tranquillitatem
653 193 688 209 per>

392 212 429 227 Post
436 212 474 227 haec
482 214 536 228 autem
543 212 649 232 omnipotenti
656 213 688 228 Deo

392 239 409 250 es
417 235 553 253 commendantes,
562 235 635 251 coelestis
645 236 688 251 auxi-

392 263 420 274 ern
428 259 530 278 apostolicam
537 259 583 274 vohis
591 259 688 274 henedictio-

392 284 463 297 amanter
474 282 582 301 impertimur.

404 305 463 321 Romae
478 305 518 325 apud
533 305 548 321 S.
563 305 627 321 Mariam
642 305 688 321 Maio-

397 329 457 344 annulo
468 329 550 344 Piscatoris
561 329 586 344 die
594 333 615 344 iv.
624 329 688 348 augusti

392 356 431 370 iux„
443 352 544 372 pontificatus
555 352 605 368 nostri
615 356 657 368 anno
665 356 687 367 lx.

475 422 527 438 CLIV.

395 471 409 484 ct
420 469 506 485 concordia
516 469 596 485 servanda
603 469 620 484 in
628 469 688 484 clerum

392 497 431 508 trem
443 494 458 508 ct
468 492 500 508 ΡΡ.
510 492 620 508 Franciscoles
631 492 648 507 m
659 492 688 508 ali-

401 516 487 532 Hiberniae
497 516 535 531 locis
545 516 573 536 (1).

394 562 479 579 Venerabili
490 562 534 579 fratri
546 561 608 578 Nicoleo

392 589 400 602 o
412 585 539 602 Wetoriordiensi
550 586 566 601 et
578 585 678 604 Lismorenei,

400 631 511 648 GREGOMUS
523 631 553 648 ΡΡ.
565 631 600 648 ΧνΙ.

420 678 516 695 Venerabilis
527 678 582 698 freter,

392 707 395 719 ι
406 704 422 719 et
432 702 532 723 apostolicum
544 701 670 718 benedictionem.

392 751 441 765 eletas
455 749 503 764 animi
519 749 605 768 angustias,
618 753 656 768 quas
668 753 687 764 ex

395 773 453 788 ltarum
462 772 565 789 ecclesiarum
573 772 687 788 calamitatibus

392 800 415 811 ias
426 796 502 816 capimus,
515 800 547 811 non
557 796 597 811 levis
605 796 641 811 inde
649 796 687 811 acci-

405 819 475 837 dolendi,
487 819 530 838 qnod
542 819 557 834 in
569 819 651 834 nonnullis
662 819 687 834 111-

392 843 428 858 locis
439 843 503 862 qnidam
511 847 519 857 a
527 842 603 858 saeculari
611 842 655 858 clero
663 846 687 858 re-

393 870 408 881 m
419 866 503 881 hominum
515 865 582 881 familias
589 866 631 881 haud
642 866 687 881 bonis

394 889 456 909 piciant.
468 889 509 904 Sane
520 893 570 908 quum
584 889 641 904 harum
655 889 687 904 alu-

392 917 396 928 1
405 912 490 928 Hiberniae
498 912 579 932 Epist-opis
587 914 603 928 et
610 912 687 928 saeculari

392 936 400 951 b
417 935 473 951 iisdem
490 936 577 951 constituto
593 936 687 951 adiutricem

393 959 486 975 navaverint
497 959 516 974 ad
527 959 623 978 religionem
634 960 687 975 catho-

397 982 454 998 mediis
465 982 540 1002 perieulis
554 983 686 1000 conservandam.

392 1010 399 1021 11
412 1007 436 1021 est
446 1007 464 1021 ut
474 1006 540 1021 eaedem
548 1009 590 1021 nunc
599 1006 687 1025 tranquilli-

392 1033 408 1044 us
417 1029 516 1048 contemptui
524 1029 618 1044 habeantur.
627 1029 687 1044 Deinde

392 1057 403 1067 es
414 1052 474 1071 quique
485 1052 548 1067 sincero
556 1052 618 1068 divinae
627 1052 687 1071 gloriae

392 1080 401 1091 e
408 1075 498 1091 animarum
506 1075 541 1091 zelo
549 1075 648 1094 inflammati,
655 1080 686 1091 non

392 1103 404 1114 «n
416 1099 512 1117 contristari,
520 1099 548 1114 sed
558 1099 629 1118 gaudere
636 1099 687 1114 omni-

392 1124 404 1138 11
415 1126 465 1141 quum
476 1122 515 1137 alios
524 1122 579 1137 videm
587 1122 663 1138 eumdem
671 1122 687 1138 in

392 1150 403 1161 e
412 1145 523 1161 allaborantes.
532 1145 599 1165 insuper
607 1147 623 1161 et
631 1147 688 1161 merni—

392 1169 431 1188 giter
447 1168 506 1184 debent
522 1169 609 1184 verborum
621 1168 686 1187 Christi.

393 1196 442 1208 ovum
450 1192 489 1207 illud
498 1192 589 1207 mandatum
598 1192 687 1208 dilectionis

392 1219 412 1231 1111
423 1215 504 1230 habendae
514 1215 598 1230 inculcavit
606 1215 687 1235 discipulis

392 1242 398 1254 1
406 1238 510 1258 subsequenti
518 1238 590 1254 oratione
598 1239 616 1254 ad
624 1238 687 1254 Patrem

395 1266 402 1277 s
414 1262 533 1277 commendavit
542 1261 591 1281 (ioan.
604 1262 650 1280 xm„
662 1262 686 1280 34,

396 1297 400 1303 ,
409 1285 426 1300 11
435 1285 482 1304 seq),
491 1287 509 1300 ut
516 1285 574 1300 exinde
584 1285 688 1301 considerent

393 1313 423 1324 ene
434 1308 476 1328 ipsos
484 1312 541 1324 cavere
549 1310 621 1328 oporteat
629 1313 649 1324 ne
657 1309 687 1324 dis-

392 1336 414 1347 ›us
425 1332 467 1347 inter
477 1335 494 1347 se
502 1331 606 1347 confovendis
614 1332 687 1347 scandalo

394 1355 429 1370 ibus
440 1355 512 1373 caeteris,
521 1357 537 1370 et
548 1352 647 1371 occasionem
655 1359 687 1370 aca-

394 1378 480 1398 praebeant
497 1378 597 1398 vituperandi
616 1378 687 1394 ministe-

395 1403 444 1417 truin⁷
453 1401 493 1417 Haec
501 1402 519 1417 ad
528 1403 543 1417 te
551 1402 586 1417 idco
595 1402 686 1419 scribimus,

392 1425 409 1440 lis
423 1425 477 1443 frater,
489 1425 531 1444 quod
539 1424 581 1440 'istic
592 1425 687 1440 nominatim

392 1448 465 1464 ionnulla
475 1452 512 1464 cum
523 1448 603 1467 religiosis
613 1448 652 1463 viris
660 1448 687 1464 Or-

394 1505 414 1516 eg.
422 1502 483 1513 previum
491 1502 516 1513 voi.
524 1503 549 1515 iv..
556 1505 568 1516 p.
575 1502 599 1513 atu.

716 189 757 205 dinis
765 189 781 204 S⁴
789 189 867 205 Francisci
876 189 963 205 Strictim-is
970 189 1091 207 observantiae.

716 216 756 231 quae
764 212 817 232 aliquo
825 214 861 228 ante
869 214 942 232 ternpore
950 213 1056 230 invaluerant.
1064 212 1091 228 ad-

716 235 748 251 huc
759 240 791 251 non
802 236 868 251 desiisse
879 236 995 251 intelleximus.
1007 236 1042 251 Non
1050 235 1091 251 nihil

716 259 746 274 iarn
759 259 778 274 de
788 259 812 274 his
820 259 927 278 significatum
935 260 1040 275 meminimus
1047 264 1055 274 a
1063 264 1092 275 no-

716 285 748 298 stra
753 283 883 302 Congregatione
889 283 1001 302 Propagandae
1006 283 1050 298 Fidei
1056 283 1092 302 plu-

716 306 761 321 ribus
772 306 822 321 literis
833 306 867 321 sive
878 306 897 321 ad
907 306 1047 326 praedecessorem
1055 306 1092 326 Epi-

717 333 788 349 scopum.
802 329 836 345 sive
848 329 866 344 ad
879 329 996 345 fraternitatem
1009 331 1053 345 tuam
1065 329 1092 345 da-

716 352 742 370 tis.
754 353 781 368 sed
793 353 874 372 quoniam,
886 353 909 368 uti
923 353 999 371 diximus,
1011 353 1052 368 votis
1063 357 1092 368 uo-

716 376 753 391 stris
765 378 894 395 memorataeque
905 376 1039 396 Gongregationis
1049 378 1092 396 opta-

717 401 742 415 tus
754 400 825 415 nonduin
837 400 920 419 respondit
928 401 1002 418 eventus,
1011 399 1092 415 abstinere

717 427 749 438 non
761 427 846 442 possumus
854 423 941 442 quominus
949 423 978 442 ipsi
986 427 1016 439 nos
1023 423 1052 438 hac
1059 423 1092 442 epi-

716 446 755 462 stola
767 446 857 465 hortemur,
870 448 886 462 et
896 446 997 462 obtestemur
1008 448 1023 462 te
1034 446 1051 462 in
1062 446 1092 462 Do—

717 469 761 485 rnino
775 470 882 486 vehementer
896 474 929 489 quo
943 470 1027 490 provideas
1042 471 1060 485 ut
1074 470 1092 485 in

716 493 816 509 dioecesibus
827 493 858 509 tuis
868 495 938 512 uterque
950 494 1003 509 clerus
1014 493 1092 509 charitate

717 518 772 532 mutua
783 516 799 532 in
810 521 854 532 sacro
866 517 956 532 ministerio
963 516 1046 536 fungendo
1054 521 1091 532 con-

716 540 791 556 societur.
803 540 826 555 Eo
837 540 916 560 imprimis
926 542 986 560 spectat
993 542 1011 555 ut
1018 541 1091 556 sacerdo-

717 565 740 579 tes
751 563 840 579 saeculares
854 563 944 579 abstineant
958 567 1024 583 prorsus
1035 568 1043 579 a
1053 563 1091 579 reli-

716 586 799 605 giosorum
816 587 889 602 virorum
906 590 996 606 eorumque
1012 586 1090 602 Ordinutn

716 609 839 627 existimatione.
851 614 879 625 seu
890 609 935 625 factis
942 614 971 625 seu
979 610 1038 628 verbis,
1049 610 1090 630 apud

716 633 780 648 ssdelern
788 633 866 652 populum
874 633 989 648 imminuenda.
998 633 1032 651 Quo
1039 633 1055 648 in
1063 637 1091 653 ge-

716 660 756 671 nere
767 656 846 675 perlatum
858 656 876 671 acl
888 660 917 671 nos
928 657 957 674 est.
970 660 1004 672 rem
1016 660 1035 671 eo
1043 656 1091 672 deve-

716 679 764 697 nisse,
776 681 794 694 ut
805 679 869 698 quidam
880 679 938 695 docere
953 680 1092 699 praesumpserint

716 702 769 722 gravis
780 703 840 722 peccati
851 706 888 718 reos
898 707 934 718 esse
945 703 1001 718 fideles
1012 703 1054 721 illos,
1063 703 1090 722 11111

716 726 734 741 ad
749 725 867 745 praedictorum
883 726 1006 741 Franciscalinm
1023 726 1091 741 fratrum

716 749 805 764 subsidium
823 749 934 769 eleemosynas
950 749 994 765 dent.
1011 749 1091 769 Equidem

716 772 813 792 persuadere
824 772 870 788 nobis
879 777 912 788 11011
919 776 1005 792 possumus
1013 776 1048 788 esse
1055 772 1091 788 istic

716 796 781 813 multos,
790 796 817 815 qui
825 795 861 811 talia
869 795 975 815 protulerint;
983 796 1011 811 sed
1019 796 1091 815 profecto

716 821 762 835 tuum
777 819 813 837 erit,
825 819 921 834 venerabilis
938 819 993 837 frater,
1008 819 1091 838 corrigere

715 842 751 858 illos
762 842 856 861 auctoritate
867 844 899 860 tua,
911 844 926 857 et
937 842 1015 858 intentius
1030 843 1091 862 311111ςί>

716 866 748 882 lare
760 870 780 882 ne
791 866 878 882 catholicus
893 866 922 881 iste
935 866 1004 885 populus
1018 866 1090 885 ipsorum

716 889 779 905 fallaciis
790 889 885 908 decipiatur:
899 891 947 908 atque
958 889 979 904 ita
989 889 1008 904 iis
1020 889 1089 907 insistes,

716 917 756 932 quae
762 913 821 928 iamdiu
827 912 875 928 sacris
881 912 961 928 Ecclesiae
967 913 1054 928 canonibus
1060 915 1090 928 sta-

716 938 748 951 tuta
759 936 831 953 suerunt.
840 940 857 951 ac
867 936 949 955 speciatim
960 940 968 951 a
977 935 1056 955 Gregorio
1063 936 1089 951 IX.

715 959 732 975 in
740 959 815 975 decretali
823 963 863 978 quae
871 958 926 978 incipit
933 959 985 974 Nimis
991 963 1042 979 prava
1049 959 1089 979 (cap.

717 982 734 998 17
749 983 769 998 de
783 982 875 998 excessibus
890 982 974 1002 praelator.
990 984 1006 998 et
1019 982 1090 998 subdito-

716 1006 764 1025 rum),
773 1010 802 1021 nec
810 1010 842 1021 non
849 1010 857 1021 a
866 1005 910 1021 Sixto
916 1005 942 1020 IV.
950 1005 966 1021 in
974 1006 1037 1021 constit.
1044 1005 1091 1021 Sacri

715 1029 757 1049 (data
768 1033 796 1044 vn.
805 1029 881 1044 kalendas
888 1032 925 1048 aug.
934 1033 959 1044 an.
968 1029 1089 1048 tuccetum).

715 1054 731 1068 et
739 1052 792 1071 aliquo
800 1052 847 1067 etiarn
856 1052 903 1067 niodo
910 1056 918 1067 a
926 1051 1044 1067 Gonstantiensi
1050 1052 1090 1068 Con-

716 1075 758 1093 cilio,
770 1077 817 1094 atque
828 1079 835 1090 a
847 1075 914 1090 Martino
924 1075 943 1090 V.
952 1075 968 1090 in
976 1075 1090 1091 constitutione

716 1100 771 1114 contra
782 1102 846 1114 errores
857 1098 924 1116 wiclelli
937 1099 989 1118 (prop.
1002 1098 1022 1114 20
1032 1100 1048 1114 ct
1058 1098 1089 1118 ³4).

716 1122 748 1138 lam
761 1126 800 1137 vero
814 1122 832 1137 ad
844 1121 929 1141 religiosos
942 1122 981 1137 istos
995 1122 1039 1137 viros
1053 1126 1090 1137 cum

715 1145 792 1161 saeculari
803 1145 847 1161 clero
862 1144 988 1160 reconciliandos
1002 1145 1042 1160 nihil
1052 1149 1090 1161 sane

716 1169 783 1184 validius
795 1172 830 1184 esse
838 1168 902 1188 poterit.
911 1172 959 1188 quam
967 1170 985 1184 ut
993 1170 1010 1184 tu
1017 1168 1057 1188 ipse,
1063 1172 1091 1184 ve-

716 1191 791 1207 nerabilis
806 1191 861 1209 trater.
874 1193 901 1207 tuo
911 1191 946 1207 aliis
960 1191 1035 1211 exemplo
1046 1195 1090 1211 prae-

716 1215 776 1233 lucens,
788 1215 899 1234 complectaris
911 1214 947 1230 11101
956 1215 1032 1230 charitate
1039 1217 1090 1234 pater·

716 1242 745 1257 na;
757 1240 805 1257 teque
817 1238 858 1253 haud
869 1238 949 1253 difficilem
958 1238 1033 1257 praebeas
1041 1238 1057 1253 in
1064 1238 1089 1256 iis.

716 1261 743 1281 qui
755 1265 775 1277 ex
786 1262 858 1281 ipsorum
870 1265 938 1277 numero
950 1261 1003 1277 idonei
1013 1263 1057 1279 sunt,
1065 1265 1090 1281 ap-

716 1285 802 1304 probandis
813 1284 831 1300 ad
840 1284 941 1304 excipiendas
949 1284 1021 1300 fidelium
1029 1284 1090 1300 confes-

716 1308 779 1326 siones3
790 1309 807 1323 et
816 1311 873 1323 eorum
881 1312 928 1327 opera
936 1307 952 1323 in
961 1307 1028 1327 reliquis
1035 1308 1089 1326 etiam,

716 1335 757 1350 quae
771 1331 789 1346 ad
806 1331 913 1351 episcopalem
928 1331 1038 1347 auctoritatem
1056 1335 1090 1351 spe-

716 1356 763 1372 ctant.
772 1354 842 1370 libenter
853 1355 911 1373 utaris;
923 1354 994 1374 denique
1005 1354 1046 1370 ultra
1058 1359 1090 1370 non

716 1382 774 1393 renuas
786 1378 842 1393 iisdem
854 1378 954 1398 permittere,
963 1380 981 1393 ut
992 1382 1038 1393 sunm
1050 1378 1089 1394 illud

716 1401 795 1421 templum
806 1402 882 1421 aperiant,
895 1401 937 1421 quod
949 1406 957 1417 a
964 1401 1037 1421 pluribus
1045 1401 1090 1417 annis

716 1425 775 1440 iterum
789 1425 898 1441 aedificarunt.
914 1425 959 1440 Haud
973 1429 1011 1441 sane
1024 1425 1090 1444 ambigi-

716 1452 757 1466 mus.
770 1448 867 1464 venerabilis
880 1448 934 1466 irater.
946 1448 985 1468 quin
997 1453 1025 1468 pro
1037 1451 1063 1464 tua
1073 1448 1090 1464 111

1109 155 1139 168 An.
1146 155 1163 167 G.
1174 155 1208 168 leae
