4822 6986
127 2149 309 2203 Dispensatio.

140 4399 311 4444 Condiciones.

135 5345 247 5402 Denegat
266 5354 323 5386 cotr-

109 5399 202 5438 trorns.

954 618 1130 665 GREGORIUS
1151 620 1202 664 ΡΡ.
1227 619 1291 664 XVI.

346 729 483 795 Domino
505 743 592 798 actus
616 742 688 800 tuos
710 736 868 814 praedicta
890 736 1022 799 ecclesia
1042 737 1097 798 'la-

347 839 486 889 massen.
511 845 568 907 per
591 835 663 892 tuae
689 829 983 912 circumspectionis
1005 831 1096 892 inclu-

346 920 457 982 striam
482 929 513 983 et
528 923 670 984 studium
694 922 817 984 utiliter
832 941 866 986 ac
881 939 1035 1001 prospere
1052 924 1097 985 di-

348 1015 472 1091 rigatur
485 1033 518 1078 ac
534 1017 565 1078 in
581 1016 800 1094 spiritualibus
816 1034 849 1078 ac
865 1016 1096 1095 temporalibus

349 1109 527 1171 orthodoxa
556 1110 671 1186 religio
704 1110 903 1173 incrementa
933 1112 1093 1189 suscipiat.

347 1201 467 1279 logum·
486 1203 585 1280 igitur
608 1203 735 1265 Domini
751 1204 813 1264 tuis
828 1205 1016 1283 impositum
1039 1205 1096 1265 lm-

349 1296 446 1358 meris
474 1304 625 1376 prompta
655 1298 827 1359 devotione
859 1298 1092 1376 complectens,

347 1405 456 1451 curam
479 1395 511 1450 et
539 1390 848 1452 administrationem
880 1392 1032 1469 praelatas
1054 1393 1096 1453 ita

346 1485 474 1546 studeas
497 1483 637 1546 fideliter
663 1485 906 1562 prudenterque
929 1501 1093 1556 exercere,

348 1584 384 1638 ut
406 1577 537 1638 ecclesia
567 1577 704 1656 praefata
734 1579 869 1654 gaudeat
897 1595 932 1639 se
961 1579 1095 1656 provido

347 1670 557 1747 gubernatori
590 1678 622 1732 et
651 1671 815 1733 fructuoso
845 1671 1095 1734 administratori

348 1780 418 1826 esse
441 1764 655 1835 commissam,
680 1781 714 1826 ac
737 1771 770 1826 tu
794 1771 920 1842 praeter
947 1771 1096 1828 aeternae

347 1857 570 1920 retributionis
594 1859 772 1935 praemium
799 1865 940 1920 nostram
966 1875 1095 1937 quoque

348 1959 380 2013 et
402 1950 491 2014 Sedis
513 1952 713 2030 Apostolicae
734 1952 868 2014 uberius
884 1953 999 2015 exinde
1022 1971 1095 2015 con-

347 2045 439 2123 sequi
461 2046 614 2108 merearis
630 2043 887 2108 benedictionem
905 2054 937 2108 et
949 2049 1093 2124 gratiam.

387 2143 405 2214 ἓ
427 2139 456 2200 2.
470 2141 639 2202 Praeterea
651 2141 718 2212 tibi,
729 2147 765 2201 ut
777 2141 812 2202 ad
827 2142 994 2202 ecclesiam
1006 2159 1095 2220 prae-

348 2233 453 2304 latam,
468 2233 620 2310 quamdin
637 2234 674 2296 ab
687 2234 870 2296 infidelibus
884 2235 1091 2306 detinebitur,

347 2328 497 2389 accedere
520 2335 551 2388 et
573 2329 655 2406 apud
678 2345 747 2389 eam
774 2329 987 2406 personaliter
1017 2330 1094 2390 resi-

347 2421 424 2482 dere
454 2421 587 2482 minime
619 2422 771 2493 tenearis,
801 2422 881 2483 dicta
907 2423 1094 2484 auctoritate
1121 2415 1123 2430 '

347 2513 552 2576 concedimus
582 2521 676 2591 atque
706 2513 924 2590 indulgemus.
957 2516 1026 2578 'libr
1048 2517 1094 2578 in·

346 2625 455 2686 snper,
470 2615 504 2669 ιιι
519 2628 533 2668 a
551 2623 756 2685 quocumque
773 2609 924 2669 malueris
940 2609 1094 2672 catholico

1392 795 1394 809 ,
1431 734 1615 798 cccxxtn.

1152 923 1301 986 Aletrium
1331 922 1438 986 Canos
1463 920 1599 1004 presbyt.
1629 920 1696 983 Soc.
1725 921 1794 982 lesu
1820 936 1900 980 norro

1192 1015 1416 1080 attandartenst
1436 1017 1495 1077 cic.
1515 1033 1565 1096 op.
1584 1015 1619 1077 io
1634 1014 1735 1077 Indiis
1755 1013 1900 1076 Orienta-

1192 1109 1275 1174 libus
1293 1111 1450 1192 praeficit.

1193 1295 1311 1362 Dilecto
1334 1296 1399 1362 lilio
1423 1295 1524 1362 diario
1547 1294 1649 1361 Gaaoz
1674 1295 1853 1376 presbytero

1388 1387 1557 1456 societatis
1581 1386 1658 1458 lesu,

1324 1573 1543 1642 altecomus
1569 1574 1628 1640 ΡΡ.
1654 1573 1725 1640 lllll.

1426 1762 1543 1828 Dilecte
1566 1764 1624 1838 titi,

1184 1858 1314 1924 salutern
1338 1858 1587 1940 adapostolicam
1612 1858 1862 1925 benedictionem.

1189 2047 1293 2122 Quum
1307 2047 1528 2109 Mandurensis
1540 2047 1710 2119 missionis,
1722 2055 1757 2110 ut
1768 2050 1801 2109 in
1811 2063 1899 2126 prae-

1149 2159 1222 2204 sens
1239 2141 1524 2212 circumscribitur,
1543 2141 1691 2219 regimen
1706 2141 1898 2218 quibusdam

1149 2235 1898 2314 subconditionibuspresbyteroSoclesucum

1150 2331 1332 2392 charactere
1365 2330 1533 2408 episcopali
1563 2336 1596 2390 et
1624 2345 1696 2391 cum
1726 2328 1899 2407 Apostolici

1150 2423 1264 2486 Vicarii
1296 2425 1388 2486 titulo
1411 2441 1445 2484 ac
1473 2424 1674 2486 facultatibus
1694 2424 1899 2486 committen-

1150 2517 1226 2578 dum
1249 2517 1483 2588 censuerimus
1501 2516 1604 2578 addita
1619 2517 1715 2578 etiam
1738 2517 1898 2578 solutione

1149 2627 1183 2671 ac
1210 2610 1446 2687 dispensatione
1473 2629 1488 2670 a
1513 2610 1627 2686 quovis
1658 2610 1805 2680 vincula,
1832 2627 1898 2672 sus-

347 2701 498 2763 Antistite
516 2701 646 2762 Sanctae
662 2707 790 2762 nostrae
808 2700 897 2762 Sedis
914 2702 1046 2777 gratiam
1064 2711 1095 2764 et
1121 2709 1123 2766 t
1150 2702 1302 2780 pensione
1332 2709 1385 2764 aut
1407 2709 1481 2764 voto
1505 2719 1562 2781 per
1591 2702 1824 2780 protessionem
1850 2719 1898 2764 re-

347 2793 609 2856 communionem
632 2793 781 2864 habente,
806 2794 914 2855 adcitis
933 2801 965 2856 et
987 2796 1018 2856 in
1035 2795 1094 2858 boc

347 2886 1092 2966 illiadsistentibusduobusaliisEpiscopis,vel,

347 2989 504 3058 quatenus
522 2981 554 3041 bi
574 2981 742 3042 commode
761 2981 898 3058 reperiri
920 2989 1092 3058 nequeant,

348 3075 472 3138 duobus
495 3091 608 3136 eorum
621 3075 691 3136 loco
709 3075 905 3152 presbyteris
927 3077 1095 3138 saeculari-

348 3169 405 3230 bus
428 3169 480 3230 vel
502 3168 734 3244 cuiuscumque
756 3165 892 3238 Ordinis,
911 3167 1095 3248 Congrege-

349 3261 443 3324 tionis
474 3269 506 3324 et
537 3263 676 3324 instituti
708 3263 921 3339 Regularibns
954 3264 1093 3326 similem

346 3357 504 3434 praelatae
528 3357 622 3418 buius
646 3355 777 3418 Sanctae
801 3356 891 3418 Sedis
915 3361 1047 3434 gratiam
1064 3369 1095 3422 et

347 3451 609 3512 communionem
633 3451 835 3523 habentibus,
854 3467 971 3513 munus
987 3469 1095 3514 conse-

347 3545 496 3606 crationis
518 3545 663 3623 recipere
679 3544 781 3606 libere
801 3551 832 3606 et
848 3545 931 3606 licite
947 3547 1047 3623 possis
1064 3554 1095 3609 et

347 3638 463 3710 valeas,
481 3645 575 3715 atque
598 3638 702 3698 eidem
719 3636 873 3710 Antistiti,
890 3645 935 3709 ut,
957 3641 1094 3718 receptis

347 3751 362 3793 a
385 3739 415 3794 te
439 3733 527 3811 prins
549 3732 722 3794 catholicae
736 3733 810 3793 fidei
834 3733 1032 3810 professione
1048 3735 1094 3796 iu-

347 3835 398 3889 xta
421 3827 570 3888 articulos
593 3827 717 3904 pridem
734 3845 749 3887 a
767 3825 797 3888 S.
814 3825 895 3888 Sede
914 3829 1094 3906 propositos

347 3939 381 3982 ac
403 3927 514 3990 nostro
537 3927 569 3981 et
590 3920 749 3981 Romanae
778 3920 936 3982 Ecclesiae
963 3923 1094 3984 nomine

348 4014 506 4076 fidelitatis
534 4014 659 4075 debitae
688 4014 884 4086 iuramento,
917 4016 1092 4093 praelatum

347 4124 466 4170 munus
481 4108 549 4179 tibi,
568 4107 755 4170 auctoritate
771 4115 890 4181 nostra,
905 4109 1093 4188 impendere

347 4202 432 4264 licite
461 4203 579 4274 valeat,
611 4202 737 4280 plenam
767 4203 882 4264 barum
912 4203 1118 4266 litterarum¹

346 4297 430 4358 serie
454 4295 626 4357 tribuimus
649 4295 841 4357 lacultatem.

384 4393 404 4466 ἓ
426 4391 455 4452 3.
479 4389 636 4452 Volumus
649 4396 767 4460 tamen,
782 4391 891 4452 eadem
906 4393 1093 4455 auctoritate

346 4486 570 4564 praecipimus
595 4492 642 4558 ut,
660 4484 721 4546 nisi
743 4487 881 4564 receptis
897 4504 913 4546 a
928 4493 959 4547 te
976 4503 1033 4564 per
1049 4488 1093 4548 di-

345 4587 431 4642 ctum
454 4578 640 4640 Antistitem
656 4579 836 4640 iuramento
850 4586 882 4640 et
893 4580 1092 4658 professione

345 4673 419 4736 fidei
447 4672 648 4743 huiusmodi,
673 4673 739 4749 ipse
762 4673 902 4734 antistes
930 4691 1093 4738 consecra-

346 4767 439 4828 tionis
463 4781 580 4828 munus
614 4765 671 4827 tibi
693 4767 897 4844 impendere,
928 4773 1028 4845 tuque
1057 4770 1092 4831 il-

345 4860 399 4921 lud
428 4859 574 4937 recipere
596 4861 891 4938 praesumpseritis,
922 4862 1006 4923 idem
1031 4861 1092 4924 An-

345 4954 460 5015 tistesa
475 4953 664 5031 pontificalis
687 4953 779 5014 officii
803 4955 967 5028 exercitio,
982 4974 1015 5018 ac
1028 4964 1091 5020 tam

343 5047 410 5125 ipse
433 5063 528 5123 quam
551 5053 584 5107 tu
607 5065 623 5108 a
649 5046 811 5122 regimine
834 5054 866 5109 et
894 5050 1092 5113 administra-

343 5141 431 5202 tione
454 5140 661 5201 ecclesiarum
683 5147 865 5202 vestrarum
889 5144 1037 5221 suspensi
1052 5146 1092 5204 si-

344 5235 383 5295 tis
406 5249 444 5296 eo
466 5234 546 5311 ipsu.

383 5328 451 5404 §ta
477 5328 547 5390 Non
571 5328 769 5390 obstantibus
795 5329 976 5406 apostolicis
1004 5348 1037 5392 ac
1059 5331 1091 5392 in

342 5423 580 5484 universalibus
607 5423 920 5500 provincialibusque
944 5431 976 5486 et
997 5441 1091 5503 syno-

343 5517 466 5578 dalibus
478 5517 620 5578 conciliis
633 5517 725 5579 editis
738 5517 943 5594 generalibus
956 5520 1009 5581 vel
1020 5535 1091 5597 spe-

341 5611 473 5672 cialibus
485 5611 767 5674 constitutionibus
780 5617 811 5672 et
824 5612 1089 5684 ordinationibus,

341 5703 540 5780 caeterisque
561 5703 727 5765 contrariis
749 5704 1017 5782 quibuscumque.
1077 5769 1081 5786 ,

381 5797 493 5859 ilatum
514 5797 643 5868 Romae,
660 5799 741 5875 apud
760 5797 791 5859 S.
809 5797 940 5860 Petrum
956 5800 1015 5860 snb
1038 5817 1091 5861 an-

341 5891 418 5952 nulo
434 5891 613 5962 Piscatoris‚
628 5891 679 5952 die
696 5907 776 5952 xxrr.
791 5891 864 5952 maii
882 5908 1087 5966 abacorum,

340 5987 541 6065 pontificatus
564 5987 667 6048 nostri
688 6004 772 6048 anno
799 6004 863 6049 xvi.

1151 2796 1295 2871 gularem
1319 2805 1467 2874 suscepto
1490 2803 1543 2857 aut
1566 2796 1692 2868 emisso,
1725 2797 1808 2872 quod
1833 2812 1898 2857 me·

1151 2890 1281 2951 moratis
1303 2890 1539 2952 conditionibus
1561 2891 1764 2966 decretisque
1786 2891 1899 2967 quovis

1150 2985 1246 3045 modo
1259 2984 1432 3045 adsciscere
1445 2991 1558 3061 posset:
1574 2982 1648 3054 Nos,
1660 2991 1785 3045 mature
1799 2984 1899 3044 omni-

1150 3078 1209 3139 bus
1232 3078 1410 3156 perpensis,
1429 3079 1467 3140 de
1490 3077 1623 3139 consilio
1646 3093 1742 3139 venn.
1763 3078 1897 3139 fratrum

1151 3179 1336 3233 nostrorum
1362 3170 1393 3232 S.
1417 3173 1452 3234 ll.
1476 3172 1511 3232 E.
1543 3170 1758 3234 Cardinalium
1786 3171 1898 3249 Propa-

1152 3266 1271 3342 gandae
1300 3265 1387 3327 Fidei
1417 3267 1692 3344 praepositorum,
1721 3265 1805 3326 inter
1833 3272 1897 3328 tres

1150 3359 1357 3437 presbyteros
1378 3379 1393 3420 a
1417 3359 1533 3422 dilecto
1553 3359 1618 3420 tilio
1642 3359 1822 3436 praeposito
1845 3375 1898 3435 ge-

1151 3453 1252 3514 nerali
1276 3453 1418 3514 eiusdem
1445 3451 1610 3514 Societatis
1632 3451 1670 3513 ad
1692 3453 1721 3513 id
1752 3453 1897 3514 muneris

1151 3547 1241 3608 nebis
1263 3549 1503 3610 commendatos
1526 3553 1557 3608 te
1580 3547 1615 3608 ad
1640 3546 1823 3608 buiosmodi
1846 3545 1898 3608 Vi-

1150 3641 1224 3702 carii
1248 3641 1419 3719 apostolici
1436 3641 1573 3702 odicium
1591 3640 1808 3718 deputandum
1825 3657 1897 3704 cen-

1149 3737 1285 3806 suimus,
1311 3737 1429 3813 quippe
1452 3735 1490 3796 de
1514 3741 1566 3795 tua
1588 3735 1716 3812 pietate,
1741 3734 1895 3806 doctrina,

1151 3830 1330 3908 prudentia,
1354 3847 1388 3892 ac
1411 3829 1483 3890 fidei
1509 3827 1680 3890 catholicae
1703 3844 1897 3906 promoven-

1150 3925 1206 3985 dae
1222 3924 1327 3985 studio
1344 3923 1505 4000 praeclare
1521 3929 1646 4000 accepta
1657 3930 1732 3983 sunt
1754 3922 1897 3983 testimo-

1150 4019 1211 4091 nia,
1225 4019 1258 4079 in
1271 4017 1455 4079 huiusmodi
1471 4017 1633 4079 Vicarium
1650 4015 1772 4093 eligere
1789 4017 1897 4078 statui-

1151 4129 1233 4173 mus.
1246 4113 1288 4174 Te
1301 4113 1410 4188 igitur,
1423 4127 1520 4188 (qoem
1534 4111 1725 4188 Episcopum
1739 4111 1898 4172 Ecclesiae

1150 4207 1331 4269 Tamassen.
1356 4207 1389 4268 in
1411 4205 1553 4284 partibus
1575 4204 1755 4266 infidelium
1780 4221 1836 4282 per
1858 4200 1897 4264 si-

1150 4300 1243 4362 miles
1266 4306 1389 4362 nostras
1411 4299 1596 4378 apostolicas
1612 4297 1736 4360 litteras
1753 4299 1813 4360 boc
1828 4299 1897 4376 ipso

1150 4395 1200 4456 die
1222 4395 1307 4456 datas
1328 4393 1598 4464 renuntiavimus
1620 4409 1635 4452 a
1657 4392 1821 4468 quibusvis
1844 4407 1897 4454 ex-

1149 4485 1458 4556 communicationis,
1472 4483 1690 4562 suspensionis
1712 4491 1744 4545 et
1764 4483 1897 4546 interdi-

1148 4581 1201 4652 cti,
1225 4581 1360 4656 aliisque
1389 4578 1608 4640 ecclesiasticis
1639 4577 1801 4650 censuris,
1825 4594 1897 4640 sen-

1149 4674 1257 4735 tentiis
1281 4681 1312 4735 et
1327 4673 1450 4751 poenis,
1465 4673 1578 4748 quovis
1594 4672 1690 4733 modo
1703 4677 1735 4732 et
1746 4687 1897 4748 quacum-

1149 4750 1273 4845 qoe'de
1293 4783 1384 4828 causa
1406 4767 1488 4838 latis,
1509 4765 1534 4826 si
1557 4781 1634 4842 quas
1659 4766 1741 4827 lorte
1760 4765 1896 4827 incurri-

1148 4861 1198 4934 sti,
1224 4863 1318 4922 buius
1348 4868 1472 4922 tantum
1495 4860 1541 4922 rei
1566 4860 1664 4936 gratia
1693 4859 1895 4922 absolventes

1149 4962 1181 5018 et
1202 4956 1385 5017 absolutum
1407 4955 1476 5016 lore
1503 4959 1689 5024 censentes,
1714 4953 1801 5015 bisce
1827 4954 1896 5016 lite-

1148 5051 1190 5112 ris
1212 5049 1398 5112 auctoritate
1421 5056 1529 5110 nostra
1548 5048 1718 5126 apostolica
1734 5046 1893 5110 Vicarium

1147 5143 1367 5222 Apostolicum
1389 5142 1609 5204 Mandurensis
1639 5141 1800 5204 missionis
1823 5157 1896 5204 cum

1148 5236 1296 5300 omnibus
1314 5236 1515 5298 facultatibus
1532 5236 1719 5297 necessariis
1736 5243 1768 5297 et
1783 5252 1896 5314 oppor-

1148 5331 1232 5392 tunis
1255 5337 1368 5392 tenore
1391 5329 1608 5408 praesentium
1632 5329 1798 5406 eligimus,
1823 5346 1895 5391 con-

1147 5424 1310 5486 stituimus
1320 5441 1354 5485 ac
1366 5423 1600 5484 renuntiamus.
1612 5421 1795 5483 blandamns
1808 5439 1896 5501 prae-

1149 5526 1235 5580 terea
1252 5517 1401 5580 omnibus
1417 5523 1449 5578 et
1465 5516 1601 5593 singulis
1617 5517 1654 5577 ad
1670 5532 1749 5593 qnos
1761 5523 1892 5594 spectat,

1147 5619 1182 5675 nt
1198 5619 1228 5674 te
1245 5613 1277 5673 in
1293 5611 1454 5674 Vicarium
1470 5610 1689 5688 Apostolicum
1710 5610 1895 5672 huiusmodi

1146 5707 1302 5784 recipiant
1332 5713 1363 5766 et
1389 5705 1574 5776 admittant,
1605 5704 1727 5780 tibique
1757 5704 1893 5776 faveant,

1146 5806 1278 5878 pareant
1299 5817 1332 5860 ac
1355 5805 1480 5876 praesto
1502 5798 1583 5868 sint,
1609 5804 1725 5874 tuaque
1750 5799 1894 5860 mandata

1146 5894 1315 5956 efficaciter
1344 5891 1554 5970 adimpleant,
1586 5908 1677 5952 secus
1699 5893 1892 5954 sententiam

1144 6005 1202 6049 seu
1230 6003 1366 6066 poenam
1396 6002 1491 6064 quam
1514 5987 1575 6048 rite
1606 5985 1719 6047 tuleris
1748 6001 1805 6048 seu
1833 5993 1894 6048 sta-

1823 591 1881 657 365
1931 593 1984 642 aa.
1999 595 2030 646 o.
2052 595 2120 646 resa
