4822 6986
951 527 1127 576 caesonius
1148 525 1199 572 PP.
1223 525 1289 572 xvi.

344 643 380 708 ab
402 659 520 712 errore
541 649 784 720 retrahendum,
808 663 924 709 verum
948 647 1043 708 etiarn
1060 652 1095 708 nt

346 741 454 821 proles
476 745 649 821 utriusque
663 758 757 804 sexus
774 757 816 816 61Ι
828 741 916 802 hisce
932 741 1095 817 matrimo-

346 837 405 900 niis
437 837 633 916 procreanda
664 837 697 898 in
724 836 895 897 catholicae
928 834 1095 910 religionis

346 933 513 994 sanctitate
536 932 667 994 omnino
690 930 817 992 educari
833 929 958 990 debeat.
982 927 1096 1001 Quam-

348 1025 471 1096 obrem,
496 1040 570 1086 ven.
595 1024 705 1095 irater,
723 1022 847 1084 meritis
864 1028 895 1083 te
911 1021 946 1086 in
959 1020 1096 1081 Domino

348 1119 495 1182 laudibus
517 1133 724 1196 summopere
747 1115 986 1194 prosequimur,
1011 1113 1097 1189 quod

348 1357 467 1400 mentum
487 1364 583 1410 magna
601 1363 661 1398 cum
676 1353 759 1398 animi
779 1351 961 1398 sollicitudine
975 1349 1098 1406 implora-

347 1422 419 1465 runt.

387 1490 468 1532 Porro
482 1488 614 1532 Sanctitas
629 1492 689 1543 Sua,
703 1487 815 1544 singulis
830 1489 936 1532 matura
950 1483 1096 1530 considera·

348 1555 419 1600 tione
433 1555 577 1612 perpensis,
592 1557 737 1613 auditoque
758 1554 885 1611 suffragio
899 1551 1019 1598 eiiiornm
1036 1555 1097 1596 San-

347 1625 405 1666 ctae
418 1625 552 1668 Romanae
568 1623 698 1684 Ecclesiae
713 1621 893 1668 cardinalium
908 1622 1097 1676 6160661116-

347 1689 454 1744 gatione
474 1689 695 1734 extraordinariis
710 1689 841 1734 Ecclesiae
860 1687 973 1743 negotiis
991 1696 1097 1742 praepo-

347 1755 409 1809 sita,
424 1767 591 1812 summopere
609 1757 726 1808 studens,
743 1755 824 1801 salvis
840 1753 986 1800 catholicae
1002 1753 1097 1798 doctri-

348 1831 397 1864 nae
415 1820 565 1878 principiis,
585 1821 654 1866 unde
672 1833 719 1866 666
738 1821 878 1866 6116116661
900 1821 1039 1864 deflectere
1059 1819 1097 1864 lae

348 1893 396 1941 est,
411 1891 541 1942 quantum
556 1899 604 1944 pro
618 1887 736 1944 supremi
746 1889 912 1944 apostolatus
922 1898 1032 1931 munere
1043 1897 1098 1942 pos-

348 1952 392 2007 sit,
406 1954 547 1999 snbvenire
564 1947 757 2011 postulantium
773 1965 865 2000 eornm
881 1953 1039 1999 antistitum
1054 1963 1099 1998 an·

347 2019 489 2076 getthaei
505 2022 630 2068 molestas
644 2021 740 2078 quibus
755 2029 915 2078 premuntur
929 2021 1098 2066 difficultates

348 2086 477 2142 minnere,
493 2089 607 2132 maxime
622 2099 683 2133 vero
706 2086 827 2134 tristiora
848 2087 875 2132 in
889 2087 1056 2142 Religionem
1071 2091 1098 2131 et

348 2154 492 2200 Ecclesiam
508 2156 578 2200 mala
593 2165 763 2212 praecavere,
779 2155 896 2212 primum
911 2155 1017 2210 quidem
1030 2154 1099 2198 debi-

348 2227 390 2266 tas
403 2222 524 2278 rependit
538 2222 630 2268 landes
645 2223 728 2268 alacri
749 2223 868 2280 ipsorum
883 2223 938 2268 telo
953 2223 979 2266 in
995 2221 1098 2274 illicita,

348 2289 379 2333 de
393 2301 446 2346 qua
460 2289 561 2334 dictum
574 2294 623 2344 est,
633 2291 709 2347 praxi
720 2291 844 2343 tollenda,
855 2301 951 2347 eosque
963 2290 1099 2334 vehemen-

349 2355 403 2400 tius
418 2356 541 2402 excitavit
556 2357 587 2401 ad
604 2357 750 2402 llcmiorem
773 2369 856 2414 usque
872 2357 899 2401 ln
914 2356 1028 2402 salutari
1043 2365 1100 2412 pro-

348 2423 434 2480 posito
448 2423 638 2469 constantiam:
653 2423 746 2468 deinde
762 2430 912 2480 susceptam
928 2435 975 2480 per
994 2423 1098 2468 eosdem

350 2491 508 2536 tolerantiae
518 2492 650 2536 rationem
659 2497 745 2537 ratam
757 2493 861 2538 censuit
870 2491 1026 2536 habendam.
1036 2491 1100 2536 Hinc

350 2559 497 2603 rescribens
518 2559 551 2603 ad
572 2565 734 2604 memoratas
756 2571 840 2616 nuper
861 2559 967 2604 litteras
991 2557 1100 2604 tolerari

349 2635 425 2681 posse
439 2625 633 2677 declamitant
646 2627 751 2682 quoties
761 2639 792 2670 ex
803 2629 962 2682 temporum,
973 2627 1100 2680 locorum,

350 2703 380 2736 66
395 2703 569 2748 personarum
584 2693 734 2738 conditione
747 2693 949 2738 matrimonium
959 2693 1100 2738 acatholici

351 2761 402 2804 viri
415 2771 475 2804 cum
491 2760 621 2805 catholica
638 2761 758 2816 miiliere,
774 2764 800 2806 et
816 2761 941 2814 vicissim,
952 2760 1057 2806 omissis
1072 2761 1101 2804 li-

350 2831 391 2871 cet
399 2826 556 2872 necessariis
567 2825 744 2879 cautionibus,
752 2827 810 2872 siue
820 2827 937 2884 graviori
948 2827 1101 2872 discrimine

351 2897 466 2949 nequeat
481 2892 614 2948 iiiipediri;
629 2897 710 2950 atque
724 2893 834 2950 insuper
847 2893 977 2938 Ecclesiae
988 2893 1101 2938 utilitati

350 2960 537 3017 communique
547 2961 615 3005 bono
627 2960 750 3017 expedire
761 2961 892 3014 videatur,
902 2961 924 3004 si
936 2961 1002 3004 illud
1012 2971 1101 3016 qnam·

352 3027 451 3071 1616νί6
467 3027 578 3072 16111616
594 3033 620 3072 61
634 3027 767 3082 1111611661,
783 3039 871 3072 661616
887 3027 1017 3072 6611161166
1028 3039 1102 3084 paro-

352 3095 401 3139 cho
419 3094 508 3150 potius
529 3105 609 3150 quam
631 3105 720 3140 coram
743 3095 867 3140 ministro
888 3095 1047 3150 acatholico,
1069 3095 1101 3139 ad

352 3173 430 3218 quem
445 3165 534 3218 partes
549 3161 625 3207 facile
636 3163 817 3218 confugerent,
827 3163 1016 3216 contrahatni·;
1033 3163 1101 3208 idem

351 3228 498 3274 catholicus
514 3229 651 3284 parochus,
666 3229 768 3273 aliusve
782 3229 903 3274 sacerdos
915 3229 972 3274 eius
982 3229 1037 3273 vice
1048 3229 1103 3272 iun·

353 3307 426 3351 geris,
437 3295 609 3340 matrimonio
619 3295 670 3352 ipsi
681 3296 815 3340 materiali
828 3301 932 3340 tantum
943 3295 1102 3352 praesentia,

354 3363 427 3408 iinllo
448 3362 568 3406 adhibito
590 3361 769 3408 ecclesiastico
783 3363 847 3416 ritu,
862 3363 979 3416 intersit,
994 3363 1102 3419 perinde

354 3431 421 3474 acsi
435 3433 524 3486 partes
541 3430 615 3474 unice
630 3433 692 3485 agat
709 3429 775 3474 meri
794 3431 880 3482 testis,
896 3435 925 3474 ut
939 3430 1025 3484 aiunt,
1040 3441 1104 3483 qua-

355 3501 446 3550 lificott
460 3508 507 3541 seu
521 3501 737 3542 aiictoiatabi'tte:
751 3497 789 3541 ita
803 3497 903 3542 scilicet
914 3501 954 3552 nt,
964 3498 1103 3553 utriusque

354 3564 474 3620 coniugis
494 3563 587 3610 audito
605 3575 742 3617 consensu,
757 3565 880 3621 deinceps
895 3575 942 3621 pro
957 3576 1005 3610 suo
1020 3563 1104 3609 officio

355 3634 444 3676 actum
463 3631 549 3675 valide
569 3637 674 3686 gestum
695 3635 723 3675 iii
745 3636 986 3676 matrimoniorum
1004 3635 1104 3676 tiberem

356 3699 443 3743 valeat
458 3697 564 3742 reterre.
577 3697 677 3748 Quibus
691 3703 781 3743 tamen
796 3698 823 3742 in
838 3698 1048 3742 circumstantiis
1062 3709 1105 3754 ap-

356 3764 440 3821 posite
462 3764 588 3818 subdidit,
603 3775 654 3809 666
675 3763 781 3821 impari,
801 3765 883 3809 iinmo
901 3765 997 3810 maiori
1014 3763 1104 3820 etiam,

356 3839 452 3876 conatu
465 3843 496 3876 ac
510 3831 599 3876 studio
613 3831 647 3877 ab
658 3832 790 3888 Episcopis
800 3837 826 3876 et
837 3833 960 3888 parochis
970 3832 1105 3877 elaboran-

356 3899 419 3943 dum
433 3897 496 3952 sore,
511 3900 540 3943 ut
554 3897 715 3944 acatholica
730 3903 804 3952 parte
819 3897 995 3955 perversionis
1006 3899 1106 3954 pericu·

357 3966 422 4018 lum,
437 3965 523 4021 quoad
538 3965 598 4010 lteri
620 3966 727 4021 poterit,
742 3970 907 4020 autumatur,
922 3971 952 4010 ut
967 3967 1106 4010 universae

357 4031 438 4087 prolis
452 4031 611 4086 educationi,
626 4043 678 4088 quo
693 4033 797 4076 meliori
812 4032 890 4076 liceat
902 4033 985 4086 inodo,
997 4037 1105 4077 cautum

357 4099 401 4154 sit,
416 4102 498 4154 utque
519 4097 669 4143 catholicae
690 4098 823 4154 Religioni
844 4099 992 4144 adhaerens
1012 4097 1106 4144 coniux

358 4165 428 4210 serio
441 4165 616 4212 aditioneatur
630 4167 662 4209 de
676 4165 838 4220 obligatione
859 4167 970 4210 curandi
985 4178 1032 4222 pro
1049 4166 1107 4210 viri-

358 4233 406 4276 bus
420 4231 618 4276 conversionem
632 4232 773 4278 acatholici
787 4231 920 4288 coningis;
931 4233 1027 4290 quippe
1038 4233 1106 4289 quod

358 4299 391 4344 ad
405 4303 573 4356 patratorum
594 4299 737 4344 criminum
760 4299 863 4346 veniam
884 4301 917 4345 ad
937 4303 988 4344 Deo
1003 4301 1107 4346 facilius

359 4365 554 4423 impetrandam
568 4366 688 4423 apprime
703 4367 839 4412 conducat.

398 4435 538 4477 Permotus
552 4439 690 4489 praeterea
710 4432 805 4478 ssibus
820 4433 946 4478 boidinus
961 4436 1051 4480 noster
1066 4433 1107 4488 iis,

360 4511 426 4557 qnae
441 4500 468 4544 in
483 4500 682 4556 praenunciatis
701 4500 802 4544 litteris
818 4513 863 4556 per
883 4501 1046 4559 ilungaricos
1061 4507 1109 4546 an·

361 4569 460 4614 11611166
474 4569 648 4624 addebantur,
658 4581 778 4626 quaeque
789 4571 949 4627 exipsorum
961 4583 1040 4616 sensu
1050 4571 1110 4615 ube·

298 4671 304 4686 ,
361 4636 417 4681 rius
431 4637 561 4693 expressit
581 4637 725 4694 Episcopus
739 4638 931 4692 Csanadiensis,
947 4639 996 4683 tali
1016 4649 1110 4695 nempe

360 4703 541 4760 procidentiae
561 4704 648 4748 torma
669 4704 740 4749 haud
762 4707 828 4749 satis
851 4705 950 4749 mederi
967 4704 1109 4762 multiplici

361 4769 499 4826 regionum
520 4769 682 4822 necessitati,
697 4782 743 4815 666
757 4771 857 4816 6616111
877 4783 988 4816 suerum
1004 4775 1030 4817 et
1044 4772 1110 4816 61611

361 4837 527 4882 anxietatum
541 4848 644 4892 666666,
659 4837 751 4883 habita
766 4839 924 4894 praesertim
944 4840 1049 4884 ratione
1065 4849 1110 4883 nu·

361 4905 487 4961 ptiarnm,
503 4917 569 4962 quas
583 4905 616 4950 ob
630 4905 787 4962 denegatam
802 4906 884 4951 etiam
898 4907 1040 4952 6111616616
1051 4918 1110 4952 cau·

363 4971 465 5017 tionum
480 4973 605 5018 catholici
616 4973 724 5029 parochi
735 4973 943 5018 benedictionem
954 4985 1044 5019 eoram
1055 4985 1111 5019 aca-

363 5039 460 5084 tholico
475 5039 599 5086 ministro
613 5040 676 5084 iniri
686 5040 834 5097 contingam
851 5041 903 5086 alia
914 5042 1042 5086 nonnulla
1053 5042 1111 5098 pari

363 5106 527 5163 benignitate
541 5107 656 5151 decrevit
669 5118 748 5164 super
759 5107 849 5152 mixtis
858 5107 995 5153 connubiis
1006 5108 1032 5152 in
1043 5111 1111 5152 liun-

362 5175 455 5230 gariae
475 5185 557 5231 regno
577 5180 604 5220 et
622 5186 717 5230 magno
737 5177 945 5232 Tinnsylvaiiiae
960 5180 1060 5222 bucata
1075 5176 1112 5220 iii·

363 5242 496 5298 dulgenda
516 5253 563 5287 seu
586 5243 731 5288 toleranda.
746 5247 837 5299 ltaque
859 5245 993 5301 praesenti
1014 5245 1112 5288 instru-

363 5309 450 5354 ctione
463 5308 583 5365 primati,
595 5309 803 5366 archiepiscopis
814 5315 840 5355 et
851 5311 984 5368 Episcopis
994 5311 1112 5357 eiusdem

363 5377 439 5434 regni
459 5377 592 5434 pontilicio
614 5378 719 5422 nomine
737 5378 912 5435 signillcatur,
929 5379 951 5424 si
965 5380 1113 5424 recensitae

365 5443 488 5500 superius
502 5443 720 5490 circumstantiae
734 5446 762 5490 in
772 5457 809 5500 re,
819 5447 850 5491 de
860 5457 912 5504 qua
922 5447 1022 5504 agitur,
1032 5447 1113 5492 inter·

364 5509 502 5566 cesserint,
516 5511 573 5566 pati
593 5511 664 5568 ipsos
685 5511 800 5556 ulterius
821 5525 905 5569 posse,
925 5519 954 5559 61
969 5525 985 5559 a
999 5515 1113 5571 parocho

365 5576 495 5621 catholico
506 5583 561 5620 tum
572 5585 714 5622 consuetae
724 5572 947 5634 proclamationes
958 5581 1031 5637 liant,
1042 5581 1113 5626 omni

366 5650 456 5690 tamen
474 5647 666 5701 praetermissa
680 5645 813 5690 mentione
828 5645 898 5692 circa
913 5649 1069 5704 religionem
1085 5651 1113 5694 il·

364 5713 455 5758 lorum
469 5713 516 5770 qui
531 5713 638 5769 nuptias
652 5712 706 5757 sint
724 5715 897 5768 conti-acturi,
912 5719 971 5760 tuin
985 5717 1067 5762 etiam
1083 5718 1114 5762 de

365 5780 481 5837 peractis
494 5779 566 5824 hisce
581 5780 833 5836 proclamationibus
842 5780 950 5827 litterae
961 5794 1032 5828 mere
1043 5783 1115 5828 testi-

366 5847 494 5893 moniales
508 5847 696 5903 concedantur,
705 5846 732 5891 in
742 5847 838 5904 quibus
849 5849 1000 5904 (dummodo
1010 5851 1114 5896 nullum

366 5915 437 5962 adsit
458 5914 586 5961 dirimens
608 5914 837 5972 impedimentum)
857 5916 933 5962 66166
948 5917 1115 5976 6666616161,

1150 661 1208 723 pro
1241 644 1426 724 episcopalis
1455 642 1501 706 lui
1533 641 1705 704 ministerii
1735 639 1837 701 cilicio
1866 641 1898 700 in

1152 739 1230 801 tanti
1252 739 1410 800 momenti
1425 753 1495 798 rein
1512 752 1603 798 curas
1625 733 1899 811 cogitationesque

1151 831 1269 892 merito
1295 831 1511 902 converteris,
1542 829 1701 892 Ecclesiae
1724 827 1762 888 de
1790 825 1899 886 mixtis

1152 925 1365 986 matrimoniis
1381 924 1570 995 doctrinam,
1587 923 1636 984 ius
1651 921 1900 996 libertatemque

1151 1018 1248 1090 tueri,
1265 1017 1428 1080 vindicare
1449 1017 1622 1087 studueris,
1637 1033 1671 1076 ac
1686 1013 1835 1092 pastorali
1851 1029 1901 1074 16-

1151 1112 1231 1174 bore
1254 1119 1285 1174 et
1307 1111 1480 1172 constantii
1494 1116 1624 1172 exortos
1646 1108 1763 1170 abusus
1779 1107 1818 1170 de
1834 1121 1901 1168 me-

1151 1347 1189 1391 611
1203 1345 1284 1400 aliud,
1299 1349 1406 1402 praeter
1427 1345 1558 1390 Ecclesiae
1573 1344 1686 1389 vetitum
1701 1343 1734 1388 ob
1750 1342 1848 1388 mixtae
1863 1353 1901 1386 re·

1150 1412 1258 1468 ligionis
1268 1413 1495 1470 impedimentum,
1503 1410 1668 1457 conciliando
1679 1409 1849 1456 matrimonio
1860 1409 1902 1453 ob·

1152 1483 1231 1536 stare,
1247 1481 1321 1525 nullo
1338 1491 1447 1537 prorsus
1468 1479 1557 1523 addito
1573 1477 1660 1532 verbo,
1675 1477 1744 1522 unde
1759 1485 1902 1521 cousensus

1151 1550 1198 1592 aut
1220 1547 1418 1604 adprobationis
1442 1547 1480 1590 vel
1503 1546 1568 1590 levis
1590 1545 1705 1602 suspicio
1730 1543 1766 1588 sit
1789 1543 1901 1588 oritura.

1152 1615 1223 1666 Quod
1235 1620 1326 1661 autem
1336 1615 1433 1660 attinet
1444 1615 1475 1660 ad
1486 1613 1677 1660 connubiorum
1689 1614 1802 1657 istorum
1813 1621 1902 1655 corani

1151 1683 1299 1728 acatholico
1320 1681 1452 1734 ministro,
1469 1693 1515 1726 seu
1531 1693 1582 1726 non
1602 1683 1707 1725 servata
1727 1678 1834 1724 concilii
1849 1678 1905 1721 111-

1151 1749 1252 1796 dentini
1274 1749 1366 1802 torma,
1388 1749 1602 1802 celebrationem,
1622 1749 1675 1792 erit
1696 1747 1804 1792 omuino
1819 1756 1903 1790 sacro·

1152 1829 1211 1862 rum
1234 1817 1388 1874 praesulum
1409 1828 1440 1862 ac
1456 1817 1632 1872 parochorum
1654 1814 1850 1860 studiosissime
1866 1813 1903 1856 in-

1152 1889 1232 1936 stare,
1247 1888 1328 1942 atque
1343 1884 1369 1928 iii
1381 1884 1494 1929 caritate
1505 1885 1549 1927 Dei
1559 1886 1585 1927 et
1596 1883 1727 1940 patientia
1737 1879 1836 1925 christi
1848 1891 1905 1936 pai·-

1153 1957 1205 1998 1616
1221 1951 1381 1998 catholicam
1397 1950 1501 1996 hortari
1516 1963 1546 1996 ac
1562 1961 1678 2004 monere,
1694 1953 1723 1994 61
1739 1949 1813 1992 illam
1829 1947 1905 1991 nimi-

1153 2029 1213 2064 rum
1224 2019 1257 2066 ab
1266 2019 1334 2064 tanti
1345 2018 1460 2063 scandali
1473 2017 1646 2074 turpitudine,
1655 2019 1784 2072 quantum
1794 2014 1904 2070 possint,

1153 2088 1329 2132 absterreant.
1340 2087 1365 2130 Si
1375 2085 1481 2142 quidem
1491 2096 1552 2130 vero
1561 2083 1714 2129 huiusmodi
1725 2083 1843 2139 ipsorum
1853 2091 1905 2125 mo·

1154 2154 1217 2200 uitis
1231 2157 1311 2210 atque
1326 2154 1503 2199 hortamentis
1515 2150 1905 2208 611111666666611616116166-

1155 2223 1233 2276 libus,
1250 2223 1332 2267 mixta
1347 2221 1520 2267 matrimonia
1534 2231 1565 2264 ea
1581 2220 1685 2264 ratione
1708 2219 1807 2263 luerint
1822 2217 1904 2270 inita3

1154 2287 1278 2345 inspectis
1301 2294 1355 2334 tam
1375 2287 1527 2346 praeteritis
1543 2299 1622 2344 quam
1641 2285 1825 2342 praesentibus
1840 2285 1905 2328 loco-

1154 2368 1222 2411 rum,
1233 2357 1264 2400 de
1276 2356 1372 2412 quibus
1383 2366 1471 2400 sermo
1482 2357 1531 2408 est,
1542 2354 1721 2411 peculiaribus
1733 2355 1906 2397 circumstan-

1155 2423 1208 2478 tiis,
1224 2431 1303 2468 ernnt
1317 2423 1351 2468 ab
1367 2421 1500 2480 Episcopis
1515 2425 1541 2466 et
1556 2421 1677 2479 parochis
1696 2421 1839 2477 prudenter
1856 2418 1905 2462 dis-

1154 2491 1313 2543 simulanda,
1322 2493 1356 2546 et,
1365 2489 1485 2548 quamvis
1496 2489 1598 2544 illicita,
1609 2500 1656 2546 pro
1667 2487 1760 2532 validis
1773 2485 1904 2538 habenam

1155 2559 1205 2603 nisi
1221 2563 1311 2603 tamen
1325 2557 1480 2603 canonicum
1494 2557 1602 2603 aliunde
1612 2555 1708 2601 officiat
1719 2555 1848 2598 dirimens
1860 2553 1907 2596 iin-

1155 2626 1345 2681 pedimentnm,
1360 2637 1406 2669 sen
1422 2625 1448 2668 iii
1464 2625 1620 2682 nuptiarum
1637 2621 1815 2667 celebratione
1830 2631 1906 2676 appo·

1155 2694 1222 2739 sitae
1237 2693 1337 2738 suerint
1346 2692 1509 2737 conditiones
1520 2691 1687 2738 substantiae
1698 2687 1863 2734 matrimonii
1876 2699 1907 2731 ex

1155 2760 1284 2806 catholica
1299 2760 1420 2806 doctrina
1441 2767 1628 2815 repugnantes.
1645 2763 1766 2802 Ceterum
1783 2765 1905 2812 quocum·

1157 2841 1206 2884 que
1221 2830 1327 2874 demum
1343 2829 1419 2873 modo
1433 2828 1516 2872 mixta
1529 2828 1592 2872 baec
1603 2825 1775 2870 matrimonia
1785 2825 1853 2868 citra
1866 2825 1908 2866 Ec-

1156 2895 1251 2940 clesiae
1265 2895 1475 2952 dispensationes
1487 2899 1513 2939 et
1525 2892 1686 2938 necessarias
1697 2891 1843 2938 cantiones.
1853 2885 1908 2934 ¹sive

1157 2973 1203 3018 per
1224 2963 1355 3018 passivam
1378 2961 1486 3017 parochi
1505 2960 1628 3005 catholici
1649 2959 1837 3016 praesentiam,
1853 2957 1908 3000 sive

1156 3041 1245 3074 coram
1267 3029 1416 3074 acatholico
1437 3029 1562 3072 ministro
1583 3031 1720 3072 contracta
1742 3025 1856 3078 luerint;
1879 3023 1909 3068 il-

1156 3097 1202 3142 lud
1216 3096 1351 3154 Episcopis
1365 3099 1391 3140 et
1407 3096 1529 3153 parochis
1540 3095 1673 3139 Sanctitas
1684 3097 1736 3137 Sua
1749 3103 1908 3147 magnopere

1156 3163 1331 3217 commendat,
1348 3168 1376 3207 nt
1392 3163 1465 3207 enini
1480 3161 1607 3218 pastorali
1627 3159 1806 3206 sollicitudine
1821 3159 1909 3204 catho-

1158 3232 1238 3276 licum
1253 3231 1392 3285 coniugem
1407 3231 1440 3275 ad
1455 3233 1577 3286 patratae
1592 3229 1685 3286 culpae
1704 3226 1908 3272 detestationem

1157 3309 1355 3355 congruamque
1368 3297 1560 3354 poenitentiam
1570 3303 1718 3353 opportune
1729 3298 1858 3340 conentur
1869 3305 1909 3338 ex·

1158 3366 1378 3422 ascraeumque
1399 3365 1513 3409 solerter
1534 3364 1665 3410 adducant
1679 3363 1711 3408 ad
1732 3361 1909 3417 obligationes

1158 3434 1312 3490 implendas,
1328 3435 1423 3490 quibus
1437 3431 1596 3490 gravissime
1616 3433 1730 3484 tenetur,
1746 3430 1821 3474 illam
1837 3441 1909 3486 prae·

1158 3501 1261 3556 sertim,
1276 3513 1343 3558 quae
1358 3507 1397 3544 est
1412 3501 1443 3544 de
1458 3499 1589 3544 catholica
1604 3499 1744 3542 universae
1760 3496 1910 3553 6161166116-

1158 3568 1261 3612 catione
1283 3567 1401 3623 impense
1421 3565 1546 3610 curanda.
1564 3567 1634 3614 Quae
1648 3564 1670 3608 si
1686 3576 1717 3608 ex
1733 3567 1792 3608 roto
1809 3564 1908 3608 coiitin·

1159 3638 1232 3690 gant,
1241 3635 1357 3690 adeoque
1367 3637 1478 3686 constet,
1489 3643 1549 3676 enni
1565 3642 1658 3676 resera
1674 3631 1825 3688 resipuisse,
1837 3642 1910 3686 para·

1160 3703 1268 3756 tumque
1283 3711 1340 3745 6666
1355 3700 1387 3744 ad
1402 3703 1587 3756 opportunam,
1602 3698 1687 3753 quoad
1704 3697 1826 3750 valuerit,
1838 3707 1909 3741 scan-

1159 3768 1212 3814 dali
1234 3765 1443 3824 reparationem
1466 3758 1613 3810 16666666
1635 3765 1733 3821 poterit
1755 3765 1811 3820 ipse
1826 3775 1910 3809 sacra·

1160 3838 1310 3880 mentorum
1326 3833 1455 3878 Ecclesiae
1466 3833 1599 3889 particeps
1610 3831 1677 3886 lieri,
1688 3831 1910 3888 quemadmodum
1990 3823 1994 3831 '

1160 3903 1320 3958 respondens
1330 3901 1371 3945 die
1384 3912 1440 3946 xiii.
1454 3899 1513 3944 iulii
1523 3911 1696 3945 ncccnxxxii.
1710 3897 1912 3954 archiepiscopo

1160 3968 1340 4014 mechliniensi
1358 3979 1394 4012 sa.
1411 3978 1460 4011 me.
1477 3967 1537 4011 Pius
1553 3969 1592 4010 Vl.
1608 3966 1635 4010 in
1652 3977 1707 4010 rein
1723 3964 1867 4011 adnotavit.

1200 4037 1295 4080 batum
1311 4037 1409 4079 ltoinae
1425 4035 1466 4078 die
1479 4043 1543 4078 xxx.
1555 4032 1649 4090 aprilis
1659 4045 1700 4078 aii.
1712 4031 1760 4077 Diii
1771 4043 1910 4078 nncccxti.

1460 4147 1485 4185 ,1.
1504 4143 1805 4184 (16161.16611166611111

1478 4270 1527 4276 .-φ
1536 4267 1660 4276 -.----

1366 4377 1552 4419 INSTRUCTIO
1568 4376 1709 4418 SECUNDA

1162 4513 1198 4554 oct
1214 4511 1428 4562 archiepiscopos
1442 4515 1466 4552 et
1482 4513 1622 4562 Episcopus
1639 4512 1791 4554 attstrtacne
1805 4511 1914 4554 ditionis

1282 4581 1312 4620 111
1327 4580 1468 4626 foederatis
1484 4579 1643 4619 Germaniae
1658 4577 1792 4628 perietibus.

1205 4713 1269 4754 Cum
1284 4711 1420 4756 Romanus
1440 4710 1565 4765 Pontifex,
1581 4721 1628 4767 pro
1647 4710 1772 4767 imposito
1786 4710 1838 4755 sibi
1852 4709 1915 4754 divi-

1165 4777 1238 4822 nitus
1253 4776 1390 4834 apostolici
1406 4776 1483 4822 olllcii
1499 4787 1616 4831 munera,
1629 4787 1720 4822 sacrae
1735 4778 1871 4822 doctrinae
1885 4789 1915 4822 ac

1164 4843 1319 4900 disciplinae
1335 4843 1486 4899 integritati
1499 4855 1591 4889 cavere
1601 4844 1797 4888 studiosissime
1808 4845 1914 4896 debeat,

1165 4922 1216 4956 non
1238 4915 1324 4967 potest
1346 4923 1397 4956 non
1420 4912 1529 4956 moleste
1550 4911 1619 4955 16116
1634 4911 1805 4968 graviterque
1820 4911 1915 4966 impro-

1165 4978 1228 5022 bare
1243 4978 1370 5034 quidquid
1385 4978 1412 5022 in
1427 4989 1520 5022 aarum
1540 4977 1683 5022 discrimen
1701 4978 1788 5022 induci
1804 4977 1915 5022 tortasse

1166 5043 1312 5098 contingat.
1336 5043 1510 5100 Exploratum
1533 5055 1612 5099 porro
1633 5043 1699 5088 satis
1720 5055 1851 5100 superque
1867 5050 1915 5098 est,

1165 5109 1227 5168 quid
1249 5111 1366 5155 Ecclesia
1387 5111 1419 5154 de
1441 5109 1620 5155 matrimoniis
1642 5110 1785 5155 catholicos
1803 5111 1915 5155 1616161

1165 5177 1330 5222 acatholicos
1351 5183 1479 5232 perpetuo
1494 5177 1617 5222 66666111.
1631 5179 1691 5232 1666
1705 5177 1833 5220 nimirum
1853 5181 1916 5221 tam-

1166 5254 1246 5300 quam
1260 5242 1368 5288 illicitas
1384 5243 1514 5300 planeque
1529 5243 1690 5300 perniciosas
1707 5254 1810 5300 semper
1823 5243 1916 5288 hahuit

1166 5311 1297 5356 eiusmodi
1312 5311 1427 5368 nuptias,
1444 5313 1500 5354 tum
1516 5311 1548 5354 ob
1561 5309 1723 5366 flagitiosam
1735 5310 1761 5354 in
1771 5310 1868 5354 divinis
1878 5321 1918 5354 16-

1166 5377 1215 5422 bus
1231 5378 1453 5432 communionem,
1476 5384 1532 5422 tuin
1555 5377 1588 5422 ob
1610 5377 1765 5434 impendens
1785 5377 1917 5422 catholico

1166 5443 1271 5501 coniugi
1285 5444 1463 5501 perversiouis
1478 5445 1636 5500 pericnlum,
1647 5454 1808 5500 pravamque
1821 5444 1917 5489 sobolis

1167 5512 1372 5558 institutionem.
1395 5515 1480 5568 etque
1499 5513 1550 5556 huc
1571 5511 1679 5556 omnino
1700 5511 1835 5568 pertinent
1851 5513 1918 5556 anti·

1167 5579 1290 5635 quissimi
1303 5591 1417 5624 canones
1437 5579 1499 5624 illas
1514 5590 1604 5624 severe
1625 5578 1823 5634 interdicentes,
1838 5585 1865 5624 et
1879 5591 1918 5624 re-

1167 5647 1297 5692 centiores
1313 5649 1485 5692 sniiiinorum
1501 5646 1918 5704 1661111666]66661166666661-

1168 5713 1216 5758 bus
1232 5713 1370 5769 speciatim
1385 5715 1552 5759 recensendis
1566 5715 1640 5760 iuvat
1654 5714 1801 5770 abstinere,
1816 5725 1876 5760 cnm
1887 5726 1919 5760 ea

1167 5781 1271 5828 abunde
1293 5781 1433 5836 sufficiant,
1455 5792 1522 5838 quae
1537 5781 1563 5826 in
1578 5791 1636 5826 rein
1655 5781 1782 5826 disseruit
1804 5782 1917 5837 insignis

1168 5849 1313 5895 memoriae
1334 5848 1452 5894 Pontilex
1473 5848 1630 5894 Benedictus
1651 5852 1714 5904 x1v,
1729 5849 1757 5893 in
1778 5849 1918 5906 encyclicis

1168 5917 1257 5965 literis
1271 5917 1304 5964 ad
1319 5917 1442 5963 Polonise
1455 5915 1541 5974 Regni
1555 5915 1704 5974 Episcopus,
1718 5917 1799 5974 atque
1812 5917 1840 5962 in
1854 5917 1919 5964 cele·

1820 501 1878 566 367
1931 505 1982 556 An.
1998 502 2027 555 C.
2050 507 2118 554 reio
