4788 6980
905 589 1080 636 uauuohtus
1102 591 1151 634 ΡΡ.
1178 587 1240 634 xvi.

300 707 436 768 fratrum
459 713 645 769 nostrorum
662 706 793 770 Sanctae
808 708 967 770 Romanae
990 707 1045 770 Ec-

299 801 414 863 clesiae
438 800 653 862 Cardinalium
670 801 808 878 negotiis
823 801 1046 878 Propagandae

299 896 389 958 Fidei
410 889 666 973 praepositorum
689 894 822 956 corasilio
848 895 1046 956 eraclianam

300 1007 357 1051 seu
369 989 607 1050 restitutionem
621 988 804 1065 provinciae
816 988 975 1064 Huquaug
986 987 1046 1048 lm-

300 1082 381 1160 perii
414 1080 563 1142 Sinarum
585 1081 619 1141 in
644 1080 830 1142 distinctum
860 1081 1046 1142 vicariatum

300 1173 521 1252 apostolicum,
544 1179 580 1234 ut
601 1179 703 1245 antea,
727 1173 964 1236 decernendam
987 1180 1047 1235 sta-

302 1267 471 1336 tuerimus,
495 1271 638 1327 cessante
662 1265 937 1328 administratione
959 1267 1047 1328 Anti-

300 1362 366 1422 stiti
388 1358 556 1421 Xansiensi
571 1358 608 1419 ab
624 1376 707 1420 anno
730 1375 894 1421 unccaxn.
916 1361 1044 1432 credita,

302 1472 360 1516 nos
381 1453 526 1516 eiusdem
547 1453 716 1514 vicariatus
738 1453 931 1515 institutioni
946 1472 980 1516 ac
998 1473 1047 1516 re-

302 1548 416 1625 gimini
445 1545 623 1608 consultius
649 1545 833 1623 prospicere
861 1547 1044 1625 cupientes,

302 1642 341 1702 de
364 1640 554 1702 eorumdem
577 1653 674 1699 venn.
699 1637 834 1700 fratrum
861 1647 1046 1702 nostrorum

302 1731 446 1802 consilio,
462 1739 503 1803 te,
516 1730 711 1792 venerabilis
726 1731 835 1802 irater,
853 1731 968 1793 eximia
984 1734 1048 1812 pie-

302 1833 376 1897 tate,
393 1825 573 1904 prudentia,
590 1825 745 1896 doctrina,
759 1825 926 1902 religionis
942 1827 1047 1888 studio

303 1936 338 1980 ac
354 1919 514 1996 perlonga
538 1917 725 1979 Missionum
744 1915 929 1980 Siuensium
952 1936 1048 1998 expe-

302 2013 417 2074 rientia
449 2011 709 2089 probatissimum
746 2011 850 2072 eidem
883 2013 1048 2074 vicariatui

303 2105 554 2184 praeficiendum
577 2104 773 2176 censuimus,
790 2105 918 2182 praevia
941 2105 1047 2168 dimis-

303 2199 393 2260 sione
419 2213 454 2258 ae
481 2195 689 2258 translatione
709 2212 726 2256 a
747 2196 899 2258 vicariatu
925 2205 1048 2276 aposto-

303 2291 364 2352 lico
395 2287 600 2359 Sutchuensi‚
625 2288 755 2350 attacta
782 2296 836 2352 tuo
865 2289 1047 2352 Coadiutori

304 2381 482 2445 venerabili
510 2382 600 2442 tratri
622 2381 779 2460 Episcopo
809 2383 993 2444 llasubensi
1015 2385 1048 2444 in

305 2477 419 2538 eodem
448 2475 580 2536 dimisso
607 2475 757 2535 vicariatu
787 2477 978 2538 succedendi
1008 2476 1049 2538 ta-

304 2571 432 2632 cultate.
448 2567 599 2642 Quocirca
614 2568 766 2646 peculiari
781 2577 812 2630 te
828 2569 1050 2632 beneficientia

305 2665 457 2742 prosequi
479 2662 637 2732 volentes,
655 2669 687 2723 et
708 2679 724 2722 a
739 2662 907 2738 quibusvis
923 2680 1050 2726 excom-

305 2757 547 2827 municationis,
578 2755 799 2832 suspensionis
822 2762 854 2816 et
874 2757 1048 2826 interdicti,

305 2851 440 2926 aliisque
462 2848 683 2911 ecclesiasticis
704 2849 861 2919 censuris,
881 2851 1051 2912 sententiis

306 2951 338 3006 et
358 2943 470 3022 poeuis
495 2943 609 3020 quovis
630 2943 725 3004 modo
748 2948 780 3002 et
794 2959 997 3020 quacumque
1012 2946 1051 3006 de

306 3055 396 3100 causa
418 3036 500 3108 latis
514 3037 541 3096 si
556 3051 634 3112 quas
657 3034 740 3096 torte
761 3036 937 3108 incurristi,
955 3038 1051 3099 huius

305 3137 429 3194 autum
452 3129 500 3190 rei
523 3129 622 3206 gratia
647 3128 852 3190 absolventes
874 3136 906 3191 et
927 3131 1051 3192 absolu·

307 3231 375 3286 tum
397 3223 467 3286 iore
493 3229 674 3291 censentes,
699 3227 730 3282 te
752 3221 839 3282 hisce
861 3221 977 3284 litteris
998 3241 1051 3286 au-

306 3317 450 3380 ctoritate
472 3321 580 3376 nostra
596 3315 766 3392 apostolica
781 3331 796 3374 a
812 3315 965 3378 vicariatu
979 3333 1051 3396 apo-

307 3410 402 3472 tolico
425 3407 618 3470 Sutchuensi
640 3406 863 3470 transferimus
886 3425 919 3468 ac
944 3409 977 3470 in
1000 3409 1051 3472 lli-

306 3505 426 3566 carium
449 3500 667 3579 Apostolicum
690 3500 872 3578 provinciae
893 3500 1052 3579 Huquang

307 3595 436 3674 lmperii
453 3593 604 3655 Sinorum
621 3608 694 3655 cum
711 3593 860 3654 omnibus
873 3595 1051 3670 eisingulis

307 3689 441 3760 iuribus,
457 3687 669 3759 lacultatibus,
684 3701 765 3763 quae
781 3687 965 3749 huiusmodi
980 3705 1051 3766 pro-

309 3782 394 3859 priae
415 3785 491 3841 sunt
507 3779 663 3851 muneris,
680 3779 717 3840 ad
733 3786 880 3840 nostrum
904 3787 934 3841 et
956 3781 1051 3842 hrrius

307 3873 506 3952 Apostolicae
518 3871 609 3934 Sedis
631 3873 865 3950 beneplacitum
889 3873 1050 3950 eligimus,

308 3967 533 4030 constituimus
556 3972 587 4028 et
609 3965 814 4043 deputamus,
838 3965 1052 4030 salvatamen

307 4075 436 4138 semper
451 4060 484 4120 in
499 4059 682 4138 praemissis
704 4059 890 4122 auctoritate
911 4059 1053 4138 Congre-

309 4153 445 4230 gationis
461 4151 651 4214 eorumdem
663 4151 891 4227 cardinalium
908 4170 942 4214 ac
957 4153 1053 4216 simul

308 4245 485 4308 venerabili
508 4245 599 4306 iratri
627 4244 784 4323 Episcopo
814 4245 987 4308 Manulensi
1011 4246 1052 4308 la-

309 4339 459 4401 cultatem
475 4338 619 4410 facimus,
631 4330 672 4399 ‘ut
687 4338 744 4400 tibi
759 4339 792 4399 in
807 4338 966 4401 vicariatu
983 4339 1053 4402 Sut-

308 4431 440 4494 chuensi
463 4433 636 4495 succedere
656 4432 763 4510 possit.
782 4432 966 4494 Mandemus
982 4451 1053 4511 pro-

308 4532 419 4604 pterea
442 4525 590 4586 omnibus
613 4531 645 4586 et
666 4524 802 4602 singulis
824 4524 862 4585 ad
884 4540 965 4602 quos
984 4543 1053 4604 spe·

309 4625 371 4680 ctat
391 4635 449 4681 seu
472 4618 636 4696 spectabit,
653 4625 689 4679 ut
704 4624 735 4679 te
750 4619 786 4679 ad
804 4634 922 4680 munus
938 4619 1053 4680 llicarii

309 4709 482 4789 apostolici
503 4709 702 4788 supradictae
724 4709 884 4772 missionis
899 4711 1055 4789 recipiant

310 4809 342 4864 et
362 4803 540 4874 admittant,
571 4801 693 4879 tibique
718 4801 751 4862 in
781 4802 1054 4881 omnibusque

817 4979 1069 4986 -u——ss—u-—u—

307 5079 397 5142 missis
415 5081 576 5126 auctoritate
597 5080 750 5126 eorumdem
772 5079 959 5127 cardinalium.
979 5082 1052 5126 Prae·

307 5149 379 5192 terea
390 5151 420 5192 ut
431 5151 594 5193 memoratus
604 5148 723 5194 vicarius
733 5149 898 5206 Apostolicus
908 5152 1053 5206 Hu-quang

306 5227 322 5259 a
337 5220 362 5258 te
377 5215 514 5270 eligendus
527 5207 680 5260 charactere
696 5219 722 5260 et
738 5217 817 5260 titulo
831 5215 973 5273 episcopali
992 5215 1053 5258 insi·

306 5281 396 5336 gnitate
406 5282 509 5336 evadat,
518 5293 548 5326 ex
563 5293 631 5327 nunc
643 5286 761 5338 protunc
772 5283 847 5328 illum
858 5283 885 5326 in
896 5283 1051 5338 Episcopum

306 5348 430 5393 ecclesiae
454 5349 565 5393 handen.
588 5350 636 5393 sub
658 5347 858 5406 archiepiscopo
882 5349 1051 5405 Dyrrachion.

307 5415 384 5470 vulgo
404 5413 492 5459 Bonda
507 5415 533 5459 in
550 5416 700 5471 praesentia
721 5427 809 5461 vaceu.
830 5428 877 5473 per
897 5416 999 5461 obitum
1016 5416 1052 5459 ul·

307 5481 366 5526 timi
380 5481 508 5538 Episcopi,
524 5493 591 5538 quae
606 5482 631 5526 iu
647 5481 769 5538 partibus
789 5483 937 5526 infidelium
953 5482 1053 5536 existit,

307 5549 397 5594 eadem
416 5547 578 5594 auctoritate
599 5553 692 5595 nostra
712 5549 856 5606 apostolica
875 5550 959 5606 eligas
973 5552 1054 5606 atque

306 5615 432 5669 declares,
446 5613 540 5672 illique
554 5616 587 5660 ad
601 5615 739 5662 eeclesiam
757 5617 911 5672 praefatam,
925 5615 1052 5672 quamdiu

306 5681 339 5726 ab
353 5681 505 5726 infidelibus
525 5681 698 5737 detinebitur,
719 5683 842 5728 accedere
864 5686 889 5727 et
904 5683 973 5739 apud
994 5695 1052 5728 eam

286 5785 287 5789 ,
307 5748 483 5803 personaliter
498 5748 612 5793 residere
623 5749 734 5793 minime
745 5753 877 5802 teneatur,
887 5749 957 5794 dicta
966 5753 1053 5794 aucto

307 5814 387 5859 ritate
402 5819 495 5860 nostra
508 5816 642 5870 concedas,
653 5815 799 5872 indulgeas.
811 5815 868 5859 riht
878 5819 1017 5872 praeterea
1027 5819 1053 5860 et

306 5882 391 5926 eidem
413 5882 516 5927 Vicario
530 5893 546 5927 a
561 5885 587 5927 te
601 5882 731 5938 eligenda,
746 5894 776 5928 ac
798 5885 888 5939 postea
909 5882 935 5926 iu
953 5883 1054 5938 Episco-

307 5960 368 6005 pum
391 5949 503 5994 Bendeu.
522 5949 683 5994 auctoritate
702 5951 728 5993 et
744 5953 834 5993 tenore
854 5949 1000 6005 praesentis
1016 5960 1054 5993 re-

1079 4979 1117 4986 ...-
1120 4981 1239 4986 -..-—.-

1102 708 1139 768 ad
1161 706 1346 768 huiusmodi
1373 721 1490 767 munus
1513 704 1686 784 pertinent,
1710 705 1846 772 laveant,

1103 807 1233 878 pareant
1248 808 1280 862 et
1295 807 1421 878 praesto
1444 800 1517 872 sint,
1544 807 1660 875 tuaque
1682 798 1801 859 monita
1818 805 1849 857 et

1103 895 1247 956 mandata
1272 899 1464 955 reverenter
1493 892 1666 970 suscipiant
1695 899 1727 954 et
1749 891 1848 953 ethea-

1103 987 1181 1048 citer
1206 987 1417 1064 adimpleant,
1448 1002 1540 1046 secus
1569 986 1762 1047 sententiam
1792 1001 1849 1046 seu

1103 1095 1250 1157 poenam,
1274 1095 1368 1156 quam
1399 1080 1460 1140 rite
1483 1078 1595 1139 tuleris
1622 1095 1679 1140 seu
1701 1077 1849 1140 statueris

1101 1171 1134 1232 in
1150 1171 1301 1240 rebelles,
1319 1177 1418 1232 ratam
1432 1170 1620 1231 habebimus
1635 1187 1669 1232 ac
1684 1169 1848 1240 iaciemus,

1103 1270 1287 1325 auctorante
1308 1261 1455 1333 Domino,
1479 1263 1640 1339 usquead
1664 1263 1850 1323 satisfactio-

1103 1375 1176 1419 nem
1200 1355 1392 1432 condignam
1415 1355 1645 1416 inviolabiliter
1671 1355 1848 1416 observari.

1102 1451 1173 1513 Non
1206 1449 1406 1512 obstantibus
1435 1448 1617 1526 apostolicis
1649 1450 1850 1510 constitutio-

1103 1545 1197 1605 nibus
1221 1550 1253 1606 et
1268 1542 1535 1612 ordinationibus,
1554 1541 1755 1618 caeterisque
1778 1559 1851 1603 con-

1104 1636 1208 1698 trariis
1235 1635 1505 1712 quibuscumque.

1142 1731 1256 1790 Datum
1279 1728 1409 1798 Romae,
1440 1728 1521 1804 apud
1546 1726 1576 1788 S.
1602 1727 1731 1788 Mariam
1759 1727 1852 1789 llaio-

1101 1838 1171 1883 rem
1194 1822 1254 1883 sub
1276 1821 1396 1882 annulo
1422 1819 1534 1881 Piscat.
1559 1821 1611 1882 die
1634 1837 1698 1882 xiv.
1724 1823 1851 1897 augusti

1101 1931 1363 1984 uncccxnxvrn„
1381 1913 1523 1992 pontific.
1549 1913 1652 1975 nostri
1674 1909 1757 1976 aiano
1781 1932 1849 1975 ιιιι.

1393 2197 1558 2260 dxxxix.

1104 2384 1303 2448 Vicorictum
1326 2386 1539 2466 apostolicum
1562 2385 1658 2465 cripit
1672 2385 1707 2446 ia
1722 2385 1851 2464 prouin-
1890 2411 1897 2422 ·

1143 2477 1194 2540 oid
1217 2478 1411 2557 Loco-tuitp,
1442 2495 1513 2539 cum
1540 2495 1696 2558 soporans
1725 2475 1764 2538 ob
1790 2476 1851 2555 epi-

1142 2575 1275 2650 scopatu
1291 2569 1472 2638 Peliacusi,
1487 2588 1524 2632 ac
1536 2587 1615 2630 nouo
1634 2569 1759 2631 Vicorio
1771 2567 1852 2648 Apo-

1143 2664 1253 2725 stolico
1276 2663 1417 2742 elipando
1440 2663 1631 2725 trudendum
1647 2662 1790 2723 decernit
1803 2663 1852 2722 iu-

1142 2755 1361 2817 risdictionem
1377 2757 1411 2817 iri
1427 2774 1479 2817 eos
1503 2755 1681 2834 Monpolioc
1702 2761 1732 2814 et
1747 2755 1852 2816 Mout-

1144 2849 1279 2911 churioe
1298 2854 1419 2928 portes,
1443 2865 1523 2926 quoe
1545 2855 1670 2928 ereptae
1700 2848 1852 2928 Episcopo

1145 2941 1316 3004 Peltiacrcsi
1330 2943 1414 3004 arilli
1432 2941 1556 3004 l'icort'o
1573 2941 1751 3020 Apostolico
1773 2959 1853 3002 com-

1143 3035 1259 3097 missoe
1279 3041 1367 3096 suut.
1777 3055 1781 3064 ·

1277 3203 1496 3272 altecomus
1520 3205 1580 3270 ΡΡ.
1606 3203 1677 3270 tvl.

1225 3325 1262 3390 ed
1285 3329 1461 3408 perpetuam
1485 3327 1528 3391 rei
1552 3325 1732 3391 memoriam.

1145 3499 1192 3560 Ex
1215 3499 1322 3562 debito
1344 3501 1510 3578 pastoralis
1529 3501 1620 3562 officii
1643 3517 1783 3578 superna
1798 3501 1854 3562 llei

1105 3594 1307 3672 providentia
1329 3594 1475 3656 humeris
1498 3595 1616 3657 nostris
1631 3595 1773 3672 impositi
1790 3611 1854 3656 non

1106 3687 1178 3748 levo
1200 3703 1276 3748 sane
1298 3687 1397 3748 totius
1421 3688 1529 3764 gregis
1546 3688 1698 3750 dominici
1714 3704 1795 3748 onus
1811 3687 1855 3749 ie-

1105 3785 1225 3851 rentes,
1243 3779 1307 3840 illis
1323 3780 1494 3858 praecipue
1510 3781 1635 3852 ovibus,
1653 3796 1734 3858 quae
1750 3781 1856 3858 regio-

1106 3890 1162 3936 nes
1178 3891 1193 3934 a
1211 3873 1292 3936 Sede
1312 3874 1370 3935 hac
1392 3873 1583 3952 apostolica,
1607 3875 1662 3936 ubi
1684 3875 1856 3937 catholicae

1106 3973 1254 4029 centrum
1277 3975 1325 4029 est
1346 3968 1488 4041 unitatis,
1506 3968 1604 4046 longe
1624 3968 1748 4029 dissitas
1770 3969 1856 4030 inco-

1106 4060 1188 4131 lunt,
1214 4060 1327 4122 maiori
1342 4060 1579 4122 consulendum
1594 4061 1764 4122 sedulitate
1784 4077 1856 4122 cen-

1107 4169 1227 4224 semus,
1251 4159 1287 4215 ut
1307 4153 1340 4216 in
1362 4155 1503 4216 adventu
1518 4155 1654 4232 pastoris
1669 4153 1791 4216 aeterni
1807 4171 1857 4215 re-

1107 4251 1227 4323 pertae,
1250 4247 1333 4308 sicut
1355 4253 1492 4324 oportet,
1509 4263 1567 4325 per
1582 4246 1787 4325 apostolicam
1804 4265 1856 4308 cu-

1106 4355 1175 4399 ram
1197 4339 1417 4402 intraveram
1441 4341 1537 4412 ovile,
1555 4340 1592 4402 ad
1616 4356 1728 4418 pascua
1753 4341 1856 4401 coele-

1106 4431 1164 4493 stia
1194 4433 1317 4510 possint
1345 4433 1470 4496 vocari.
1499 4433 1700 4509 feliciterque
1729 4433 1857 4494 valeant

1106 4525 1249 4601 perduci.

1146 4621 1165 4694 ἓ
1189 4620 1215 4678 1.
1240 4617 1320 4680 Hinc
1342 4634 1443 4695 quum
1466 4617 1558 4680 nobis
1583 4617 1722 4680 relatum
1746 4619 1854 4690 fuerit,

1106 4712 1139 4773 in
1153 4711 1344 4788 quibusdam
1360 4712 1549 4788 regionibus
1564 4712 1693 4789 lmperii
1707 4710 1856 4773 Sinarum

1107 4805 1281 4867 Pekinensi
1294 4804 1432 4867 dioecesi
1445 4805 1607 4876 subiectis,
1618 4805 1650 4866 in
1663 4804 1858 4883 amplissima

1107 5081 1262 5136 nuntiando,
1273 5085 1412 5138 postquam
1427 5083 1460 5126 ab
1473 5093 1503 5126 eo
1513 5082 1701 5138 professionem
1712 5081 1857 5126 catholicae

1108 5147 1167 5191 ildei
1190 5149 1263 5192 iusta
1285 5147 1443 5193 articulosa
1461 5147 1521 5192 sede
1544 5152 1635 5192 nostra
1657 5148 1813 5204 propositos,
1829 5158 1858 5191 ac

1108 5217 1198 5258 nostro
1212 5218 1238 5258 et
1253 5217 1387 5259 Romanae
1403 5215 1533 5258 Ecclesiae
1549 5215 1654 5260 nomine
1666 5214 1805 5258 fidelitatis
1816 5214 1857 5257 de-

1108 5281 1178 5326 bitae
1192 5281 1375 5325 iuramentum
1392 5281 1500 5325 solitum
1512 5281 1653 5336 acceperis,
1664 5291 1762 5324 miratus
1772 5291 1859 5324 conse·

1106 5347 1233 5393 erationis
1254 5348 1416 5393 auctoritate
1438 5351 1529 5392 nostra
1544 5348 1688 5403 apostolica
1704 5348 1857 5404 impendere

1107 5415 1180 5459 licite
1203 5414 1299 5464 valeas,
1320 5415 1421 5468 accitis,
1438 5415 1506 5459 etin
1529 5415 1577 5458 hoc
1600 5415 1647 5458 tibi
1669 5414 1858 5459 assistentibus

1108 5481 1219 5536 duobus,
1227 5482 1284 5526 loco
1295 5481 1490 5537 Episcoporum,
1502 5481 1664 5538 presbyteris
1675 5481 1858 5526 saecularibus

1108 5549 1162 5594 sive
1177 5548 1354 5603 regularibus,
1370 5548 1505 5604 praelatae
1521 5549 1600 5592 hrtius
1617 5548 1685 5592 sedis
1700 5547 1815 5603 gratiam
1832 5551 1859 5592 et

1108 5615 1321 5660 communionem
1343 5613 1509 5669 habentibus,
1531 5615 1602 5660 dicta
1623 5615 1785 5659 alletoritate
1808 5615 1860 5670 ple·

1110 5693 1170 5728 nana
1195 5687 1221 5726 et
1242 5682 1354 5726 liberam
1378 5681 1523 5725 tribuimus
1545 5682 1707 5726 facilitatem.
1731 5681 1858 5726 volumus

1109 5752 1197 5793 tamen
1213 5753 1261 5792 etc.

1149 5817 1243 5859 batum
1256 5817 1363 5867 Romae,
1374 5815 1442 5870 apud
1454 5817 1477 5858 S.
1490 5814 1599 5859 Mariam
1612 5814 1746 5865 Maiorem,
1757 5815 1806 5857 suh
1816 5825 1860 5858 an-

1110 5881 1172 5926 nulo
1194 5881 1343 5935 piscatoris,
1362 5882 1404 5925 die
1419 5893 1473 5926 xiv.
1489 5892 1548 5936 aug.
1573 5893 1784 5933 hincccxxxvuh,
1800 5892 1860 5940 pon·

1109 5948 1227 5994 tilicatus
1242 5949 1326 5992 nostrl
1341 5959 1410 5992 anno
1425 5959 1480 5992 vm.

1769 563 1828 628 205
1878 567 1931 619 nn.
1946 569 1975 619 c.
1998 567 2067 618 aeae
