4788 6980
16 539 18 550 )
84 551 141 598 Au.
157 548 184 597 (l.
206 546 274 595 1840

852 525 853 530 1
910 561 1084 608 annuemus
1106 564 1156 609 PP.
1180 563 1246 610 xvt.

306 677 504 755 plenitudiue
517 677 671 757 praelatas
684 680 861 758 provincias
873 679 1049 752 Valdivian.

306 779 338 834 et
348 770 508 834 Chiloaam
522 790 581 836 333
593 791 657 836 333
668 774 917 853 hrchtpelagum
931 775 969 838 de
980 773 1051 836 Chi-

306 865 355 927 333
373 873 404 930 33
419 867 581 928 Guaitecas
594 884 627 929 33
643 868 737 930 etiam
753 867 892 930 Insulam
909 867 1051 930 llocham

305 977 321 1020 a
344 961 480 1022 dioecesi
504 959 620 1024 SSritae
642 961 866 1040 Conceptionis
895 967 1052 1040 perpetuo

306 1054 479 1131 dividimus
502 1073 535 1116 ac
554 1055 834 1128 dismembramus,
852 1056 1052 1134 proindeque

307 1164 419 1209 omnes
441 1149 612 1226 paroecias,
637 1151 795 1222 ecclesias,
813 1151 958 1228 capellas,
983 1167 1053 1212 coe-

306 1241 410 1314 nobia,
428 1244 621 1304 monasteria
643 1251 675 1306 et
689 1244 746 1304 alia
762 1260 984 1322 quaecumque
1005 1261 1053 1306 se·

306 1335 423 1396 33333333
445 1353 479 1398 33
501 1337 690 1412 quorumvis
713 1339 862 1400 ordinum
892 1338 1052 1415 regularia

305 1427 470 1500 beneficia,
482 1443 562 1505 quae
571 1429 648 1491 inibi
661 1431 792 1492 forsitan
805 1432 950 1504 existant,
961 1433 1053 1494 item-

306 1537 369 1598 que
391 1538 487 1583 sexus
513 1523 682 1600 utriusque
704 1541 853 1602 personas
873 1532 935 1586 tam
959 1526 1053 1588 laicos

306 1630 401 1691 quam
418 1615 560 1687 clericos,
579 1633 643 1678 333
661 1625 766 1680 tamen
789 1625 966 1696 exemptos,
984 1635 1054 1697 pre-

305 1709 452 1786 sbyteros
474 1710 678 1774 beneficiatos
701 1718 733 1774 et
755 1711 923 1788 religiosos
950 1713 1054 1774 cuius-

306 1817 445 1887 cumque
468 1804 595 1880 gradus,
620 1811 730 1875 status,
752 1805 872 1866 ordinis
896 1811 928 1866 et
949 1805 1055 1868 condi-

308 1895 413 1966 tionis,
434 1903 590 1973 potestate
613 1915 646 1960 33
667 1899 893 1976 superioritate
909 1899 1055 1977 Episcopi

308 1987 362 2050 SS.
387 1989 610 2068 conceptionis
633 2008 690 2070 pro
716 1999 862 2070 tempore
888 1991 1055 2055 existentis

306 2097 362 2144 seu
380 2083 448 2144 eius
464 2083 617 2146 dioecesis
633 2086 785 2148 ordinarii
800 2093 993 2168 perpetuum
1006 2102 1056 2164 pa-

308 2176 388 2237 riter
397 2177 429 2238 in
440 2178 572 2240 3333333
585 2179 755 2240 eximimus
764 2185 858 2256 atque
868 2179 1053 2241 liberamus.

85 2269 289 2380 Issfflgffiffi
349 2273 366 2346 ἓ
389 2271 417 2330 l.
442 2271 503 2332 llao
518 2287 597 2332 xero
618 2272 914 2344 dismembratione,
929 2273 1056 2335 divisio-

84 2379 178 2474 331333
199 2371 223 2420 3;
246 2377 289 2420 ca·
310 2381 350 2425 33
373 2371 404 2425 33
431 2367 637 2444 exemptione
665 2373 801 2445 peracta,
827 2366 977 2444 oppidum
999 2383 1056 2429 seu

309 2457 470 2519 civitatem
494 2458 525 2520 S.
540 2459 644 2522 Caroli
666 2475 747 2536 quae
770 2461 872 2522 estin
894 2460 1057 2538 provincia

309 2551 467 2624 Chiloaae,
485 2553 518 2614 in
540 2554 702 2616 civitatem
728 2554 937 2632 episcopalem
962 2555 1057 2632 erigi-

310 2663 382 2708 mus
404 2636 499 2723 atque
521 2647 719 2710 instituimus
735 2665 807 2710 oum
831 2649 917 2710 curia
940 2655 972 2710 et
987 2666 1057 2710 cau-

310 2741 437 2802 cellaria
459 2740 679 2812 ecclesiastica,
697 2757 833 2820 eantque
848 2743 881 2803 in
897 2743 1058 2804 civitatem

311 2833 523 2912 episcopalem
538 2835 582 2897 sic
599 2843 736 2897 erectam
751 2843 783 2897 et
799 2835 976 2898 institutam
994 2853 1059 2898 om-

311 2927 404 2989 nihus
426 2936 459 2990 et
479 2929 615 3005 singulis
639 2929 702 2990 lrui
719 2929 906 3002 honoribus,
922 2930 1057 3000 iuribus,

312 3021 489 3099 privilegiis
512 3029 544 3083 et
565 3024 794 3100 praerogativis
811 3024 973 3095 volumus,
992 3025 1060 3100 qui-

311 3115 370 3176 bus
393 3123 539 3178 coeterae
555 3117 726 3194 pontificali
742 3118 817 3179 sede
837 3118 1005 3196 insignitae
1027 3118 1060 3180 in

311 3209 454 3272 Chilensi
477 3210 597 3272 ditione
613 3211 757 3295 ciuitates
773 3227 952 3288 eorumque
974 3212 1060 3273 cives

312 3310 448 3364 utuutur
470 3321 503 3366 33
525 3304 697 3380 33333333;
719 3306 883 3368 ecclesiam
900 3311 1060 3384 praestan-

314 3396 428 3456 tiorem
451 3395 609 3474 praefatae
631 3398 766 3459 civitatis
783 3397 888 3461 Sancti
903 3397 1008 3460 Caroli
1023 3398 1060 3458 ab

313 3495 486 3552 executore
507 3491 725 3568 praesentium
745 3491 927 3554 litterarum
939 3499 1060 3554 nostra-

313 3599 398 3656 rum,
416 3583 470 3660 qui
487 3583 621 3646 iuferius
637 3603 653 3646 3
670 3585 760 3648 nobis
778 3585 990 3662 delegabitur,
1008 3587 1061 3648 de-

312 3677 499 3753 signandam
514 3679 552 3740 ad
564 3679 722 3740 honorem
739 3680 994 3756 dignitatemque
1014 3697 1061 3742 33-

315 3771 467 3832 thedralis
490 3771 641 3834 ecclesiae
664 3773 820 3850 erigimus
835 3781 930 3851 atque
946 3775 1061 3836 attolli-

314 3881 396 3936 mus,
415 3865 496 3927 utin
513 3883 548 3928 ea
564 3868 673 3928 sedem
691 3868 902 3946 episcopalem
919 3884 976 3946 pro
995 3885 1061 3930 uuo

1107 680 1290 758 signamus,
1317 684 1402 759 quod
1429 683 1559 759 quidem
1582 680 1780 743 territorium
1809 681 1854 742 sic

1108 775 1298 838 attributum
1320 782 1415 854 atque
1437 777 1644 854 assignatum,
1665 775 1853 837 existentes·
1898 841 1906 854 „

1106 884 1169 945 que
1191 870 1223 930 in
1253 886 1291 932 eo
1313 870 1484 948 paroecias,
1516 870 1664 932 ecclesias
1686 867 1850 940 coenobia,

1106 965 1299 1025 monasteria
1321 971 1353 1026 et
1374 978 1596 1040 quaecumque
1611 963 1668 1024 alia
1683 961 1854 1024 saecularia

1108 1066 1139 1118 et
1160 1059 1350 1134 quorumvis
1373 1058 1523 1120 ordinum
1549 1057 1709 1134 regularia
1735 1056 1855 1118 benesi-

1107 1152 1163 1223 oia,
1193 1152 1362 1230 utriusque
1391 1169 1486 1214 sexus
1509 1167 1660 1230 personas
1683 1156 1715 1212 et
1736 1151 1854 1212 incolas

1107 1251 1171 1306 tam
1184 1246 1278 1308 laicos
1291 1261 1385 1322 quam
1398 1247 1541 1316 clericos,
1554 1251 1734 1306 nontamen
1748 1260 1855 1306 exem-

1108 1343 1190 1416 ptos,
1205 1339 1436 1416 cuiuscumque
1450 1339 1577 1415 gradus
1589 1338 1767 1400 ordinariae
1780 1338 1855 1399 novi

1109 1448 1166 1510 333
1189 1439 1335 1512 tempore
1358 1433 1526 1494 existentis
1541 1431 1688 1510 Episcopi
1704 1431 1855 1493 ecclesiae

1109 1523 1140 1586 S.
1158 1525 1262 1588 Caroli
1284 1526 1506 1596 iurisdictioui‚
1528 1525 1691 1602 regimini,
1710 1525 1856 1602 potestati

1108 1637 1142 1680 ac
1157 1619 1374 1698 superioritati
1393 1625 1550 1698 perpetuo
1565 1618 1714 1680 similiter
1731 1617 1856 1679 subiici-

1109 1729 1191 1782 mus,
1213 1713 1307 1790 eique
1331 1729 1388 1791 pro
1410 1713 1547 1785 civitate,
1572 1711 1747 1782 territorio,
1772 1709 1857 1772 dioe-

1110 1807 1184 1878 cesi,
1212 1807 1299 1867 clero
1322 1813 1354 1868 et
1377 1807 1493 1885 populo
1522 1811 1715 1884 perpetuum
1738 1804 1857 1882 pariter

1109 1901 1142 1962 iu
1158 1901 1290 1962 modum
1310 1900 1514 1977 adsignemus
1529 1907 1624 1976 atque
1639 1897 1854 1959 attribuimus.

1149 1992 1218 2068 §6-
1242 1993 1283 2055 Ut
1304 2001 1411 2055 333333
1441 1993 1570 2054 3333333
1600 1993 1653 2068 qui
1683 1998 1771 2053 extet
1799 2007 1857 2070 pro

1111 2093 1259 2165 tempore
1291 2087 1465 2166 Episcopus
1493 2085 1597 2148 Sancti
1625 2085 1741 2156 Caroli,
1767 2101 1856 2146 suam

1111 2180 1211 2256 possit
1223 2180 1374 2242 decenter
1391 2180 1476 2241 tueri
1492 2179 1680 2257 dignitatem
1695 2185 1791 2254 atque
1807 2193 1858 2239 xa-

1112 2273 1174 2334 leat
1194 2273 1313 2334 vicario
1336 2273 1480 2351 generali
1506 2279 1539 2333 et
1559 2273 1665 2334 curiae
1688 2272 1858 2350 episcopali

1113 2373 1290 2445 opportuna
1312 2367 1452 2444 satisque
1475 2367 1657 2445 providere,
1683 2381 1858 2443 congruam

1112 2461 1232 2530 dotem,
1251 2475 1345 2538 quam
1358 2459 1508 2522 Chilense
1521 2461 1716 2537 gubernium
1734 2475 1773 2521 ex
1790 2460 1859 2521 data

1112 2554 1174 2616 tide
1204 2554 1443 2632 quamprimum
1474 2554 1657 2625 constituet,
1690 2553 1858 2632 episcopali

1113 2663 1243 2709 mensae
1265 2647 1452 2710 ascribimus
1468 2655 1562 2724 atque
1578 2648 1793 2720 attribuimus,
1812 2648 1858 2708 uti

1111 2741 1261 2802 similiter
1284 2740 1419 2802 labrioae
1439 2756 1540 2802 novae
1556 2740 1744 2802 cathedralis
1761 2740 1860 2802 eecle-

1113 2834 1177 2895 siae
1193 2850 1262 2895 eam
1279 2849 1455 2911 congruam
1471 2834 1678 2906 dotationem,
1694 2849 1788 2910 quam
1804 2849 1860 2910 gu-

1114 2927 1264 2988 bernium
1286 2928 1390 3005 ipsum
1413 2927 1594 3006 praestabit,
1611 2933 1804 3006 perpetuum
1827 2927 1858 2988 in

1114 3023 1246 3084 modum
1274 3022 1483 3084 adscribimus
1509 3029 1604 3098 atque
1631 3021 1858 3083 adiudicamus.

1154 3116 1299 3194 Proprias
1321 3115 1415 3178 aedes
1437 3132 1495 3194 pro
1517 3116 1619 3188 futuri
1640 3115 1786 3194 Episcopi
1809 3115 1860 3176 ba-

1114 3209 1267 3272 bitatioue
1290 3211 1424 3286 eiusque
1446 3211 1552 3272 curiae
1576 3209 1761 3288 episcopalis
1784 3210 1860 3270 resi-

1116 3304 1221 3366 dentia
1249 3304 1375 3366 decenti
1404 3303 1506 3365 torma
1533 3309 1565 3365 et
1592 3305 1762 3366 commodo
1791 3304 1861 3366 loco

1115 3415 1159 3470 ac,
1178 3403 1333 3475 quantum
1349 3397 1420 3458 lieri
1442 3397 1570 3476 poterit,
1590 3397 1741 3459 ecclesiae
1757 3398 1862 3460 cathe-

1116 3492 1195 3554 drali
1211 3492 1424 3570 proximiores
1451 3491 1690 3570 quamprimum
1703 3491 1860 3568 adsignari

1115 3585 1283 3661 volumus3
1300 3586 1418 3664 quaesi
1432 3586 1527 3646 morlo
1540 3584 1645 3646 desint
1657 3599 1774 3661 easque
1790 3602 1862 3646 333-

1117 3681 1188 3742 duci
1211 3685 1366 3758 oporteat,
1392 3686 1467 3740 tuuc
1482 3679 1644 3756 pensionis
1659 3695 1718 3756 333
1733 3678 1862 3740 illarum

1116 3773 1327 3836 conductione
1357 3773 1529 3834 solvendae
1558 3773 1716 3834 rationem
1746 3772 1863 3835 habeu-

1117 3868 1188 3930 dam
1211 3883 1279 3929 esse
1309 3867 1513 3929 deceruimus
1535 3873 1630 3944 atque
1653 3867 1860 3929 declaramus.

1775 542 1834 606 339
1884 545 1936 594 An.
1953 547 1981 594 3,
2006 545 2073 593 roto

314 3958 463 4037 deinceps
496 3959 652 4038 Episcopo
682 3960 713 4022 S.
744 3961 849 4022 Caroli
878 3979 1061 4041 nuncupau-

315 4051 397 4124 dam,
418 4053 473 4130 qui
493 4053 598 4116 eidem
618 4055 769 4116 ecclesiae
787 4056 907 4117 civitati
929 4063 962 4118 33
977 4057 1062 4118 dioe-

315 4145 378 4206 cesi
407 4146 489 4208 inira
518 4147 725 4224 assignandae
751 4149 886 4226 eiusque
915 4149 1063 4212 cleroet

1155 3961 1223 4036 57.
1255 3961 1289 4022 lu
1312 3961 1424 4022 maiori
1453 3976 1533 4022 xero
1565 3961 1696 4022 ecclesia
1727 3961 1863 4023 civitatis
1924 3975 2033 4032 captum
2055 3987 2096 4019 aa·

1117 4055 1148 4118 S.
1173 4055 1278 4117 Garoli
1300 4062 1336 4116 ut
1357 4071 1451 4132 snpra
1468 4055 1501 4116 in
1516 4053 1731 4116 cathedralem
1759 4029 2096 4139 erecta}{¹1‘{',¹,¹,'?,{³⁵„p⁰„¹}ss

1116 4165 1211 4211 suum
1234 4148 1458 4210 constituimus
1481 4154 1576 4226 atque
1603 4149 1759 4226 erigimus
1781 4149 1862 4227 capi·
1883 4139 1947 4184 ΜΟ

316 4239 433 4316 333333
456 4241 582 4318 praesit,
608 4242 767 4320 synodum
784 4249 949 4316 convocet,
967 4251 1062 4321 atque

316 4333 422 4393 omnia
450 4339 482 4395 et
510 4335 636 4412 singula
664 4335 733 4398 iura
766 4335 865 4398 officia
894 4343 926 4398 et
954 4337 1062 4399 munia

316 4427 502 4506 episcopalia
531 4428 645 4490 babeat
667 4436 879 4507 exerceatque
902 4447 975 4492 cum
996 4431 1061 4492 suis

316 4522 466 4599 capitulo,
480 4538 560 4594 arca,
574 4523 703 4600 sygillo,
718 4539 828 4584 mensa
843 4531 879 4584 ut
893 4523 975 4586 inira
990 4541 1063 4586 con·

318 4615 489 4702 stitueuda,
511 4623 710 4692 caeterasque
732 4617 966 4696 pontificalibus
988 4618 1063 4679 insi-

318 4708 411 4786 gniis
429 4709 564 4781 iuribus,
589 4710 766 4772 honoribus
788 4712 1060 4788 praeeminentiis,

317 4803 433 4879 quibus
449 4801 592 4881 reliquae
608 4805 804 4867 cathedrales
821 4806 972 4868 ecclesiae
991 4805 1063 4868 Chi-

317 4896 415 4958 lensis
430 4898 559 4960 ditionis
572 4914 749 4976 earumque
761 4899 927 4977 praesules
937 4901 1063 4978 potiun-

318 4997 380 5063 tur,
396 4992 571 5054 dummodo
586 4992 680 5054 titulo
697 5009 834 5054 oneroso
846 4999 900 5054 aut
915 5009 954 5055 ex
970 5010 1063 5073 pecu·

318 5083 388 5146 liari
410 5087 534 5148 indulto
553 5103 618 5148 333
632 5087 696 5150 3333
711 5086 756 5148 eis
772 5087 933 5160 attributa,
951 5104 1063 5167 perpe-

318 5184 374 5240 333
396 5180 514 5258 pariter
538 5180 692 5257 erigimus
715 5187 810 5256 atque
832 5181 1041 5244 instituimus.

102 5267 299 5366 ,fffffifflggfff
358 5274 427 5349 gb.
451 5273 632 5336 cathedrali
655 5274 806 5336 ecclesiae
829 5274 859 5336 S.
877 5274 982 5337 Caroli
1004 5276 1064 5338 hoc

103 5373 152 5423 prio.

319 5370 415 5432 modo
427 5375 553 5431 erectae
565 5375 600 5430 ut
612 5369 738 5447 propria
751 5367 899 5448 deinceps
911 5369 1064 5431 dioecesis

320 5463 489 5534 tribuatur,
517 5463 603 5524 illius
625 5461 768 5524 Antistiti
790 5462 967 5541 provincias
994 5461 1064 5524 Val-

320 5558 409 5620 divae
433 5565 465 5619 et
485 5557 644 5628 Chiloaae,
665 5558 809 5634 itemque
823 5557 1063 5635 archipelagum

319 5652 358 5713 de
379 5651 491 5714 Gbiloe
515 5659 546 5713 et
567 5651 741 5723 Guaitecas,
760 5668 818 5712 333
840 5667 905 5712 333
926 5650 1064 5712 insulam

319 5745 460 5806 hlocham
485 5751 710 5822 nuncupatam,
728 5745 775 5806 uti
796 5743 944 5822 superius
967 5742 1064 5820 signi-

319 5839 407 5900 ficata
430 5849 487 5911 est,
512 5855 569 5917 pro
599 5838 735 5900 dioecesi
761 5837 837 5898 novi
866 5837 1064 5915 episcopatus

320 5931 351 5993 S.
375 5933 480 5994 Caroli
502 5939 659 6010 perpetuo
681 5932 885 6008 adiungimus
905 5937 998 6008 atque
1014 5932 1064 5992 ad-

1117 4243 1239 4314 tulum‚
1272 4243 1424 4304 undecim
1457 4251 1603 4304 constans
1629 4242 1863 4304 canonicalibus

1117 4335 1307 4414 praebendis
1323 4352 1380 4414 pro
1393 4335 1533 4398 totidem
1546 4335 1754 4413 presbyteris
1771 4335 1864 4397 nimi-

1117 4447 1190 4492 rum
1219 4431 1321 4493 tribus
1352 4429 1569 4508 dignitatibus,
1597 4445 1734 4507 quarum
1763 4430 1865 4508 prima

1117 4525 1297 4596 decanatus,
1313 4539 1393 4602 quae
1409 4529 1480 4602 post
1496 4523 1711 4602 pontificalem
1724 4524 1785 4584 erit
1801 4539 1864 4586 ma-

1117 4619 1166 4680 ior
1188 4637 1204 4680 a
1219 4618 1388 4681 comnibus
1404 4618 1545 4696 potietur
1561 4617 1749 4689 honoribus,
1768 4617 1865 4696 privi-

1118 4713 1211 4790 legiis
1234 4719 1265 4774 et
1291 4711 1554 4790 praeeminentiis
1587 4711 1693 4774 eidem
1725 4727 1765 4772 ex
1794 4711 1865 4772 iure

1117 4805 1386 4884 competentibus,
1420 4806 1558 4867 secunda
1580 4805 1863 4878 archidiaconatus,

1118 4917 1152 4962 ac
1177 4899 1271 4962 tertia
1299 4899 1521 4976 magisterium
1550 4897 1676 4960 scholae
1705 4915 1865 4978 nuncupa-

1118 4993 1223 5068 bitur,
1240 5009 1299 5054 nec
1311 5009 1375 5054 nou
1389 4999 1460 5054 octo
1472 4992 1707 5054 canonicatibus
1722 5007 1866 5071 compre-

1119 5086 1226 5148 hensis
1250 5086 1424 5163 theologali
1451 5103 1484 5148 ac
1509 5085 1753 5164 poenitentiaria
1778 5103 1866 5165 prae-

1119 5181 1243 5252 bendis,
1261 5196 1342 5257 quae
1358 5180 1445 5241 iuxta
1460 5179 1624 5241 canonicas
1638 5180 1818 5242 sanctiones
1833 5195 1866 5241 ac

1120 5275 1310 5352 praesertim
1332 5273 1464 5336 Concilii
1487 5272 1665 5334 Tridentini
1685 5274 1812 5341 decreta
1833 5273 1865 5333 in

1120 5369 1264 5448 capitulis
1299 5367 1514 5430 Ecclesiarum
1550 5367 1781 5429 cathedralium
1814 5383 1866 5428 ex-

1122 5469 1187 5524 tare
1210 5462 1346 5537 debent3
1364 5479 1398 5523 ac
1412 5467 1578 5540 praeterea
1593 5459 1698 5522 eidem
1715 5460 1866 5522 ecclesiae

1120 5572 1178 5634 pro
1200 5555 1333 5617 servitio
1355 5555 1445 5617 chori
1465 5560 1562 5616 erunt
1576 5554 1690 5616 addicti
1705 5569 1762 5615 sex
1779 5570 1866 5632 prae-

1120 5649 1248 5712 bendati
1269 5666 1327 5710 seu
1349 5648 1475 5720 vicarii,
1499 5647 1617 5724 aliique
1639 5647 1758 5710 clerici.

1160 5741 1349 5804 Huiusmodi
1362 5747 1468 5802 autem
1482 5740 1673 5817 dignitatum
1685 5755 1751 5802 333
1760 5741 1867 5803 minus

1121 5850 1215 5912 quam
1237 5835 1479 5897 canonicatuum
1505 5851 1539 5896 ac
1557 5832 1795 5912 prebendarum
1820 5834 1833 5896 l
1856 5869 1867 5878 -

1121 5935 1210 5992 turos
1232 5946 1265 5991 ac
1288 5945 1346 6008 pro
1368 5935 1514 6007 tempore
1543 5927 1717 5990 existentes
1745 5944 1867 6006 posses-
