4828 6974
943 569 1117 628 entecnius
1139 577 1189 627 1³1².
1213 571 1278 630 xvi.

336 701 556 766 Gardiualihus
578 699 801 780 Propagaudae
815 700 904 763 Fidei
925 702 1083 780 praeposi-

337 797 376 859 tis
397 795 543 868 consilio,
573 809 753 872 eorumque
781 793 945 856 communi
973 795 1084 856 sutira-

338 891 389 966 gie
418 889 459 952 de
487 904 590 951 nevae
611 889 706 951 huius
738 887 892 950 dioecesis
920 888 1084 950 erectione

337 983 477 1045 libenter
491 983 636 1062 probate,
653 983 692 1045 de
708 997 770 1060 qua
784 981 925 1044 iacienda
937 998 1002 1044 nen
1017 998 1084 1044 me·

337 1076 376 1137 de
398 1091 591 1138 consensum
613 1076 669 1139 sed
691 1091 802 1155 preces
828 1075 924 1138 etiam
946 1090 1081 1137 avenn.

337 1169 435 1230 tratre
455 1167 592 1248 losephe
605 1167 722 1248 Signay
745 1167 991 1246 Archiepiscepe
1003 1167 1084 1242 Que-

337 1262 465 1324 beceusi
486 1263 676 1341 accepimus
700 1262 777 1324 haee
798 1262 999 1324 decernenda
1014 1278 1083 1325 esse

336 1355 479 1420 arbitrati
500 1371 623 1420 sumus.

375 1451 395 1525 5
415 1449 445 1510 2.
469 1449 555 1511 ueto
577 1449 699 1512 scilicet
719 1449 861 1530 proprie,
883 1458 915 1512 et
936 1467 976 1513 ex
997 1451 1082 1512 certi

337 1541 467 1602 scientia
496 1559 530 1604 ae
556 1541 788 1605 deliberatione
820 1543 946 1616 nestra,
978 1544 1082 1620 deque

337 1635 525 1714 apostelicae
547 1635 711 1714 potestatis
740 1635 951 1714 plenitudine,
975 1637 1083 1698 blaria-

336 1727 552 1806 nepelitanam
574 1729 736 1791 civitatem
750 1729 784 1791 in
799 1728 946 1791 inierieri
959 1729 1082 1792 Ganada

337 1827 499 1898 totamque
520 1821 689 1898 regionem
705 1836 785 1900 quae
801 1821 1081 1902 hiarianepelitane

336 1914 481 1977 districtu
493 1915 689 1989 continetur,
702 1932 719 1977 a
734 1915 872 1978 dioecesi
883 1915 1081 1990 Quebeceusi

336 2013 492 2086 perpetue
512 2015 713 2087 separantes,
737 2009 899 2072 civitatem
925 2009 1012 2073 illam
1034 2017 1081 2073 te-

337 2106 470 2177 lumque
505 2100 574 2163 eius
607 2101 787 2164 districtum
819 2103 853 2165 in
884 2103 1080 2184 peculiarem

282 2261 286 2267 ,
335 2193 552 2272 episcopatum
579 2194 747 2272 erigimus,
771 2195 826 2272 qui
848 2195 922 2259 huic
948 2196 1081 2278 Aposto-

335 2286 412 2349 licae
435 2285 509 2349 Sedi
536 2287 722 2350 immediate
743 2288 905 2352 subiectus
935 2305 1006 2353 esse
1028 2293 1081 2355 de-

334 2378 432 2452 bebit,
456 2379 612 2458 cuiusque
632 2381 725 2444 sedes
747 2383 788 2442 sit
809 2382 918 2445 civitas
940 2384 1005 2462 ipsa
1021 2385 1081 2448 lla-

335 2471 575 2550 rianepolitana,
599 2489 639 2536 ex
668 2489 729 2552 qua
754 2474 899 2538 eiusdem
922 2479 1081 2558 episcopa-

337 2571 387 2628 tus
408 2565 522 2628 titulus
543 2582 602 2629 seu
623 2566 793 2644 appellatio
815 2567 992 2631 derivetur.

374 2661 393 2734 5
414 2659 443 2720 3.
469 2656 645 2720 statuimus
661 2666 826 2738 practerea
840 2667 877 2722 ut
891 2662 1080 2726 cathedralis

336 2753 467 2817 ecclesia
498 2751 645 2832 Episcopi
667 2769 683 2814 a
709 2754 800 2816 uobis
828 2753 861 2816 iu
890 2755 926 2816 ea
954 2756 1081 2820 civitate

336 2847 524 2909 instituendi
545 2847 587 2908 sit
607 2845 766 2924 templum
780 2847 846 2910 Dee
867 2847 900 2909 in
922 2849 1079 2912 honorem

337 2940 368 3002 S.
392 2939 494 3002 lacebi
522 2937 666 3019 Apostoli
696 2940 834 3002 dicatum
863 2943 987 3004 recenti
1015 2959 1081 3006 me-

336 3033 436 3096 merit
448 3032 527 3095 inibi
538 3033 714 3095 conditum.
729 3033 913 3096 Tribuimus
925 3033 1081 3116 Episcopo

336 3127 457 3190 anobis
473 3125 673 3190 instituendo
695 3125 877 3189 facultatem
892 3127 1081 3194 cathedrale

334 3219 516 3299 Capitulum
546 3217 706 3282 statuendi
728 3235 766 3281 ee
788 3220 884 3282 mede
906 3228 938 3283 et
966 3222 1079 3297 terma

336 3314 452 3391 quihus
474 3329 532 3392 pre
554 3311 671 3375 iudicio
693 3330 726 3374 ae
749 3314 918 3391 prudentii
940 3318 995 3378 sud
1017 3333 1081 3379 ma-

336 3407 383 3484 gis
405 3407 438 3467 in
459 3405 596 3468 Domine
618 3405 771 3484 expedire
789 3408 996 3485 compererit.
1020 3409 1081 3472 lle-

335 3499 442 3560 lumus
473 3505 676 3577 praesentem
703 3497 827 3560 clerum
853 3500 891 3562 ad
919 3501 1081 3565 civitatem

335 3600 367 3654 et
388 3591 568 3654 districtum
585 3591 902 3670 llarianepelitanum
918 3595 1081 3672 pertinen-

337 3692 401 3746 tem
416 3684 476 3746 sub
492 3684 639 3763 Episcopi
654 3684 927 3764 blariauepelitani
949 3703 1020 3750 esse
1034 3689 1081 3751 iu-

335 3779 532 3841 risdictione.
555 3777 759 3840 [declaramus
781 3778 921 3856 denique
943 3797 1008 3854 ees,
1026 3783 1079 3860 qui

335 3873 386 3934 vel
409 3872 534 3949 origine
549 3871 602 3933 vel
624 3870 785 3933 domicilio
800 3871 836 3933 ad
852 3871 1032 3935 districtum
1048 3892 1081 3937 ae

335 3966 497 4028 civitatem
518 3963 606 4026 illam
622 3970 766 4043 spectant
786 3971 819 4026 et
839 3965 871 4026 in
894 3965 1081 4029 ecclesiasti-

335 4060 378 4122 cis
406 4059 573 4122 ordinibus
595 4064 671 4120 sunt
696 4057 872 4130 constituti,
901 4058 955 4122 vel
987 4060 1081 4124 titulo

333 4152 419 4215 illins
431 4151 594 4215 missionis
609 4151 646 4214 ad
661 4166 766 4214 sacres
779 4151 908 4213 ordines
919 4159 995 4214 sunt
1009 4168 1081 4232 pre·

335 4247 424 4319 meti,
447 4247 481 4308 in
502 4245 650 4324 Episcopi
668 4244 943 4324 llarianepelitani
964 4247 1081 4326 depen-

334 4339 441 4402 dentia
463 4355 534 4402 esse
556 4338 687 4402 debere.

371 4435 391 4509 5
412 4433 442 4495 d.
465 4432 548 4495 llaec
569 4437 655 4505 suut,
679 4447 761 4510 quae
782 4432 821 4495 ad
842 4448 959 4495 nevam
986 4433 1080 4496 istam

334 4527 507 4590 dioecesim
535 4525 598 4588 rite
625 4525 856 4588 instituendam
879 4527 1080 4590 decernenda

333 4635 403 4682 esse
425 4619 622 4682 censuimus.
645 4617 844 4682 confidimns
866 4625 974 4682 autem
995 4621 1080 4683 lutu-

332 4729 406 4776 rum
422 4719 468 4787 ut,
484 4713 551 4775 Dee
571 4709 606 4776 0.
624 4711 663 4774 it.
687 4712 804 4775 initum
826 4730 843 4775 a
864 4713 955 4775 nobis
977 4713 1079 4776 censi-

331 4807 412 4870 lium
434 4807 647 4870 benedicente
676 4813 708 4870 et
735 4805 897 4870 laboribus
925 4807 1079 4870 obsecun-

332 4901 437 4974 dante,
462 4915 542 4978 quos
564 4899 769 4963 ecelesiastici
796 4899 859 4962 riri
886 4901 920 4963 in
948 4900 1001 4962 ilia
1028 4917 1078 4964 re-

332 4994 427 5072 gione
449 5009 508 5073 pre
523 4993 598 5056 fidei
614 4991 786 5056 catholicae
804 4993 1031 5072 propagatione
1047 5000 1079 5055 et

331 5087 364 5149 in
386 5087 566 5150 animarum
587 5083 688 5149 salute
714 5086 911 5165 procuranda
932 5086 1078 5150 alacriter

331 5181 534 5260 impendunt,
548 5179 664 5258 religio
678 5186 787 5242 nestra
799 5179 989 5260 ampliorem
1001 5195 1078 5258 que·

331 5274 408 5337 tidie
428 5274 635 5354 splendorem
656 5273 723 5336 illie
744 5280 969 5350 consequatur.

371 5369 390 5443 5
410 5368 440 5429 5.
464 5368 694 5440 Decerneutes,
718 5365 773 5428 has
796 5373 979 5446 praesentes
1008 5367 1078 5430 lite-

331 5475 380 5521 ras
403 5461 523 5534 firmas,
546 5460 665 5523 validas
681 5466 714 5522 et
728 5459 868 5522 efficaces
891 5460 1031 5522 existere
1046 5467 1079 5522 et

332 5551 401 5615 lere
423 5559 483 5616 etc.
510 5553 544 5616 in
572 5552 770 5616 centrarium
798 5551 987 5615 iacientibus
1009 5553 1078 5630 qui-

331 5642 543 5724 buscumquc.

370 5738 485 5801 Datum
507 5738 637 5812 Romae,
655 5740 736 5818 apud
753 5738 785 5802 S.
802 5739 933 5801 Petrum
949 5740 1009 5802 sub
1025 5757 1078 5802 au-

333 5831 409 5893 nule
421 5831 587 5894 Piscatoris
603 5833 655 5895 die
670 5849 742 5894 nnn
757 5832 831 5894 maii
842 5848 1076 5906 nncccxxxvr„

332 5925 533 6004 pontificatus
556 5927 658 5988 nestri
680 5941 763 5988 aune
785 5941 828 5987 vr.

1460 697 1565 762 xcix.

1145 883 1305 948 Viocrinm
1335 885 1473 968 Apeatel.
1504 885 1689 949 charactere
1717 884 1888 966 episcopali

1180 977 1374 1058 insignitum
1405 978 1557 1042 loannem
1583 978 1763 1058 Baptistcm
1796 975 1887 1038 Pent-

1179 1071 1291 1150 pcllicr
1322 1070 1585 1152 Conprepatieeis
1608 1070 1779 1135 Marianae
1805 1069 1887 1149 Log-

1181 1163 1335 1226 dunensis
1356 1165 1390 1226 in
1413 1165 1450 1228 cd
1475 1163 1631 1227 decaniae
1650 1169 1743 1244 perte
1771 1161 1887 1224 cenati-

1181 1257 1244 1319 tet't
1258 1275 1338 1336 patine
1352 1257 1489 1320 ciusdem
1515 1256 1776 1338 Conprcpctienia
1790 1272 1888 1318 cerco

1181 1352 1348 1415 cuminiaco
1369 1357 1425 1422 cat,
1441 1356 1471 1412 et
1492 1351 1585 1414 onina
1600 1351 1751 1414 terminos
1772 1348 1887 1412 descri-

1180 1443 1235 1508 bit.

1141 1629 1258 1696 Dilecto
1284 1629 1349 1696 lilio
1376 1629 1476 1698 loanni
1510 1629 1667 1715 Baptistae
1706 1629 1886 1714 Pompellier

1179 1722 1333 1790 dioecesis
1358 1724 1570 1808 Lugdunensis
1595 1726 1622 1792 in
1645 1723 1748 1791 (talliis
1764 1725 1886 1807 presby-

1178 1821 1247 1882 tene
1269 1815 1521 1902 congregationis
1544 1817 1709 1897 Marianae,

1313 2000 1529 2070 caecemus
1552 2003 1611 2071 PP.
1635 2002 1706 2069 xttt.

1418 2192 1535 2259 bileete
1554 2192 1607 2270 titt,

1172 2284 1298 2351 salutern
1322 2289 1353 2352 et
1374 2286 1571 2370 apostolicam
1598 2286 1850 2353 benedictionem.

1179 2475 1338 2537 Pasterale
1361 2475 1500 2538 efficium
1529 2476 1621 2538 nobis
1643 2492 1683 2538 ex
1708 2474 1772 2537 alte
1802 2490 1886 2536 cem-

1138 2567 1274 2630 missum
1298 2569 1437 2648 postulat
1458 2575 1553 2646 atque
1575 2569 1741 2646 efflagitat,
1765 2575 1801 2630 ut
1821 2568 1886 2630 ani-

1140 2677 1266 2723 marum
1286 2661 1380 2724 saluti
1405 2662 1531 2724 summi
1552 2662 1733 2740 vigilantia,
1757 2662 1833 2724 curt
1854 2668 1887 2722 et

1139 2755 1246 2818 studio
1267 2772 1325 2834 pre
1347 2755 1470 2818 viribus
1494 2755 1710 2818 consulamus.

1178 2851 1197 2924 5
1220 2849 1248 2910 l.
1271 2849 1380 2927 ltaque
1393 2863 1466 2912 cum
1482 2865 1586 2928 nuper
1598 2849 1708 2912 missio
1720 2849 1819 2912 luerit
1833 2851 1886 2913 de-

1138 2948 1224 3004 creta
1245 2942 1278 3004 in
1300 2942 1336 3004 ed
1358 2939 1510 3005 Oceaniae
1531 2949 1632 3021 parte.
1656 2959 1738 3020 quae
1766 2943 1886 3005 insulas

1139 3051 1252 3098 omnes
1273 3035 1388 3098 Oceani
1403 3035 1525 3098 Pacitici
1540 3043 1605 3097 tam
1626 3036 1886 3115 septentrionalis

1139 3144 1234 3206 quam
1256 3128 1401 3192 australis
1423 3129 1456 3190 in
1479 3129 1665 3192 occidentali
1690 3129 1781 3208 plaga
1802 3146 1887 3192 eenr-

1139 3221 1301 3300 plectitur,
1319 3221 1356 3284 ab
1379 3220 1568 3300 Arcipelage
1583 3223 1628 3284 sie
1643 3221 1727 3286 dicte
1749 3222 1788 3284 de
1804 3221 1887 3285 llan-

1140 3315 1197 3393 gea
1218 3315 1376 3378 inclusive
1392 3323 1424 3377 et
1437 3315 1523 3377 reeta
1538 3315 1622 3378 linea
1637 3317 1886 3394 aseptentriene

1138 3409 1171 3470 in
1194 3409 1364 3471 meridiem
1386 3425 1444 3488 per
1470 3409 1616 3471 eamdem
1638 3409 1776 3472 insulam
1803 3409 1887 3472 blan-

1139 3517 1197 3580 gea
1226 3501 1334 3575 ducta,
1358 3501 1395 3563 iis
1417 3501 1494 3564 locis
1524 3502 1683 3580 exeeptis,
1707 3502 1739 3564 in
1768 3501 1886 3579 quibus

1138 3593 1349 3656 eccleslastica
1370 3594 1522 3656 catholiea
1543 3594 1712 3656 aucteritas
1740 3593 1886 3670 legitime

1138 3686 1200 3749 iam
1222 3687 1368 3750 instituta
1382 3688 1556 3766 reperitur,
1574 3687 1708 3764 eiusque
1723 3686 1885 3748 missionis

1138 3797 1213 3843 cura
1224 3781 1396 3860 spiritualis
1409 3780 1625 3843 sacerdotibus
1637 3779 1793 3842 Marianae
1804 3779 1885 3842 Cen-

1139 3871 1886 3952 gregatienisLugdunensisetBellicensislue-

1138 3967 1180 4030 rit
1201 3969 1398 4040 demandata,
1415 3967 1452 4028 ad
1467 3967 1585 4030 rectius
1602 3966 1747 4030 eiusdem
1763 3967 1886 4030 missie-

1138 4061 1187 4124 nis
1208 4061 1368 4138 regimen,
1392 4067 1489 4140 atque
1510 4061 1548 4124 ad
1569 4059 1736 4140 spirituale
1763 4060 1885 4123 benum

1137 4153 1262 4217 lelieius
1285 4155 1523 4234 procurandum
1547 4159 1594 4216 tet
1606 4153 1813 4233 populorum,
1831 4154 1886 4232 qui

1137 4247 1171 4310 in
1187 4247 1329 4310 tenebris
1344 4247 1447 4310 adhue
1457 4247 1572 4310 sedent
1586 4253 1618 4309 et
1629 4245 1743 4309 umbra
1758 4247 1883 4320 mertis,

1138 4340 1318 4404 conducere
1340 4340 1595 4404 existimavimus
1620 4339 1781 4402 vicarium
1802 4339 1885 4419 Ape-

1137 4433 1286 4497 stelicum
1308 4433 1491 4498 charactere
1506 4433 1677 4513 episcopali
1694 4433 1884 4511 insignitum

1137 4527 1170 4590 in
1192 4527 1326 4589 remotis
1348 4527 1427 4590 adeo
1442 4533 1537 4605 atque
1552 4527 1638 4589 inter
1653 4543 1688 4589 se
1703 4525 1820 4588 dissitis
1835 4543 1885 4590 re-

1138 4619 1287 4697 gienibus
1298 4621 1463 4698 deputare,
1473 4620 1564 4682 euius
1576 4619 1788 4682 iurisdictieni
1797 4635 1885 4698 prae-

1136 4713 1293 4775 dictarum
1320 4713 1500 4776 insularum
1529 4712 1723 4776 missienarii
1751 4712 1885 4775 subesse

1136 4805 1283 4869 debeant.
1307 4806 1474 4868 Eiusmodi
1495 4820 1574 4868 vere
1595 4821 1715 4869 munus
1730 4805 1770 4868 de
1784 4820 1883 4868 venn.

1135 4899 1271 4963 tratrem
1293 4906 1482 4962 nostrerum
1505 4897 1536 4961 S.
1553 4899 1590 4962 n.
1607 4899 1643 4961 E.
1666 4897 1885 4962 cardinalium

1134 4994 1273 5072 negotiis
1288 4993 1512 5072 Propagandae
1526 4993 1615 5055 Fidei
1627 4991 1885 5072 praepositorum

1134 5087 1268 5151 consilio
1298 5087 1355 5170 tibi
1384 5087 1653 5150 committendum
1682 5086 1882 5160 censuimus,

1135 5197 1233 5260 quem
1259 5182 1398 5260 spectati
1424 5181 1498 5254 side,
1527 5196 1656 5243 merum
1684 5180 1882 5258 integritate,

1135 5275 1289 5348 doctriua,
1313 5275 1495 5354 prudentia,
1519 5275 1637 5353 pietate
1659 5279 1691 5336 et
1712 5273 1885 5336 catholicae

1134 5369 1302 5446 religionis
1319 5369 1389 5430 zelo
1405 5368 1545 5430 maxime
1557 5367 1818 5430 commendatum
1834 5383 1884 5429 ce-

1135 5463 1329 5540 gonselinus,
1353 5461 1388 5523 ei
1410 5461 1555 5540 prolecto
1576 5475 1633 5540 spe
1654 5461 1729 5524 ireti
1750 5459 1832 5533 fere,
1848 5467 1885 5522 ut

1134 5555 1195 5618 hec
1216 5569 1354 5618 munere
1382 5555 1508 5616 summa
1530 5569 1603 5617 cum
1632 5554 1727 5617 laude
1752 5552 1884 5633 perluu-

1052 5679 1058 5694 .
1135 5647 1230 5725 garis.

1173 5736 1242 5816 52.
1266 5739 1482 5814 Quamobrem
1511 5741 1598 5802 hisee
1620 5739 1722 5802 literis
1747 5741 1883 5802 aucteri-

1134 5838 1199 5895 tate
1222 5833 1331 5896 nestra
1352 5833 1522 5912 apostolica
1543 5840 1586 5906 te,
1611 5848 1708 5910 quem
1723 5849 1782 5912 per
1796 5835 1883 5895 simi-

1135 5925 1183 5990 les
1205 5926 1390 6005 apestelicas
1415 5926 1522 5990 literas
1544 5925 1605 5988 hoe
1630 5926 1699 6006 ipse
1721 5927 1773 5989 die
1797 5926 1883 5992 datas

1810 551 1867 625 idi
1916 562 2015 640 nne.
2037 551 2107 616 reae
