4770 6982
338 539 391 592 33.
407 541 435 589 c.
462 542 526 590 rara
577 539 637 602 328

559 691 622 752 que
644 693 826 752 cessurum;
851 677 1050 755 proindeque
1066 677 1258 756 derogantes
1274 694 1307 740 ac

558 771 756 848 supplentes,
781 776 938 846 quatenus
962 787 1041 848 opus
1063 770 1113 840 Sit,
1138 771 1307 832 consensui

559 878 839 940 quorumcumque
862 864 1019 926 iuteresse
1042 865 1242 938 habentium,
1260 881 1307 927 ca-

560 957 737 1019 thedralem
760 957 925 1019 ecclesiam
950 957 1054 1020 Sancti
1070 958 1240 1020 Thomae
1233 959 1307 1022 insi-

559 1051 692 1128 mulque
723 1051 854 1112 alteram
888 1051 1107 1129 Angolonsem
1137 1069 1153 1113 3
1181 1053 1308 1116 1333333-

559 1145 663 1206 ctione
678 1145 912 1223 metropolitica
928 1145 1215 1224 archiepiscopatus
1233 1147 1308 1209 San-

558 1239 690 1300 ctissimi
723 1237 934 1300 Salvatoris
927 1257 960 1300 m
990 1239 1119 1302 Brasilia
1152 1247 1308 1319 perpetuo

559 1333 751 1412 penitusque
773 1341 937 1412 exemptas
959 1335 1167 1408 declaramus,
1191 1351 1308 1412 easque

559 1427 603 1488 sic
625 1427 741 1489 liberas
762 1435 857 1504 atque
881 1435 1045 1506 exemptas
1072 1429 1267 1507 metropolit
1260 1447 1308 1490 333

559 1521 620 1582 3333
644 1521 909 1600 metropolitanae
925 1522 1037 1584 ecclesi
1041 1539 1076 1583 33
1093 1524 1309 1602 patriarchalis

560 1615 764 1677 133133333333
788 1623 943 1694 33333333
969 1616 1087 1694 3333333
1109 1617 1306 1690 subiicirnus,

560 1725 593 1769 ac
615 1709 648 1770 in
670 1709 738 1770 eius
754 1709 967 1786 suffraganeas
984 1710 1199 1786 designamus
1217 1713 1259 1772 333
1274 1717 1310 1772 33

561 1803 777 1880 33333333133133
798 1803 928 1864 33313333
941 1810 1025 1864 33333
1029 1805 1186 1882 333133333
1202 1804 1224 1865 1
1228 1805 1310 1866 13133-

561 1897 667 1958 nensis
680 1913 712 1958 ac
725 1897 792 1957 3333
805 1911 862 1974 333
874 1903 1021 1976 tempore
1032 1897 1195 1960 hntistites
1209 1899 1310 1960 omni-

562 1989 620 2050 hus
642 1995 674 2050 33
695 1989 831 2066 singulis
847 1989 982 2062 iurihuS,
1000 1991 1189 2069 privilegiis,
1210 1992 1309 2054 hono-

561 2078 650 2145 ribus
667 2091 699 2146 et
711 2083 934 2146 facultatibus
928 2102 960 2146 rn
973 2085 1118 2164 ipsasc
1071 2103 1118 2147 ecc
1117 2085 1218 2147 lesias
1235 2086 1310 2148 San-

561 2178 601 2239 cti
624 2178 765 2239 'lhomae
780 2184 875 2254 atque
891 2179 1200 2254 333313333333333
1216 2181 1309 2242 3333

561 2272 717 2333 violabilit
705 2278 754 2332 ter
776 2273 926 2350 33333333,
949 2289 1030 2351 quae
1052 2289 1167 2350 nempe
1190 2275 1310 2335 eunctis

561 2365 772 2444 hletropolitis
794 2382 833 2426 ex
863 2383 931 2428 3333
934 2381 1027 2429 33333
1058 2383 1215 2428 canonum
1239 2384 1310 2444 apo·

560 2459 811 2536 stoliearumque
833 2459 1098 2522 constitutionum
1116 2460 1310 2538 praescripto

561 2553 593 2615 in
606 2554 822 2630 suffraganeas
838 2553 1007 2615 333133133Ι
1001 2569 1105 2616 333333
1118 2555 1311 2630 dignoscun-

562 2653 624 2719 tur,
636 2646 803 2708 3333333333
813 2647 1310 2725 3313333333333333131133333

561 2740 725 2802 mentione
748 2740 853 2816 dignis
876 2756 940 2802 non
963 2741 1175 2803 obstantibus

601 2834 635 2896 ln
658 2835 908 2913 praemissorum
932 2841 1039 2896 autem
1070 2837 1215 2897 omnium
1239 2853 1311 2898 oxe-

562 2935 734 3004 quntorem
771 2929 962 3006 deputamus
998 2930 1218 2991 venerabilem
1250 2930 1311 2990 lra-

563 3030 643 3084 trom
666 3023 837 3085 Camillum
854 3023 898 3084 De
913 3023 1006 3085 Petro
1026 3022 1310 3101 Archiopiscopum

562 3117 773 3195 Berytensenr
804 3125 950 3179 nostrum
980 3117 1062 3196 apud
1092 3117 1310 3179 fidelissimam

562 3209 775 3286 Portugallioe
796 3218 827 3271 33
842 3209 910 3286 hlg
905 3211 1067 3272 arbiorum
1081 3209 1235 3287 Reginam
1251 3211 1311 3272 113-

562 3303 642 3366 33333
666 3304 844 3367 Secundam
866 3304 1103 3366 internuntium
1136 3305 1312 3367 extraordi-

562 3398 689 3459 narium
718 3407 749 3460 et
777 3399 961 3474 delegatum
988 3405 1077 3476 33333
1065 3399 1209 3472 lothum,
1238 3417 1311 3461 cum

564 3493 713 3553 omnibus
737 3492 865 3554 larultat
867 3492 967 3552 31333
960 3509 992 3552 33
1009 3491 1038 3553 id
1056 3492 1182 3568 negocii
1204 3511 1298 3554 neces

562 3585 651 3646 sariis
674 3591 706 3646 et
728 3585 928 3664 opportunis
944 3584 1021 3647 13333
1038 3601 1167 3663 quoque
1183 3586 1242 3663 ipsi
1259 3603 1297 3648 te

562 3679 613 3740 313
634 3679 864 3756 subdelegandi
887 3680 978 3740 311333
1010 3695 1179 3758 333333333
1209 3681 1241 3741 33
1264 3698 1298 3742 33

562 3773 695 3835 31331333
675 3779 733 3834 trca
756 3773 911 3850 dignitate
934 3774 1139 3834 constitutam
1157 3781 1189 3834 et
1204 3775 1298 3836 decer

564 3867 661 3930 nendi
684 3883 781 3946 Super
811 3883 1014 3970 quacumque
1038 3867 1239 3946 oppositione
1261 3869 1299 3930 ad

562 3976 678 4022 versus
707 3960 879 4038 praemissa
908 3959 1152 4037 quomodolibet
1178 3960 1298 4022 oritura

563 4061 686 4116 remota
708 4052 851 4131 qualibet
876 4053 1105 4132 appellatione,
1130 4055 1247 4116 adiecta
1270 4061 1312 4116 33-

563 4163 639 4210 men
662 4147 745 4224 lege,
769 4153 806 4208 ut
827 4147 1033 4209 decretorum
1057 4147 1213 4220 omnium,
1232 4164 1313 4226 qnae

563 4242 597 4304 in
614 4243 671 4304 hac
691 4241 909 4318 exequutione
926 4241 988 4302 3333
993 4247 1062 4313 tt,et
1081 4240 1246 4319 exemplar
1260 4259 1313 4304 au·

564 4336 703 4398 theutica
718 4335 821 4396 torma
837 4341 1002 4396 exaratum
1019 4335 1193 4412 diligenter
1212 4341 1313 4397 trans·

565 4431 670 4491 mittat
696 4429 732 4491 ad
762 4429 843 4490 hano
869 4445 989 4490 sacram
1019 4428 1212 4506 Congregat'
1205 4443 1312 4490 ionem

565 4522 837 4586 consistorialibus
859 4523 955 4584 rebus
978 4523 1202 4602 praepositam,
1223 4530 1260 4584 ut
1281 4523 1314 4584 33

565 4616 710 4679 eiusdem
732 4616 873 4678 archivio
895 4617 933 4678 de
956 4633 1046 4678 more
1068 4624 1261 4678 asservetur.

606 4710 792 4771 Praesentes
808 4715 915 4770 autem
931 4709 1049 4782 literas,
1067 4716 1099 4771 et
1125 4709 1157 4770 33
1173 4709 1218 4770 313
1241 4726 1314 4772 con·

566 4809 653 4865 tenta
685 4818 925 4881 quaecumque,
963 4803 1058 4864 etiam
1089 4819 1128 4865 ex
1157 4820 1196 4865 eo
1229 4804 1314 4881 quod

567 4897 703 4974 quilibet
731 4897 890 4958 interesse
917 4896 1088 4970 habentes,
1112 4898 1166 4959 vel
1196 4897 1314 4960 babere

566 4991 825 5069 praetendentes,
849 4991 953 5052 vocati
978 4997 1011 5052 et
1032 4991 1131 5052 auditi
1156 5008 1222 5053 non
1247 4991 1315 5052 lue-

565 5084 631 5145 3333
652 5084 705 5145 331
721 5084 902 5162 praemissis
926 5100 990 5145 non
1011 5085 1243 5156 consenserint,
1262 5101 1314 5146 eo-

566 5193 640 5239 rum
655 5178 837 5250 consensui,
856 5183 1013 5254 quatenus
1030 5195 1108 5257 opus
1123 5179 1173 5252 sit,
1188 5179 1227 5240 de
1243 5194 1315 5257 apo-

565 5272 694 5334 stollcae
716 5278 771 5350 pot
759 5271 879 5334 testatis
898 5271 1100 5350 plenitudine
1114 5271 1312 5351 3333133333,

566 5365 656 5427 33113
686 5381 825 5442 unquam
857 5373 1004 5444 tempore
1031 5367 1069 5428 de
1096 5367 1314 5444 subreptionis

567 5459 619 5520 vel
635 5459 833 5537 obreptionis
854 5460 944 5532 vitio,
972 5477 1029 5522 seu
1056 5459 1244 5522 intentionis
1260 5477 1315 5522 no-

566 5553 715 5614 straevel
731 5553 837 5630 aliquo
849 5553 910 5615 alio
933 5554 1028 5615 etiam
1041 5554 1241 5616 substantiali
1263 5555 1315 5617 do

1076 560 1142 606 tuh·
1165 558 1256 605 PONT.
1281 558 1372 604 ber.
1397 557 1426 604 F
1451 557 1578 603 ranst.

1362 677 1480 738 validas
1503 683 1534 738 et
1553 677 1693 738 efficaces
1712 676 1850 738 existere
1873 681 1905 738 et
1929 675 2010 746 lore,
2029 689 2122 736 suos-

1363 785 1426 847 que
1448 771 1608 848 plenarios
1630 777 1663 831 et
1684 769 1828 847 integros
1851 769 1982 830 31333333
2004 767 2122 829 3333333

1364 871 1396 925 33
1411 864 1569 936 obtinere,
1587 881 1621 926 ac
1632 864 1670 925 ab
1683 863 1832 925 omnibus
1848 863 1885 924 ad
1898 878 1977 940 quos
1992 865 2123 940 spectat

1363 955 1592 1020 inviolabiliter
1622 957 1787 1018 observari
1814 955 1934 1018 dehere
1960 955 2122 1017 volumus

1363 1059 1458 1130 atque
1482 1053 1696 1114 decernimus

1404 1145 1474 1208 Non
1498 1146 1697 1208 obstantibus
1723 1147 1795 1210 de
1788 1163 1859 1208 rure
1881 1148 2029 1225 quaesito
2054 1163 2123 1208 non

1365 1241 1525 1313 tollendo,
1553 1241 1591 1304 de
1614 1241 1892 1320 suppressionibus
1911 1242 2125 1303 committen-

1365 1337 1411 1398 dis
1437 1337 1473 1398 ad
1505 1341 1620 1413 333333,
1645 1335 1764 1398 3333313
1794 1351 1933 1412 quorum
1960 1337 2122 1406 interest,

1365 1429 1497 1506 aliisque
1519 1430 1635 1491 nostris
1652 1436 1684 1491 et
1699 1429 1905 1492 cancellariae
1923 1429 2125 1508 apostolicae

1365 1523 1488 1599 regulis
1508 1539 1542 1583 ac
1563 1523 1596 1584 in
1621 1523 1839 1600 synodalibus,
1865 1523 2125 1601 provincialibus

1365 1615 1668 1692 universalibusque
1691 1615 1832 1677 conciliis
1855 1615 1947 1677 editis
1974 1614 2126 1694 speciali-

1365 1708 1424 1769 bus
1453 1709 1505 1770 vel
1532 1708 1737 1785 generalibus
1766 1709 2065 1780 constitutionibus
2092 1715 2127 1769 et

1366 1802 1621 1864 ordinationibus
1653 1802 1848 1880 apostoliciS,
1884 1809 1916 1864 et
1947 1803 2125 1880 quibusvis

1365 1896 1433 1958 aliis
1451 1895 1669 1957 Romanorum
1687 1897 1876 1958 Pontificum
1892 1897 2126 1976 praedecesso-

1366 2007 1439 2052 3333
1462 1995 1648 2051 3333333333
1671 1990 1943 2068 dispositionibus,
1967 1990 2126 2052 caeteris-

1367 2099 1429 2160 que
1452 2083 1620 2146 3333333333
1646 2083 1913 2161 quibuscumque.

1406 2177 1564 2240 13133333
1581 2183 1746 2255 333333333
1763 2183 1800 2239 33
1815 2177 1929 2238 barum
1947 2178 2125 2239 literarum

1366 2278 1550 2332 nostrarum
1582 2271 1789 2348 transumptis
1818 2272 1913 2332 etiam
1936 2271 2122 2350 impressiS,

1367 2381 1463 2426 manu
1477 2369 1584 2425 tamen
1606 2363 1739 2425 alicuius
1765 2365 1880 2426 3333333
1901 2363 2021 2442 publici
2045 2364 2125 2425 suh-

1367 2458 1503 2535 scriptis,
1515 2463 1547 2519 et
1563 2457 1860 2536 sigillopersonae
1852 2475 1885 2518 m
1905 2458 2124 2520 ecclesiastica

1367 2551 1522 2627 dignitate
1538 2550 1729 2613 constitutae
1741 2549 1884 2623 munitis,
1902 2551 2013 2612 eadem
2028 2566 2125 2628 pror-

1366 2662 1420 2706 sus
1443 2645 1521 2706 sides
1544 2644 1743 2716 adhiheatur,
1765 2659 1845 2720 quae
1868 2643 1943 2721 ipsis
1966 2659 2124 2722 praeson-

1369 2739 1451 2800 tibus
1474 2738 1694 2810 adhiberetur,
1707 2739 1733 2798 33
1756 2737 1863 2798 forent
1885 2737 2050 2799 exhibitae
2066 2736 2123 2798 vel

1368 2841 1524 2896 ostensae.

1406 2928 1494 2990 Nulli
1517 2944 1596 3005 ergo
1618 2928 1788 2990 hominum
1810 2927 1903 2990 liceat
1928 2929 2008 2990 13333
2032 2928 2124 3032 pagi-

1367 3037 1440 3082 nam
1467 3027 1650 3082 nostrarum
1680 3019 1986 3092 dismembrationis,
2010 3021 2124 3084 seiun-

1367 3116 1491 3189 ctionis,
1505 3115 1722 3192 separationis
1733 3115 1953 3186 subiectioniS,
1965 3115 2121 3186 mandati,

1368 3211 1488 3272 decreti
1465 3209 1765 3286 t,derogationis,
1790 3209 2013 3314 deputationis,
2045 3225 2124 3271 con-

1368 3304 1529 3375 cessionis
1554 3303 1682 3374 indulti,
1706 3303 1940 3365 commissionis
1957 3303 2124 3365 3333133-

1369 3398 1438 3459 33333
1467 3395 1665 3473 iniringere,
1696 3397 1748 3458 vel
1773 3397 1802 3458 33
1828 3413 1905 3458 3333
1943 3397 2123 3458 temerario

1368 3493 1538 3554 contraire.
1574 3491 1605 3552 Si
1635 3491 1705 3569 quis
1734 3496 1841 3553 autem
1872 3491 1931 3553 hoc
1960 3497 2123 3554 attentare

1368 3585 1629 3664 praesumpserit,
1643 3583 1899 3661 indignationem
1916 3587 2123 3664 omnipoten-

1369 3680 1407 3740 313
1427 3679 1482 3740 1133
1500 3696 1534 3741 33
1549 3679 1716 3740 beatorum
1734 3678 1820 3740 Petri
1837 3685 1870 3741 et
1884 3679 1972 3741 Pauli
1984 3679 2124 3758 Aposto-

1368 3774 1475 3836 lorum
1496 3773 1563 3834 eius
1578 3790 1611 3834 se
1627 3773 1757 3834 noverit
1777 3773 1995 3836 incursurum.

1408 3867 1521 3930 Datum
1544 3865 1674 3939 Romae,
1705 3865 1847 3944 apudS.
1872 3867 2005 3928 Petrum
2034 3885 2121 3930 anno

1368 3961 1596 4023 incarnationis
1623 3960 1800 4022 dominicae
1822 3960 1997 4022 millesimo
2020 3963 2122 4023 octin-

1370 4056 1551 4132 gentesimo
1580 4054 1827 4131 quadragesimo
1856 4063 1982 4132 quarto,
2012 4056 2121 4117 idibus

1368 4149 1514 4222 ianuarii,
1539 4149 1741 4226 pontificatus
1764 4149 1865 4210 nostri
1881 4167 1931 4212 an
1951 4167 2015 4211 333
2040 4149 2098 4230 (l).

1687 4433 1802 4496 CCXL.

1373 4607 1524 4672 1133313333
1545 4607 1663 4671 Pooteo
1685 4608 1981 4672 administratorem
1997 4615 2120 4690 aposto-

1411 4703 1508 4765 licum
1541 4701 1783 4764 orchidioccests
1813 4699 2037 4765 Antihatcnsis
2065 4720 2120 4764 no

1410 4797 1515 4858 333331
1536 4796 1592 4878 (2).

1401 4982 1518 5050 Dilecto
1540 4981 1604 5049 lilio
1628 4983 1806 5067 presbytero
1830 4982 1940 5049 carolo
1963 4982 2091 5062 Poeten,

1545 5131 1766 5198 1111Ε110111118
1790 5131 1948 5198 ΡΡ.Χ111.

1647 5271 1764 5338 dilecte
1787 5271 1845 5350 iili,

1405 5363 1534 5430 33133333
1560 5369 1591 5431 31
1613 5365 1809 5447 3333331333
1834 5365 2084 5432 benedictionem.

1411 5555 1516 5630 Quum
1538 5557 1576 5619 ad
1598 5555 1818 5634 componenda
1840 5551 2050 5618 ecclesiastica
2065 5573 2118 5618 ne-

567 5647 652 5710 13313
674 5648 789 5720 333333,
807 5649 990 5727 impugnari
1013 5648 1113 5710 33333
1129 5656 1315 5712 controrer
1373 5651 1457 5728 gotia
1478 5651 1511 5712 in
1533 5647 1975 5712 33313331333331313ιί3333331
1991 5667 2119 5712 3333333

566 5741 642 5804 siam
659 5743 766 5804 vocari
779 5757 880 5821 posse,
897 5742 952 5804 sed
971 5757 1101 5821 semper
1114 5749 1146 5806 et
1157 5751 1271 5823 333333
1273 5761 1315 5806 33
1373 5743 1620 5824 prorsusvisum
1633 5743 1730 5806 luerit
1742 5741 2033 5807 administratorem
2049 5761 2119 5824 apo-

608 5953 636 6012 (l)
654 5957 688 5999 Ex
706 5956 797 6000 hbrev.
812 5955 843 6000 de
859 5955 946 6012 Curio,
962 5955 1010 6002 rol.
1028 5961 1096 6002 1833-
1099 5961 1156 6002 11133.

1414 5961 1443 6016 33)
1461 5963 1495 6003 lix
1510 5961 1573 6014 neg.
1590 5959 1712 6004 brevium
1728 5959 1777 6004 rol.
1794 5961 1830 6015 1.,
1845 5973 1868 6017 p.
1886 5963 1908 6005 lt
1916 5963 1986 6006 1-133.

2150 536 2200 586 An.
2214 539 2240 590 C.
2261 548 2311 600 ltllt
