<?xml version="1.0" encoding="UTF-8"?>
<!DOCTYPE html PUBLIC "-//W3C//DTD XHTML 1.0 Transitional//EN"
    "http://www.w3.org/TR/xhtml1/DTD/xhtml1-transitional.dtd">
<html xmlns="http://www.w3.org/1999/xhtml" xml:lang="en" lang="en">
 <head>
  <title>
</title>
<meta http-equiv="Content-Type" content="text/html;charset=utf-8" />
  <meta name='ocr-system' content='tesseract 3.04.00' />
  <meta name='ocr-capabilities' content='ocr_page ocr_carea ocr_par ocr_line ocrx_word'/>
</head>
<body>
  <div class='ocr_page' id='page_1' title='image "./iurispontificii01martgoog_0421.png"; bbox 0 0 4822 6986; ppageno 0'>
   <div class='ocr_carea' id='block_1_1' title="bbox 971 578 1310 629">
    <p class='ocr_par' dir='ltr' id='par_1_1' title="bbox 971 578 1310 629">
     <span class='ocr_line' id='line_1_1' title="bbox 971 578 1310 629; baseline 0 -3"><span class='ocrx_word' id='word_1_1' title='bbox 971 579 1146 629; x_wconf 77' lang='lat' dir='ltr'><strong>baudonius</strong></span> <span class='ocrx_word' id='word_1_2' title='bbox 1168 579 1219 628; x_wconf 80' lang='lat' dir='ltr'><strong>PP.</strong></span> <span class='ocrx_word' id='word_1_3' title='bbox 1242 578 1310 626; x_wconf 80' lang='lat' dir='ltr'><strong>xvi.</strong></span> 
     </span>
    </p>
   </div>
   <div class='ocr_carea' id='block_1_2' title="bbox 364 695 1112 870">
    <p class='ocr_par' dir='ltr' id='par_1_2' title="bbox 364 695 1112 870">
     <span class='ocr_line' id='line_1_2' title="bbox 364 695 1112 780; baseline 0.008 -24"><span class='ocrx_word' id='word_1_4' title='bbox 364 695 483 758; x_wconf 90' lang='lat' dir='ltr'><strong>stianaa</strong></span> <span class='ocrx_word' id='word_1_5' title='bbox 505 698 668 761; x_wconf 89' lang='lat' dir='ltr'><strong>doctrinae</strong></span> <span class='ocrx_word' id='word_1_6' title='bbox 689 700 727 762; x_wconf 95' lang='lat' dir='ltr'><strong>ad</strong></span> <span class='ocrx_word' id='word_1_7' title='bbox 749 716 867 780; x_wconf 90' lang='lat' dir='ltr'><strong>pueros</strong></span> <span class='ocrx_word' id='word_1_8' title='bbox 894 700 1037 780; x_wconf 86' lang='lat' dir='ltr'><strong>aliosque</strong></span> <span class='ocrx_word' id='word_1_9' title='bbox 1059 715 1112 762; x_wconf 92' lang='lat' dir='ltr'><strong>ru·</strong></span> 
     </span>
     <span class='ocr_line' id='line_1_3' title="bbox 364 791 771 870; baseline 0.007 -17"><span class='ocrx_word' id='word_1_10' title='bbox 364 791 419 853; x_wconf 89' lang='lat' dir='ltr'><strong>des</strong></span> <span class='ocrx_word' id='word_1_11' title='bbox 442 791 567 870; x_wconf 85' lang='lat' dir='ltr'><strong>publiea</strong></span> <span class='ocrx_word' id='word_1_12' title='bbox 590 793 771 856; x_wconf 91' lang='lat' dir='ltr'><strong>declaratio.</strong></span> 
     </span>
    </p>
   </div>
   <div class='ocr_carea' id='block_1_3' title="bbox 443 939 1038 1119">
    <p class='ocr_par' dir='ltr' id='par_1_3' title="bbox 443 939 1038 1119">
     <span class='ocr_line' id='line_1_4' title="bbox 443 939 1038 1024; baseline -0.002 -18"><span class='ocrx_word' id='word_1_13' title='bbox 443 939 522 1008; x_wconf 84' lang='lat' dir='ltr'><strong>Gor.</strong></span> <span class='ocrx_word' id='word_1_14' title='bbox 546 941 598 1006; x_wconf 82' lang='lat' dir='ltr'><strong>xl.</strong></span> <span class='ocrx_word' id='word_1_15' title='bbox 621 975 659 987; x_wconf 93' lang='lat'>-</span> <span class='ocrx_word' id='word_1_16' title='bbox 683 941 727 1005; x_wconf 82' lang='lat' dir='ltr'><strong>Do</strong></span> <span class='ocrx_word' id='word_1_17' title='bbox 745 943 907 1024; x_wconf 74' lang='lat' dir='ltr'><strong>praesecto</strong></span> <span class='ocrx_word' id='word_1_18' title='bbox 929 960 1038 1008; x_wconf 77' lang='lat' dir='ltr'><strong>rerum</strong></span> 
     </span>
     <span class='ocr_line' id='line_1_5' title="bbox 617 1035 852 1119; baseline 0.013 -22"><span class='ocrx_word' id='word_1_19' title='bbox 617 1035 852 1119; x_wconf 82' lang='lat' dir='ltr'><strong>spiritualium.</strong></span> 
     </span>
    </p>
   </div>
   <div class='ocr_carea' id='block_1_4' title="bbox 314 1171 1114 6030">
    <p class='ocr_par' dir='ltr' id='par_1_4' title="bbox 363 1171 1112 1630">
     <span class='ocr_line' id='line_1_6' title="bbox 403 1171 1112 1252; baseline 0 -16"><span class='ocrx_word' id='word_1_20' title='bbox 403 1191 425 1236; x_wconf 91' lang='lat'><strong>1.</strong></span> <span class='ocrx_word' id='word_1_21' title='bbox 449 1173 484 1236; x_wconf 96' lang='lat' dir='ltr'><strong>ln</strong></span> <span class='ocrx_word' id='word_1_22' title='bbox 507 1171 658 1235; x_wconf 87' lang='lat' dir='ltr'><strong>omnibus</strong></span> <span class='ocrx_word' id='word_1_23' title='bbox 673 1172 878 1236; x_wconf 88' lang='lat' dir='ltr'><strong>monasteriis</strong></span> <span class='ocrx_word' id='word_1_24' title='bbox 894 1173 1112 1252; x_wconf 82' lang='lat' dir='ltr'><strong>designandus</strong></span> 
     </span>
     <span class='ocr_line' id='line_1_7' title="bbox 364 1261 1112 1347; baseline -0.003 -17"><span class='ocrx_word' id='word_1_25' title='bbox 364 1268 426 1330; x_wconf 91' lang='lat' dir='ltr'><strong>erit</strong></span> <span class='ocrx_word' id='word_1_26' title='bbox 447 1265 626 1347; x_wconf 78' lang='lat' dir='ltr'><strong>praefectus</strong></span> <span class='ocrx_word' id='word_1_27' title='bbox 649 1261 761 1328; x_wconf 89' lang='lat' dir='ltr'><strong>rerum</strong></span> <span class='ocrx_word' id='word_1_28' title='bbox 777 1265 1003 1345; x_wconf 81' lang='lat' dir='ltr'><strong>spiritualium,</strong></span> <span class='ocrx_word' id='word_1_29' title='bbox 1021 1266 1112 1328; x_wconf 91' lang='lat' dir='ltr'><strong>cuius</strong></span> 
     </span>
     <span class='ocr_line' id='line_1_8' title="bbox 363 1360 1111 1424; baseline -0.003 0"><span class='ocrx_word' id='word_1_30' title='bbox 363 1377 482 1424; x_wconf 87' lang='lat' dir='ltr'><strong>munus</strong></span> <span class='ocrx_word' id='word_1_31' title='bbox 504 1360 544 1423; x_wconf 92' lang='lat' dir='ltr'><strong>sit</strong></span> <span class='ocrx_word' id='word_1_32' title='bbox 565 1360 783 1424; x_wconf 80' lang='lat' dir='ltr'><strong>confessiones</strong></span> <span class='ocrx_word' id='word_1_33' title='bbox 802 1361 1035 1424; x_wconf 88' lang='lat' dir='ltr'><strong>monachorum</strong></span> <span class='ocrx_word' id='word_1_34' title='bbox 1059 1377 1111 1423; x_wconf 84' lang='lat' dir='ltr'><strong>ex-</strong></span> 
     </span>
     <span class='ocr_line' id='line_1_9' title="bbox 363 1454 1112 1536; baseline -0.005 -16"><span class='ocrx_word' id='word_1_35' title='bbox 363 1457 486 1536; x_wconf 79' lang='lat' dir='ltr'><strong>cipere,</strong></span> <span class='ocrx_word' id='word_1_36' title='bbox 517 1469 697 1534; x_wconf 86' lang='lat' dir='ltr'><strong>eorumque</strong></span> <span class='ocrx_word' id='word_1_37' title='bbox 729 1454 910 1534; x_wconf 84' lang='lat' dir='ltr'><strong>protectum</strong></span> <span class='ocrx_word' id='word_1_38' title='bbox 939 1454 973 1518; x_wconf 90' lang='lat' dir='ltr'><strong>in</strong></span> <span class='ocrx_word' id='word_1_39' title='bbox 997 1454 1112 1534; x_wconf 91' lang='lat' dir='ltr'><strong>spiritu</strong></span> 
     </span>
     <span class='ocr_line' id='line_1_10' title="bbox 365 1565 571 1630; baseline -0.005 -18"><span class='ocrx_word' id='word_1_40' title='bbox 365 1565 571 1630; x_wconf 87' lang='lat' dir='ltr'><strong>promovero.</strong></span> 
     </span>
    </p>

    <p class='ocr_par' dir='ltr' id='par_1_5' title="bbox 362 1643 1114 2286">
     <span class='ocr_line' id='line_1_11' title="bbox 403 1643 1114 1722; baseline -0.003 -15"><span class='ocrx_word' id='word_1_41' title='bbox 403 1662 439 1706; x_wconf 89' lang='lat'><strong>11.</strong></span> <span class='ocrx_word' id='word_1_42' title='bbox 462 1643 688 1722; x_wconf 78' lang='lat' dir='ltr'><strong>cognitionem</strong></span> <span class='ocrx_word' id='word_1_43' title='bbox 710 1644 817 1721; x_wconf 86' lang='lat' dir='ltr'><strong>itaque</strong></span> <span class='ocrx_word' id='word_1_44' title='bbox 839 1643 978 1706; x_wconf 91' lang='lat' dir='ltr'><strong>instituti</strong></span> <span class='ocrx_word' id='word_1_45' title='bbox 999 1643 1114 1706; x_wconf 90' lang='lat' dir='ltr'><strong>habeat</strong></span> 
     </span>
     <span class='ocr_line' id='line_1_12' title="bbox 364 1737 1112 1817; baseline -0.004 -16"><span class='ocrx_word' id='word_1_46' title='bbox 364 1745 397 1801; x_wconf 92' lang='lat' dir='ltr'><strong>et</strong></span> <span class='ocrx_word' id='word_1_47' title='bbox 417 1737 526 1800; x_wconf 87' lang='lat' dir='ltr'><strong>zelum</strong></span> <span class='ocrx_word' id='word_1_48' title='bbox 541 1737 616 1800; x_wconf 92' lang='lat' dir='ltr'><strong>boni</strong></span> <span class='ocrx_word' id='word_1_49' title='bbox 633 1753 825 1817; x_wconf 80' lang='lat' dir='ltr'><strong>progressus</strong></span> <span class='ocrx_word' id='word_1_50' title='bbox 848 1737 997 1810; x_wconf 80' lang='lat' dir='ltr'><strong>fratrum,</strong></span> <span class='ocrx_word' id='word_1_51' title='bbox 1015 1752 1112 1815; x_wconf 85' lang='lat' dir='ltr'><strong>quem</strong></span> 
     </span>
     <span class='ocr_line' id='line_1_13' title="bbox 363 1831 1113 1912; baseline -0.001 -19"><span class='ocrx_word' id='word_1_52' title='bbox 363 1848 537 1912; x_wconf 89' lang='lat' dir='ltr'><strong>procurare</strong></span> <span class='ocrx_word' id='word_1_53' title='bbox 559 1831 655 1894; x_wconf 90' lang='lat' dir='ltr'><strong>debet</strong></span> <span class='ocrx_word' id='word_1_54' title='bbox 669 1831 771 1894; x_wconf 90' lang='lat' dir='ltr'><strong>verbo</strong></span> <span class='ocrx_word' id='word_1_55' title='bbox 787 1837 819 1894; x_wconf 91' lang='lat' dir='ltr'><strong>et</strong></span> <span class='ocrx_word' id='word_1_56' title='bbox 834 1831 995 1910; x_wconf 82' lang='lat' dir='ltr'><strong>exemplo.</strong></span> <span class='ocrx_word' id='word_1_57' title='bbox 1020 1831 1113 1894; x_wconf 81' lang='lat' dir='ltr'><strong>Ama·</strong></span> 
     </span>
     <span class='ocr_line' id='line_1_14' title="bbox 362 1925 1112 2006; baseline -0.005 -16"><span class='ocrx_word' id='word_1_58' title='bbox 362 1926 462 1990; x_wconf 91' lang='lat' dir='ltr'><strong>bilem</strong></span> <span class='ocrx_word' id='word_1_59' title='bbox 474 1933 640 2006; x_wconf 86' lang='lat' dir='ltr'><strong>praeterea</strong></span> <span class='ocrx_word' id='word_1_60' title='bbox 654 1942 689 1988; x_wconf 89' lang='lat' dir='ltr'><strong>se</strong></span> <span class='ocrx_word' id='word_1_61' title='bbox 704 1927 749 1988; x_wconf 89' lang='lat' dir='ltr'><strong>eis</strong></span> <span class='ocrx_word' id='word_1_62' title='bbox 765 1925 925 1998; x_wconf 78' lang='lat' dir='ltr'><strong>exhibeat,</strong></span> <span class='ocrx_word' id='word_1_63' title='bbox 940 1932 976 1988; x_wconf 93' lang='lat' dir='ltr'><strong>ut</strong></span> <span class='ocrx_word' id='word_1_64' title='bbox 987 1925 1023 1988; x_wconf 90' lang='lat' dir='ltr'><strong>ad</strong></span> <span class='ocrx_word' id='word_1_65' title='bbox 1037 1941 1112 1987; x_wconf 88' lang='lat' dir='ltr'><strong>eum</strong></span> 
     </span>
     <span class='ocr_line' id='line_1_15' title="bbox 364 2020 1113 2098; baseline -0.003 -14"><span class='ocrx_word' id='word_1_66' title='bbox 364 2037 476 2084; x_wconf 89' lang='lat' dir='ltr'><strong>omnes</strong></span> <span class='ocrx_word' id='word_1_67' title='bbox 499 2020 696 2098; x_wconf 80' lang='lat' dir='ltr'><strong>confugiant,</strong></span> <span class='ocrx_word' id='word_1_68' title='bbox 713 2021 980 2098; x_wconf 81' lang='lat' dir='ltr'><strong>confidenterque</strong></span> <span class='ocrx_word' id='word_1_69' title='bbox 1001 2036 1059 2081; x_wconf 94' lang='lat' dir='ltr'><strong>sua</strong></span> <span class='ocrx_word' id='word_1_70' title='bbox 1081 2037 1113 2082; x_wconf 93' lang='lat' dir='ltr'><strong>o·</strong></span> 
     </span>
     <span class='ocr_line' id='line_1_16' title="bbox 362 2113 1113 2192; baseline 0.001 -16"><span class='ocrx_word' id='word_1_71' title='bbox 362 2115 449 2178; x_wconf 93' lang='lat' dir='ltr'><strong>mnia</strong></span> <span class='ocrx_word' id='word_1_72' title='bbox 471 2116 633 2192; x_wconf 80' lang='lat' dir='ltr'><strong>detegant,</strong></span> <span class='ocrx_word' id='word_1_73' title='bbox 652 2121 684 2178; x_wconf 88' lang='lat' dir='ltr'><strong>et</strong></span> <span class='ocrx_word' id='word_1_74' title='bbox 698 2115 735 2178; x_wconf 91' lang='lat' dir='ltr'><strong>ab</strong></span> <span class='ocrx_word' id='word_1_75' title='bbox 752 2130 790 2177; x_wconf 89' lang='lat' dir='ltr'><strong>eo</strong></span> <span class='ocrx_word' id='word_1_76' title='bbox 812 2113 1064 2176; x_wconf 86' lang='lat' dir='ltr'><strong>consolationem</strong></span> <span class='ocrx_word' id='word_1_77' title='bbox 1081 2121 1113 2177; x_wconf 92' lang='lat' dir='ltr'><strong>et</strong></span> 
     </span>
     <span class='ocr_line' id='line_1_17' title="bbox 362 2208 899 2286; baseline -0.004 -16"><span class='ocrx_word' id='word_1_78' title='bbox 362 2208 519 2271; x_wconf 81' lang='lat' dir='ltr'><strong>auxilium</strong></span> <span class='ocrx_word' id='word_1_79' title='bbox 540 2215 674 2286; x_wconf 91' lang='lat' dir='ltr'><strong>sperent</strong></span> <span class='ocrx_word' id='word_1_80' title='bbox 695 2209 728 2270; x_wconf 93' lang='lat' dir='ltr'><strong>in</strong></span> <span class='ocrx_word' id='word_1_81' title='bbox 750 2208 899 2270; x_wconf 84' lang='lat' dir='ltr'><strong>Domino.</strong></span> 
     </span>
    </p>

    <p class='ocr_par' dir='ltr' id='par_1_6' title="bbox 402 2301 1113 2381">
     <span class='ocr_line' id='line_1_18' title="bbox 402 2301 1113 2381; baseline 0.003 -17"><span class='ocrx_word' id='word_1_82' title='bbox 402 2319 450 2364; x_wconf 91' lang='lat'><strong>111.</strong></span> <span class='ocrx_word' id='word_1_83' title='bbox 474 2302 615 2365; x_wconf 88' lang='lat' dir='ltr'><strong>instruat</strong></span> <span class='ocrx_word' id='word_1_84' title='bbox 636 2301 811 2366; x_wconf 90' lang='lat' dir='ltr'><strong>monachos</strong></span> <span class='ocrx_word' id='word_1_85' title='bbox 826 2301 977 2381; x_wconf 92' lang='lat' dir='ltr'><strong>privatim</strong></span> <span class='ocrx_word' id='word_1_86' title='bbox 999 2317 1113 2366; x_wconf 90' lang='lat' dir='ltr'><strong>secun-</strong></span> 
     </span>
    </p>

    <p class='ocr_par' dir='ltr' id='par_1_7' title="bbox 314 2395 1113 3586">
     <span class='ocr_line' id='line_1_19' title="bbox 363 2395 1112 2475; baseline 0 -17"><span class='ocrx_word' id='word_1_87' title='bbox 363 2395 440 2458; x_wconf 92' lang='lat' dir='ltr'><strong>dum</strong></span> <span class='ocrx_word' id='word_1_88' title='bbox 470 2395 724 2474; x_wconf 87' lang='lat' dir='ltr'><strong>uniuscuiusque</strong></span> <span class='ocrx_word' id='word_1_89' title='bbox 753 2403 899 2475; x_wconf 89' lang='lat' dir='ltr'><strong>captum,</strong></span> <span class='ocrx_word' id='word_1_90' title='bbox 923 2397 1112 2475; x_wconf 90' lang='lat' dir='ltr'><strong>praesertim</strong></span> 
     </span>
     <span class='ocr_line' id='line_1_20' title="bbox 362 2488 1113 2567; baseline 0 -17"><span class='ocrx_word' id='word_1_91' title='bbox 362 2494 399 2551; x_wconf 92' lang='lat' dir='ltr'><strong>ut</strong></span> <span class='ocrx_word' id='word_1_92' title='bbox 420 2504 534 2567; x_wconf 92' lang='lat' dir='ltr'><strong>puram</strong></span> <span class='ocrx_word' id='word_1_93' title='bbox 554 2489 769 2552; x_wconf 88' lang='lat' dir='ltr'><strong>intentionem</strong></span> <span class='ocrx_word' id='word_1_94' title='bbox 792 2489 892 2552; x_wconf 88' lang='lat' dir='ltr'><strong>divini</strong></span> <span class='ocrx_word' id='word_1_95' title='bbox 913 2488 1038 2552; x_wconf 90' lang='lat' dir='ltr'><strong>servitii</strong></span> <span class='ocrx_word' id='word_1_96' title='bbox 1060 2489 1113 2550; x_wconf 90' lang='lat' dir='ltr'><strong>ba-</strong></span> 
     </span>
     <span class='ocr_line' id='line_1_21' title="bbox 362 2581 1113 2662; baseline 0.001 -19"><span class='ocrx_word' id='word_1_97' title='bbox 362 2582 468 2655; x_wconf 87' lang='lat' dir='ltr'><strong>beant,</strong></span> <span class='ocrx_word' id='word_1_98' title='bbox 493 2589 525 2646; x_wconf 88' lang='lat' dir='ltr'><strong>et</strong></span> <span class='ocrx_word' id='word_1_99' title='bbox 546 2581 793 2646; x_wconf 79' lang='lat' dir='ltr'><strong>familiaritatem</strong></span> <span class='ocrx_word' id='word_1_100' title='bbox 812 2598 886 2646; x_wconf 90' lang='lat' dir='ltr'><strong>cum</strong></span> <span class='ocrx_word' id='word_1_101' title='bbox 907 2581 973 2644; x_wconf 88' lang='lat' dir='ltr'><strong>Deo</strong></span> <span class='ocrx_word' id='word_1_102' title='bbox 996 2581 1028 2644; x_wconf 95' lang='lat' dir='ltr'><strong>in</strong></span> <span class='ocrx_word' id='word_1_103' title='bbox 1051 2583 1113 2662; x_wconf 93' lang='lat' dir='ltr'><strong>spi-</strong></span> 
     </span>
     <span class='ocr_line' id='line_1_22' title="bbox 363 2675 932 2740; baseline 0.002 -3"><span class='ocrx_word' id='word_1_104' title='bbox 363 2675 533 2739; x_wconf 84' lang='lat' dir='ltr'><strong>ritualibus</strong></span> <span class='ocrx_word' id='word_1_105' title='bbox 555 2675 736 2740; x_wconf 89' lang='lat' dir='ltr'><strong>dovotionis</strong></span> <span class='ocrx_word' id='word_1_106' title='bbox 760 2676 932 2739; x_wconf 76' lang='lat' dir='ltr'><strong>exercitiis.</strong></span> 
     </span>
     <span class='ocr_line' id='line_1_23' title="bbox 314 2769 1113 2850; baseline 0 -18"><span class='ocrx_word' id='word_1_107' title='bbox 314 2789 317 2796; x_wconf 95' lang='lat'>·</span> <span class='ocrx_word' id='word_1_108' title='bbox 403 2787 446 2832; x_wconf 85' lang='lat' dir='ltr'><strong>iv.</strong></span> <span class='ocrx_word' id='word_1_109' title='bbox 470 2769 557 2832; x_wconf 91' lang='lat' dir='ltr'><strong>Petat</strong></span> <span class='ocrx_word' id='word_1_110' title='bbox 580 2785 678 2847; x_wconf 86' lang='lat' dir='ltr'><strong>quem</strong></span> <span class='ocrx_word' id='word_1_111' title='bbox 707 2769 901 2850; x_wconf 82' lang='lat' dir='ltr'><strong>procedendi</strong></span> <span class='ocrx_word' id='word_1_112' title='bbox 923 2770 1058 2834; x_wconf 91' lang='lat' dir='ltr'><strong>modum</strong></span> <span class='ocrx_word' id='word_1_113' title='bbox 1079 2770 1113 2832; x_wconf 91' lang='lat' dir='ltr'><strong>in</strong></span> 
     </span>
     <span class='ocr_line' id='line_1_24' title="bbox 364 2863 1113 2938; baseline 0 -10"><span class='ocrx_word' id='word_1_114' title='bbox 364 2864 541 2928; x_wconf 85' lang='lat' dir='ltr'><strong>orationem</strong></span> <span class='ocrx_word' id='word_1_115' title='bbox 564 2863 761 2938; x_wconf 79' lang='lat' dir='ltr'><strong>habeantet</strong></span> <span class='ocrx_word' id='word_1_116' title='bbox 783 2881 822 2926; x_wconf 91' lang='lat' dir='ltr'><strong>an</strong></span> <span class='ocrx_word' id='word_1_117' title='bbox 837 2871 947 2926; x_wconf 89' lang='lat' dir='ltr'><strong>eontra</strong></span> <span class='ocrx_word' id='word_1_118' title='bbox 968 2881 1043 2926; x_wconf 90' lang='lat' dir='ltr'><strong>suos</strong></span> <span class='ocrx_word' id='word_1_119' title='bbox 1060 2865 1113 2928; x_wconf 93' lang='lat' dir='ltr'><strong>de-</strong></span> 
     </span>
     <span class='ocr_line' id='line_1_25' title="bbox 363 2958 1113 3036; baseline -0.001 -13"><span class='ocrx_word' id='word_1_120' title='bbox 363 2959 465 3024; x_wconf 88' lang='lat' dir='ltr'><strong>iectus</strong></span> <span class='ocrx_word' id='word_1_121' title='bbox 488 2974 624 3020; x_wconf 81' lang='lat' dir='ltr'><strong>examen</strong></span> <span class='ocrx_word' id='word_1_122' title='bbox 646 2959 837 3036; x_wconf 86' lang='lat' dir='ltr'><strong>particulare</strong></span> <span class='ocrx_word' id='word_1_123' title='bbox 864 2958 1056 3034; x_wconf 80' lang='lat' dir='ltr'><strong>observent3</strong></span> <span class='ocrx_word' id='word_1_124' title='bbox 1081 2967 1113 3022; x_wconf 91' lang='lat' dir='ltr'><strong>et</strong></span> 
     </span>
     <span class='ocr_line' id='line_1_26' title="bbox 362 3052 1113 3132; baseline -0.001 -16"><span class='ocrx_word' id='word_1_125' title='bbox 362 3069 402 3116; x_wconf 93' lang='lat' dir='ltr'><strong>an</strong></span> <span class='ocrx_word' id='word_1_126' title='bbox 423 3059 533 3116; x_wconf 90' lang='lat' dir='ltr'><strong>contra</strong></span> <span class='ocrx_word' id='word_1_127' title='bbox 554 3052 753 3116; x_wconf 91' lang='lat' dir='ltr'><strong>inordinatos</strong></span> <span class='ocrx_word' id='word_1_128' title='bbox 766 3053 897 3116; x_wconf 87' lang='lat' dir='ltr'><strong>allectus</strong></span> <span class='ocrx_word' id='word_1_129' title='bbox 913 3053 1041 3132; x_wconf 89' lang='lat' dir='ltr'><strong>propria</strong></span> <span class='ocrx_word' id='word_1_130' title='bbox 1063 3069 1113 3115; x_wconf 93' lang='lat' dir='ltr'><strong>re-</strong></span> 
     </span>
     <span class='ocr_line' id='line_1_27' title="bbox 363 3145 1112 3218; baseline -0.003 -8"><span class='ocrx_word' id='word_1_131' title='bbox 363 3147 468 3210; x_wconf 87' lang='lat' dir='ltr'><strong>media</strong></span> <span class='ocrx_word' id='word_1_132' title='bbox 489 3145 671 3218; x_wconf 84' lang='lat' dir='ltr'><strong>adhibeant,</strong></span> <span class='ocrx_word' id='word_1_133' title='bbox 696 3152 728 3208; x_wconf 90' lang='lat' dir='ltr'><strong>et</strong></span> <span class='ocrx_word' id='word_1_134' title='bbox 749 3146 782 3208; x_wconf 94' lang='lat' dir='ltr'><strong>in</strong></span> <span class='ocrx_word' id='word_1_135' title='bbox 803 3145 914 3209; x_wconf 86' lang='lat' dir='ltr'><strong>solidis</strong></span> <span class='ocrx_word' id='word_1_136' title='bbox 936 3147 1112 3210; x_wconf 87' lang='lat' dir='ltr'><strong>virtutibus</strong></span> 
     </span>
     <span class='ocr_line' id='line_1_28' title="bbox 362 3239 1112 3318; baseline 0 -16"><span class='ocrx_word' id='word_1_137' title='bbox 362 3239 575 3318; x_wconf 84' lang='lat' dir='ltr'><strong>acquirendis,</strong></span> <span class='ocrx_word' id='word_1_138' title='bbox 591 3240 781 3318; x_wconf 88' lang='lat' dir='ltr'><strong>praesertim</strong></span> <span class='ocrx_word' id='word_1_139' title='bbox 794 3239 987 3312; x_wconf 77' lang='lat' dir='ltr'><strong>obedientia,</strong></span> <span class='ocrx_word' id='word_1_140' title='bbox 1002 3257 1112 3302; x_wconf 91' lang='lat' dir='ltr'><strong>amore</strong></span> 
     </span>
     <span class='ocr_line' id='line_1_29' title="bbox 362 3333 1110 3413; baseline -0.001 -16"><span class='ocrx_word' id='word_1_141' title='bbox 362 3334 420 3397; x_wconf 87' lang='lat' dir='ltr'><strong>Dei</strong></span> <span class='ocrx_word' id='word_1_142' title='bbox 441 3340 473 3397; x_wconf 87' lang='lat' dir='ltr'><strong>et</strong></span> <span class='ocrx_word' id='word_1_143' title='bbox 494 3333 651 3413; x_wconf 83' lang='lat' dir='ltr'><strong>proximi,</strong></span> <span class='ocrx_word' id='word_1_144' title='bbox 682 3334 799 3411; x_wconf 86' lang='lat' dir='ltr'><strong>quibus</strong></span> <span class='ocrx_word' id='word_1_145' title='bbox 821 3339 954 3398; x_wconf 88' lang='lat' dir='ltr'><strong>utantur</strong></span> <span class='ocrx_word' id='word_1_146' title='bbox 983 3335 1110 3408; x_wconf 91' lang='lat' dir='ltr'><strong>mediis,</strong></span> 
     </span>
     <span class='ocr_line' id='line_1_30' title="bbox 363 3427 1112 3508; baseline -0.003 -16"><span class='ocrx_word' id='word_1_147' title='bbox 363 3435 396 3492; x_wconf 90' lang='lat' dir='ltr'><strong>et</strong></span> <span class='ocrx_word' id='word_1_148' title='bbox 416 3429 455 3492; x_wconf 90' lang='lat' dir='ltr'><strong>de</strong></span> <span class='ocrx_word' id='word_1_149' title='bbox 467 3428 675 3508; x_wconf 89' lang='lat' dir='ltr'><strong>poenitentiis</strong></span> <span class='ocrx_word' id='word_1_150' title='bbox 697 3433 730 3490; x_wconf 88' lang='lat' dir='ltr'><strong>et</strong></span> <span class='ocrx_word' id='word_1_151' title='bbox 751 3427 819 3490; x_wconf 92' lang='lat' dir='ltr'><strong>aliis</strong></span> <span class='ocrx_word' id='word_1_152' title='bbox 842 3427 968 3506; x_wconf 90' lang='lat' dir='ltr'><strong>pietatis</strong></span> <span class='ocrx_word' id='word_1_153' title='bbox 992 3429 1112 3492; x_wconf 86' lang='lat' dir='ltr'><strong>exerci-</strong></span> 
     </span>
     <span class='ocr_line' id='line_1_31' title="bbox 363 3522 589 3586; baseline -0.013 0"><span class='ocrx_word' id='word_1_154' title='bbox 363 3522 547 3586; x_wconf 90' lang='lat' dir='ltr'><strong>tationibus.</strong></span> <span class='ocrx_word' id='word_1_155' title='bbox 584 3556 589 3568; x_wconf 92' lang='lat'><em>·</em></span> 
     </span>
    </p>

    <p class='ocr_par' dir='ltr' id='par_1_8' title="bbox 362 3615 1112 3976">
     <span class='ocr_line' id='line_1_32' title="bbox 402 3615 1112 3694; baseline 0.004 -18"><span class='ocrx_word' id='word_1_156' title='bbox 402 3634 431 3680; x_wconf 91' lang='lat' dir='ltr'><strong>v.</strong></span> <span class='ocrx_word' id='word_1_157' title='bbox 456 3615 627 3680; x_wconf 75' lang='lat' dir='ltr'><strong>versatum</strong></span> <span class='ocrx_word' id='word_1_158' title='bbox 654 3631 729 3679; x_wconf 88' lang='lat' dir='ltr'><strong>eum</strong></span> <span class='ocrx_word' id='word_1_159' title='bbox 759 3622 888 3694; x_wconf 91' lang='lat' dir='ltr'><strong>oportet</strong></span> <span class='ocrx_word' id='word_1_160' title='bbox 916 3631 987 3678; x_wconf 87' lang='lat' dir='ltr'><strong>esso</strong></span> <span class='ocrx_word' id='word_1_161' title='bbox 1009 3616 1041 3679; x_wconf 94' lang='lat' dir='ltr'><strong>in</strong></span> <span class='ocrx_word' id='word_1_162' title='bbox 1068 3616 1112 3679; x_wconf 91' lang='lat' dir='ltr'><strong>le·</strong></span> 
     </span>
     <span class='ocr_line' id='line_1_33' title="bbox 362 3709 1112 3788; baseline -0.003 -15"><span class='ocrx_word' id='word_1_163' title='bbox 362 3711 468 3774; x_wconf 92' lang='lat' dir='ltr'><strong>ctione</strong></span> <span class='ocrx_word' id='word_1_164' title='bbox 490 3710 648 3772; x_wconf 91' lang='lat' dir='ltr'><strong>librorum</strong></span> <span class='ocrx_word' id='word_1_165' title='bbox 677 3709 912 3788; x_wconf 91' lang='lat' dir='ltr'><strong>spiritualium,</strong></span> <span class='ocrx_word' id='word_1_166' title='bbox 937 3717 969 3772; x_wconf 90' lang='lat' dir='ltr'><strong>et</strong></span> <span class='ocrx_word' id='word_1_167' title='bbox 990 3711 1112 3774; x_wconf 92' lang='lat' dir='ltr'><strong>unicui·</strong></span> 
     </span>
     <span class='ocr_line' id='line_1_34' title="bbox 363 3803 1112 3882; baseline 0 -16"><span class='ocrx_word' id='word_1_168' title='bbox 363 3819 426 3881; x_wconf 83' lang='lat' dir='ltr'><strong>que</strong></span> <span class='ocrx_word' id='word_1_169' title='bbox 448 3804 599 3868; x_wconf 88' lang='lat' dir='ltr'><strong>decernat</strong></span> <span class='ocrx_word' id='word_1_170' title='bbox 620 3811 747 3882; x_wconf 87' lang='lat' dir='ltr'><strong>tempus</strong></span> <span class='ocrx_word' id='word_1_171' title='bbox 762 3809 795 3868; x_wconf 87' lang='lat' dir='ltr'><strong>ot</strong></span> <span class='ocrx_word' id='word_1_172' title='bbox 810 3803 943 3867; x_wconf 89' lang='lat' dir='ltr'><strong>modum</strong></span> <span class='ocrx_word' id='word_1_173' title='bbox 956 3819 1029 3868; x_wconf 88' lang='lat' dir='ltr'><strong>oum</strong></span> <span class='ocrx_word' id='word_1_174' title='bbox 1045 3803 1112 3866; x_wconf 89' lang='lat' dir='ltr'><strong>iru-</strong></span> 
     </span>
     <span class='ocr_line' id='line_1_35' title="bbox 362 3899 657 3976; baseline -0.003 -16"><span class='ocrx_word' id='word_1_175' title='bbox 362 3905 415 3961; x_wconf 90' lang='lat' dir='ltr'><strong>ctu</strong></span> <span class='ocrx_word' id='word_1_176' title='bbox 438 3914 494 3961; x_wconf 89' lang='lat' dir='ltr'><strong>eos</strong></span> <span class='ocrx_word' id='word_1_177' title='bbox 516 3899 657 3976; x_wconf 83' lang='lat' dir='ltr'><strong>legendi.</strong></span> 
     </span>
    </p>

    <p class='ocr_par' dir='ltr' id='par_1_9' title="bbox 362 3993 1112 5760">
     <span class='ocr_line' id='line_1_36' title="bbox 401 3993 1112 4056; baseline 0.006 -4"><span class='ocrx_word' id='word_1_178' title='bbox 401 4011 444 4054; x_wconf 90' lang='lat' dir='ltr'><strong>vr.</strong></span> <span class='ocrx_word' id='word_1_179' title='bbox 468 3993 666 4056; x_wconf 89' lang='lat' dir='ltr'><strong>Peculiarem</strong></span> <span class='ocrx_word' id='word_1_180' title='bbox 679 4009 789 4056; x_wconf 90' lang='lat' dir='ltr'><strong>curam</strong></span> <span class='ocrx_word' id='word_1_181' title='bbox 802 3993 916 4056; x_wconf 89' lang='lat' dir='ltr'><strong>babeat</strong></span> <span class='ocrx_word' id='word_1_182' title='bbox 927 3993 1112 4056; x_wconf 89' lang='lat' dir='ltr'><strong>consolandi</strong></span> 
     </span>
     <span class='ocr_line' id='line_1_37' title="bbox 362 4085 1112 4165; baseline 0 -16"><span class='ocrx_word' id='word_1_183' title='bbox 362 4085 493 4150; x_wconf 84' lang='lat' dir='ltr'><strong>afflictos</strong></span> <span class='ocrx_word' id='word_1_184' title='bbox 516 4093 547 4148; x_wconf 91' lang='lat' dir='ltr'><strong>et</strong></span> <span class='ocrx_word' id='word_1_185' title='bbox 575 4087 700 4165; x_wconf 88' lang='lat' dir='ltr'><strong>tepidos</strong></span> <span class='ocrx_word' id='word_1_186' title='bbox 733 4087 944 4158; x_wconf 78' lang='lat' dir='ltr'><strong>exhortandi,</strong></span> <span class='ocrx_word' id='word_1_187' title='bbox 969 4087 1112 4150; x_wconf 90' lang='lat' dir='ltr'><strong>remedia</strong></span> 
     </span>
     <span class='ocr_line' id='line_1_38' title="bbox 362 4180 1111 4259; baseline 0.003 -17"><span class='ocrx_word' id='word_1_188' title='bbox 362 4196 421 4259; x_wconf 92' lang='lat' dir='ltr'><strong>pro</strong></span> <span class='ocrx_word' id='word_1_189' title='bbox 442 4181 598 4258; x_wconf 81' lang='lat' dir='ltr'><strong>cuiusque</strong></span> <span class='ocrx_word' id='word_1_190' title='bbox 614 4181 804 4244; x_wconf 89' lang='lat' dir='ltr'><strong>necessitate</strong></span> <span class='ocrx_word' id='word_1_191' title='bbox 825 4180 1017 4254; x_wconf 87' lang='lat' dir='ltr'><strong>adhibendo,</strong></span> <span class='ocrx_word' id='word_1_192' title='bbox 1036 4197 1111 4258; x_wconf 83' lang='lat' dir='ltr'><strong>qua-</strong></span> 
     </span>
     <span class='ocr_line' id='line_1_39' title="bbox 362 4273 1112 4352; baseline 0.001 -17"><span class='ocrx_word' id='word_1_193' title='bbox 362 4273 403 4335; x_wconf 93' lang='lat' dir='ltr'><strong>lia</strong></span> <span class='ocrx_word' id='word_1_194' title='bbox 431 4279 508 4336; x_wconf 91' lang='lat' dir='ltr'><strong>sunt</strong></span> <span class='ocrx_word' id='word_1_195' title='bbox 538 4273 740 4352; x_wconf 83' lang='lat' dir='ltr'><strong>frequentius</strong></span> <span class='ocrx_word' id='word_1_196' title='bbox 768 4273 975 4336; x_wconf 79' lang='lat' dir='ltr'><strong>consessionis</strong></span> <span class='ocrx_word' id='word_1_197' title='bbox 998 4280 1031 4336; x_wconf 92' lang='lat' dir='ltr'><strong>et</strong></span> <span class='ocrx_word' id='word_1_198' title='bbox 1059 4289 1112 4338; x_wconf 89' lang='lat' dir='ltr'><strong>eu-</strong></span> 
     </span>
     <span class='ocr_line' id='line_1_40' title="bbox 362 4367 1111 4446; baseline 0.003 -17"><span class='ocrx_word' id='word_1_199' title='bbox 362 4367 530 4430; x_wconf 87' lang='lat' dir='ltr'><strong>charistiae</strong></span> <span class='ocrx_word' id='word_1_200' title='bbox 562 4374 758 4430; x_wconf 89' lang='lat' dir='ltr'><strong>sacramenta</strong></span> <span class='ocrx_word' id='word_1_201' title='bbox 788 4367 1002 4446; x_wconf 87' lang='lat' dir='ltr'><strong>obi1·e‚.plus</strong></span> <span class='ocrx_word' id='word_1_202' title='bbox 1033 4374 1111 4432; x_wconf 91' lang='lat' dir='ltr'><strong>tem·</strong></span> 
     </span>
     <span class='ocr_line' id='line_1_41' title="bbox 362 4461 1111 4540; baseline 0.007 -19"><span class='ocrx_word' id='word_1_203' title='bbox 362 4461 449 4540; x_wconf 92' lang='lat' dir='ltr'><strong>poris</strong></span> <span class='ocrx_word' id='word_1_204' title='bbox 483 4462 620 4526; x_wconf 90' lang='lat' dir='ltr'><strong>orationi</strong></span> <span class='ocrx_word' id='word_1_205' title='bbox 647 4462 855 4540; x_wconf 87' lang='lat' dir='ltr'><strong>impendere,</strong></span> <span class='ocrx_word' id='word_1_206' title='bbox 887 4461 959 4540; x_wconf 88' lang='lat' dir='ltr'><strong>plus</strong></span> <span class='ocrx_word' id='word_1_207' title='bbox 991 4463 1111 4540; x_wconf 86' lang='lat' dir='ltr'><strong>aliquid</strong></span> 
     </span>
     <span class='ocr_line' id='line_1_42' title="bbox 363 4555 1111 4636; baseline 0 -18"><span class='ocrx_word' id='word_1_208' title='bbox 363 4555 579 4634; x_wconf 87' lang='lat' dir='ltr'><strong>poenitentiae</strong></span> <span class='ocrx_word' id='word_1_209' title='bbox 601 4571 777 4628; x_wconf 87' lang='lat' dir='ltr'><strong>assumere,</strong></span> <span class='ocrx_word' id='word_1_210' title='bbox 794 4556 894 4620; x_wconf 91' lang='lat' dir='ltr'><strong>libros</strong></span> <span class='ocrx_word' id='word_1_211' title='bbox 910 4555 1033 4634; x_wconf 87' lang='lat' dir='ltr'><strong>aliquos</strong></span> <span class='ocrx_word' id='word_1_212' title='bbox 1049 4557 1111 4636; x_wconf 85' lang='lat' dir='ltr'><strong>spi-</strong></span> 
     </span>
     <span class='ocr_line' id='line_1_43' title="bbox 362 4649 1111 4728; baseline 0.001 -17"><span class='ocrx_word' id='word_1_213' title='bbox 362 4649 495 4713; x_wconf 84' lang='lat' dir='ltr'><strong>rituales</strong></span> <span class='ocrx_word' id='word_1_214' title='bbox 527 4649 653 4726; x_wconf 82' lang='lat' dir='ltr'><strong>legere,</strong></span> <span class='ocrx_word' id='word_1_215' title='bbox 685 4654 718 4710; x_wconf 91' lang='lat' dir='ltr'><strong>et</strong></span> <span class='ocrx_word' id='word_1_216' title='bbox 744 4649 870 4712; x_wconf 89' lang='lat' dir='ltr'><strong>similia.</strong></span> <span class='ocrx_word' id='word_1_217' title='bbox 905 4649 1111 4728; x_wconf 87' lang='lat' dir='ltr'><strong>Praecipuam</strong></span> 
     </span>
     <span class='ocr_line' id='line_1_44' title="bbox 363 4743 1111 4806; baseline 0.004 -3"><span class='ocrx_word' id='word_1_218' title='bbox 363 4759 441 4806; x_wconf 92' lang='lat' dir='ltr'><strong>vero</strong></span> <span class='ocrx_word' id='word_1_219' title='bbox 463 4758 573 4805; x_wconf 91' lang='lat' dir='ltr'><strong>curam</strong></span> <span class='ocrx_word' id='word_1_220' title='bbox 594 4743 743 4806; x_wconf 86' lang='lat' dir='ltr'><strong>adhibeat</strong></span> <span class='ocrx_word' id='word_1_221' title='bbox 764 4743 845 4806; x_wconf 88' lang='lat' dir='ltr'><strong>circa</strong></span> <span class='ocrx_word' id='word_1_222' title='bbox 861 4743 1034 4805; x_wconf 88' lang='lat' dir='ltr'><strong>monachos</strong></span> <span class='ocrx_word' id='word_1_223' title='bbox 1057 4743 1111 4806; x_wconf 91' lang='lat' dir='ltr'><strong>lai-</strong></span> 
     </span>
     <span class='ocr_line' id='line_1_45' title="bbox 363 4836 1112 4914; baseline 0.003 -16"><span class='ocrx_word' id='word_1_224' title='bbox 363 4851 426 4908; x_wconf 90' lang='lat' dir='ltr'><strong>cos,</strong></span> <span class='ocrx_word' id='word_1_225' title='bbox 451 4851 552 4898; x_wconf 90' lang='lat' dir='ltr'><strong>novos</strong></span> <span class='ocrx_word' id='word_1_226' title='bbox 575 4836 764 4914; x_wconf 88' lang='lat' dir='ltr'><strong>praesertim</strong></span> <span class='ocrx_word' id='word_1_227' title='bbox 788 4843 820 4900; x_wconf 90' lang='lat' dir='ltr'><strong>et</strong></span> <span class='ocrx_word' id='word_1_228' title='bbox 840 4837 1051 4910; x_wconf 87' lang='lat' dir='ltr'><strong>infirmiores,</strong></span> <span class='ocrx_word' id='word_1_229' title='bbox 1077 4843 1112 4900; x_wconf 94' lang='lat' dir='ltr'><strong>ut</strong></span> 
     </span>
     <span class='ocr_line' id='line_1_46' title="bbox 363 4929 1111 5008; baseline 0.004 -17"><span class='ocrx_word' id='word_1_230' title='bbox 363 4929 465 5008; x_wconf 87' lang='lat' dir='ltr'><strong>quieti</strong></span> <span class='ocrx_word' id='word_1_231' title='bbox 486 4930 560 5003; x_wconf 88' lang='lat' dir='ltr'><strong>sint,</strong></span> <span class='ocrx_word' id='word_1_232' title='bbox 575 4939 607 4992; x_wconf 90' lang='lat' dir='ltr'><strong>ot</strong></span> <span class='ocrx_word' id='word_1_233' title='bbox 622 4936 710 4993; x_wconf 89' lang='lat' dir='ltr'><strong>sorte</strong></span> <span class='ocrx_word' id='word_1_234' title='bbox 725 4931 866 4993; x_wconf 88' lang='lat' dir='ltr'><strong>llartbae</strong></span> <span class='ocrx_word' id='word_1_235' title='bbox 887 4931 1049 5006; x_wconf 88' lang='lat' dir='ltr'><strong>contenti;</strong></span> <span class='ocrx_word' id='word_1_236' title='bbox 1067 4932 1111 4994; x_wconf 96' lang='lat' dir='ltr'><strong>di-</strong></span> 
     </span>
     <span class='ocr_line' id='line_1_47' title="bbox 362 5023 1110 5102; baseline -0.001 -17"><span class='ocrx_word' id='word_1_237' title='bbox 362 5023 511 5101; x_wconf 78' lang='lat' dir='ltr'><strong>rigatque</strong></span> <span class='ocrx_word' id='word_1_238' title='bbox 533 5039 588 5089; x_wconf 89' lang='lat' dir='ltr'><strong>eos</strong></span> <span class='ocrx_word' id='word_1_239' title='bbox 610 5023 665 5086; x_wconf 92' lang='lat' dir='ltr'><strong>ubi</strong></span> <span class='ocrx_word' id='word_1_240' title='bbox 681 5040 761 5102; x_wconf 89' lang='lat' dir='ltr'><strong>opus</strong></span> <span class='ocrx_word' id='word_1_241' title='bbox 777 5023 885 5085; x_wconf 88' lang='lat' dir='ltr'><strong>luerit.</strong></span> <span class='ocrx_word' id='word_1_242' title='bbox 910 5023 1039 5086; x_wconf 88' lang='lat' dir='ltr'><strong>Praeter</strong></span> <span class='ocrx_word' id='word_1_243' title='bbox 1056 5041 1110 5087; x_wconf 88' lang='lat' dir='ltr'><strong>eos</strong></span> 
     </span>
     <span class='ocr_line' id='line_1_48' title="bbox 362 5117 1110 5196; baseline 0.003 -18"><span class='ocrx_word' id='word_1_244' title='bbox 362 5133 453 5190; x_wconf 92' lang='lat' dir='ltr'><strong>vero,</strong></span> <span class='ocrx_word' id='word_1_245' title='bbox 478 5133 558 5196; x_wconf 82' lang='lat' dir='ltr'><strong>quos</strong></span> <span class='ocrx_word' id='word_1_246' title='bbox 579 5117 654 5180; x_wconf 92' lang='lat' dir='ltr'><strong>satis</strong></span> <span class='ocrx_word' id='word_1_247' title='bbox 676 5117 850 5180; x_wconf 93' lang='lat' dir='ltr'><strong>instructos</strong></span> <span class='ocrx_word' id='word_1_248' title='bbox 872 5117 965 5179; x_wconf 91' lang='lat' dir='ltr'><strong>abbas</strong></span> <span class='ocrx_word' id='word_1_249' title='bbox 995 5117 1110 5180; x_wconf 89' lang='lat' dir='ltr'><strong>iudica-</strong></span> 
     </span>
     <span class='ocr_line' id='line_1_49' title="bbox 362 5211 1111 5288; baseline 0.004 -17"><span class='ocrx_word' id='word_1_250' title='bbox 362 5211 457 5284; x_wconf 86' lang='lat' dir='ltr'><strong>verit,</strong></span> <span class='ocrx_word' id='word_1_251' title='bbox 481 5223 555 5274; x_wconf 93' lang='lat' dir='ltr'><strong>cum</strong></span> <span class='ocrx_word' id='word_1_252' title='bbox 576 5225 774 5288; x_wconf 81' lang='lat' dir='ltr'><strong>unoquoque</strong></span> <span class='ocrx_word' id='word_1_253' title='bbox 794 5224 891 5288; x_wconf 80' lang='lat' dir='ltr'><strong>agere</strong></span> <span class='ocrx_word' id='word_1_254' title='bbox 907 5213 946 5273; x_wconf 90' lang='lat' dir='ltr'><strong>de</strong></span> <span class='ocrx_word' id='word_1_255' title='bbox 962 5211 1010 5274; x_wconf 88' lang='lat' dir='ltr'><strong>bis</strong></span> <span class='ocrx_word' id='word_1_256' title='bbox 1026 5211 1111 5274; x_wconf 91' lang='lat' dir='ltr'><strong>ultra</strong></span> 
     </span>
     <span class='ocr_line' id='line_1_50' title="bbox 363 5303 1110 5384; baseline 0.003 -18"><span class='ocrx_word' id='word_1_257' title='bbox 363 5321 510 5367; x_wconf 89' lang='lat' dir='ltr'><strong>mensem</strong></span> <span class='ocrx_word' id='word_1_258' title='bbox 532 5321 597 5366; x_wconf 92' lang='lat' dir='ltr'><strong>non</strong></span> <span class='ocrx_word' id='word_1_259' title='bbox 619 5305 754 5367; x_wconf 81' lang='lat' dir='ltr'><strong>diderat.</strong></span> <span class='ocrx_word' id='word_1_260' title='bbox 786 5303 886 5384; x_wconf 89' lang='lat' dir='ltr'><strong>Saepe</strong></span> <span class='ocrx_word' id='word_1_261' title='bbox 908 5321 987 5369; x_wconf 90' lang='lat' dir='ltr'><strong>vero</strong></span> <span class='ocrx_word' id='word_1_262' title='bbox 1010 5307 1110 5370; x_wconf 91' lang='lat' dir='ltr'><strong>consi-</strong></span> 
     </span>
     <span class='ocr_line' id='line_1_51' title="bbox 363 5397 1110 5480; baseline 0 -18"><span class='ocrx_word' id='word_1_263' title='bbox 363 5400 469 5472; x_wconf 87' lang='lat' dir='ltr'><strong>deret,</strong></span> <span class='ocrx_word' id='word_1_264' title='bbox 494 5415 591 5476; x_wconf 85' lang='lat' dir='ltr'><strong>quem</strong></span> <span class='ocrx_word' id='word_1_265' title='bbox 621 5397 951 5461; x_wconf 81' lang='lat' dir='ltr'><strong>tructum&#39;bonorum</strong></span> <span class='ocrx_word' id='word_1_266' title='bbox 975 5417 1110 5480; x_wconf 91' lang='lat' dir='ltr'><strong>operum</strong></span> 
     </span>
     <span class='ocr_line' id='line_1_52' title="bbox 362 5493 1110 5574; baseline 0.001 -18"><span class='ocrx_word' id='word_1_267' title='bbox 362 5510 402 5556; x_wconf 79' lang='lat' dir='ltr'><strong>ex</strong></span> <span class='ocrx_word' id='word_1_268' title='bbox 425 5495 569 5556; x_wconf 90' lang='lat' dir='ltr'><strong>oratione</strong></span> <span class='ocrx_word' id='word_1_269' title='bbox 592 5499 624 5555; x_wconf 89' lang='lat' dir='ltr'><strong>et</strong></span> <span class='ocrx_word' id='word_1_270' title='bbox 645 5493 853 5555; x_wconf 89' lang='lat' dir='ltr'><strong>meditatione</strong></span> <span class='ocrx_word' id='word_1_271' title='bbox 874 5501 905 5556; x_wconf 89' lang='lat' dir='ltr'><strong>et</strong></span> <span class='ocrx_word' id='word_1_272' title='bbox 921 5510 959 5556; x_wconf 83' lang='lat' dir='ltr'><strong>en</strong></span> <span class='ocrx_word' id='word_1_273' title='bbox 977 5495 1110 5574; x_wconf 91' lang='lat' dir='ltr'><strong>reliquis</strong></span> 
     </span>
     <span class='ocr_line' id='line_1_53' title="bbox 362 5587 1111 5668; baseline 0.005 -20"><span class='ocrx_word' id='word_1_274' title='bbox 362 5587 459 5650; x_wconf 89' lang='lat' dir='ltr'><strong>rebus</strong></span> <span class='ocrx_word' id='word_1_275' title='bbox 481 5587 700 5668; x_wconf 89' lang='lat' dir='ltr'><strong>spiritualibus</strong></span> <span class='ocrx_word' id='word_1_276' title='bbox 730 5587 897 5665; x_wconf 81' lang='lat' dir='ltr'><strong>colligant,</strong></span> <span class='ocrx_word' id='word_1_277' title='bbox 922 5596 958 5652; x_wconf 92' lang='lat' dir='ltr'><strong>ut</strong></span> <span class='ocrx_word' id='word_1_278' title='bbox 982 5590 1015 5650; x_wconf 92' lang='lat' dir='ltr'><strong>in</strong></span> <span class='ocrx_word' id='word_1_279' title='bbox 1043 5590 1111 5652; x_wconf 93' lang='lat' dir='ltr'><strong>dies</strong></span> 
     </span>
     <span class='ocr_line' id='line_1_54' title="bbox 363 5681 878 5760; baseline -0.004 -16"><span class='ocrx_word' id='word_1_280' title='bbox 363 5683 464 5760; x_wconf 82' lang='lat' dir='ltr'><strong>magis</strong></span> <span class='ocrx_word' id='word_1_281' title='bbox 486 5681 519 5744; x_wconf 95' lang='lat' dir='ltr'><strong>in</strong></span> <span class='ocrx_word' id='word_1_282' title='bbox 541 5682 678 5744; x_wconf 89' lang='lat' dir='ltr'><strong>Domino</strong></span> <span class='ocrx_word' id='word_1_283' title='bbox 700 5681 878 5760; x_wconf 81' lang='lat' dir='ltr'><strong>proficiant.</strong></span> 
     </span>
    </p>

    <p class='ocr_par' dir='ltr' id='par_1_10' title="bbox 362 5775 1111 6030">
     <span class='ocr_line' id='line_1_55' title="bbox 402 5775 1111 5849; baseline 0.003 -11"><span class='ocrx_word' id='word_1_284' title='bbox 402 5793 458 5838; x_wconf 91' lang='lat' dir='ltr'><strong>vu.</strong></span> <span class='ocrx_word' id='word_1_285' title='bbox 482 5777 517 5838; x_wconf 93' lang='lat' dir='ltr'><strong>ln</strong></span> <span class='ocrx_word' id='word_1_286' title='bbox 532 5775 582 5838; x_wconf 91' lang='lat' dir='ltr'><strong>bis</strong></span> <span class='ocrx_word' id='word_1_287' title='bbox 598 5775 748 5847; x_wconf 88' lang='lat' dir='ltr'><strong>omnibus</strong></span> <span class='ocrx_word' id='word_1_288' title='bbox 764 5775 879 5849; x_wconf 89' lang='lat' dir='ltr'><strong>videat,</strong></span> <span class='ocrx_word' id='word_1_289' title='bbox 895 5793 935 5839; x_wconf 88' lang='lat' dir='ltr'><strong>ne</strong></span> <span class='ocrx_word' id='word_1_290' title='bbox 951 5778 1030 5840; x_wconf 92' lang='lat' dir='ltr'><strong>ordo</strong></span> <span class='ocrx_word' id='word_1_291' title='bbox 1041 5779 1111 5840; x_wconf 93' lang='lat' dir='ltr'><strong>uni-</strong></span> 
     </span>
     <span class='ocr_line' id='line_1_56' title="bbox 362 5871 1109 5951; baseline 0 -17"><span class='ocrx_word' id='word_1_292' title='bbox 362 5871 478 5950; x_wconf 85' lang='lat' dir='ltr'><strong>cuique</strong></span> <span class='ocrx_word' id='word_1_293' title='bbox 500 5871 714 5951; x_wconf 88' lang='lat' dir='ltr'><strong>praescriptus</strong></span> <span class='ocrx_word' id='word_1_294' title='bbox 736 5871 941 5951; x_wconf 90' lang='lat' dir='ltr'><strong>impediatur,</strong></span> <span class='ocrx_word' id='word_1_295' title='bbox 959 5873 1020 5934; x_wconf 89' lang='lat' dir='ltr'><strong>nisi</strong></span> <span class='ocrx_word' id='word_1_296' title='bbox 1036 5889 1109 5936; x_wconf 90' lang='lat' dir='ltr'><strong>rum</strong></span> 
     </span>
     <span class='ocr_line' id='line_1_57' title="bbox 362 5963 787 6030; baseline -0.005 0"><span class='ocrx_word' id='word_1_297' title='bbox 362 5965 455 6030; x_wconf 89' lang='lat' dir='ltr'><strong>abbas</strong></span> <span class='ocrx_word' id='word_1_298' title='bbox 477 5965 569 6028; x_wconf 91' lang='lat' dir='ltr'><strong>aliter</strong></span> <span class='ocrx_word' id='word_1_299' title='bbox 588 5963 787 6028; x_wconf 90' lang='lat' dir='ltr'><strong>iudicaverit.</strong></span> 
     </span>
    </p>
   </div>
   <div class='ocr_carea' id='block_1_5' title="bbox 1841 561 1898 626">
    <p class='ocr_par' dir='ltr' id='par_1_11' title="bbox 1841 561 1898 626">
     <span class='ocr_line' id='line_1_58' title="bbox 1841 561 1898 626; baseline 0.035 -2"><span class='ocrx_word' id='word_1_300' title='bbox 1841 561 1898 626; x_wconf 84' lang='lat' dir='ltr'><strong>tlt</strong></span> 
     </span>
    </p>
   </div>
   <div class='ocr_carea' id='block_1_6' title="bbox 1167 697 1920 1608">
    <p class='ocr_par' dir='ltr' id='par_1_12' title="bbox 1167 697 1920 1155">
     <span class='ocr_line' id='line_1_59' title="bbox 1207 697 1920 775; baseline 0 -15"><span class='ocrx_word' id='word_1_301' title='bbox 1207 716 1276 762; x_wconf 92' lang='lat' dir='ltr'><strong>vru.</strong></span> <span class='ocrx_word' id='word_1_302' title='bbox 1300 697 1418 764; x_wconf 79' lang='lat' dir='ltr'><strong>duram</strong></span> <span class='ocrx_word' id='word_1_303' title='bbox 1441 702 1555 766; x_wconf 88' lang='lat' dir='ltr'><strong>babeat</strong></span> <span class='ocrx_word' id='word_1_304' title='bbox 1576 700 1788 774; x_wconf 90' lang='lat' dir='ltr'><strong>novitiorum,</strong></span> <span class='ocrx_word' id='word_1_305' title='bbox 1811 699 1838 759; x_wconf 90' lang='lat' dir='ltr'><strong>si</strong></span> <span class='ocrx_word' id='word_1_306' title='bbox 1865 699 1920 775; x_wconf 85' lang='lat' dir='ltr'><strong>qui</strong></span> 
     </span>
     <span class='ocr_line' id='line_1_60' title="bbox 1167 791 1919 868; baseline -0.003 -12"><span class='ocrx_word' id='word_1_307' title='bbox 1167 794 1201 856; x_wconf 92' lang='lat' dir='ltr'><strong>in</strong></span> <span class='ocrx_word' id='word_1_308' title='bbox 1213 795 1411 858; x_wconf 90' lang='lat' dir='ltr'><strong>monasterio</strong></span> <span class='ocrx_word' id='word_1_309' title='bbox 1423 795 1556 868; x_wconf 89' lang='lat' dir='ltr'><strong>luerint,</strong></span> <span class='ocrx_word' id='word_1_310' title='bbox 1570 796 1632 858; x_wconf 87' lang='lat' dir='ltr'><strong>nisi</strong></span> <span class='ocrx_word' id='word_1_311' title='bbox 1643 794 1681 858; x_wconf 93' lang='lat' dir='ltr'><strong>ab</strong></span> <span class='ocrx_word' id='word_1_312' title='bbox 1693 793 1805 856; x_wconf 90' lang='lat' dir='ltr'><strong>abbate</strong></span> <span class='ocrx_word' id='word_1_313' title='bbox 1818 791 1919 854; x_wconf 91' lang='lat' dir='ltr'><strong>aliun-</strong></span> 
     </span>
     <span class='ocr_line' id='line_1_61' title="bbox 1169 886 1919 966; baseline -0.003 -18"><span class='ocrx_word' id='word_1_314' title='bbox 1169 886 1207 948; x_wconf 90' lang='lat' dir='ltr'><strong>de</strong></span> <span class='ocrx_word' id='word_1_315' title='bbox 1220 894 1439 966; x_wconf 80' lang='lat' dir='ltr'><strong>prospectum</strong></span> <span class='ocrx_word' id='word_1_316' title='bbox 1454 894 1487 950; x_wconf 89' lang='lat' dir='ltr'><strong>et</strong></span> <span class='ocrx_word' id='word_1_317' title='bbox 1502 904 1578 966; x_wconf 83' lang='lat' dir='ltr'><strong>erga</strong></span> <span class='ocrx_word' id='word_1_318' title='bbox 1594 904 1649 951; x_wconf 89' lang='lat' dir='ltr'><strong>eos</strong></span> <span class='ocrx_word' id='word_1_319' title='bbox 1665 887 1838 950; x_wconf 92' lang='lat' dir='ltr'><strong>observare</strong></span> <span class='ocrx_word' id='word_1_320' title='bbox 1853 890 1919 948; x_wconf 94' lang='lat' dir='ltr'><strong>stu-</strong></span> 
     </span>
     <span class='ocr_line' id='line_1_62' title="bbox 1168 979 1920 1060; baseline -0.003 -16"><span class='ocrx_word' id='word_1_321' title='bbox 1168 980 1241 1045; x_wconf 91' lang='lat' dir='ltr'><strong>deat</strong></span> <span class='ocrx_word' id='word_1_322' title='bbox 1262 997 1343 1059; x_wconf 89' lang='lat' dir='ltr'><strong>quae</strong></span> <span class='ocrx_word' id='word_1_323' title='bbox 1359 982 1448 1044; x_wconf 80' lang='lat' dir='ltr'><strong>iuxta</strong></span> <span class='ocrx_word' id='word_1_324' title='bbox 1463 982 1593 1060; x_wconf 79' lang='lat' dir='ltr'><strong>regulas</strong></span> <span class='ocrx_word' id='word_1_325' title='bbox 1615 981 1761 1060; x_wconf 79' lang='lat' dir='ltr'><strong>magistri</strong></span> <span class='ocrx_word' id='word_1_326' title='bbox 1782 979 1920 1043; x_wconf 92' lang='lat' dir='ltr'><strong>novitio-</strong></span> 
     </span>
     <span class='ocr_line' id='line_1_63' title="bbox 1167 1075 1810 1155; baseline 0 -19"><span class='ocrx_word' id='word_1_327' title='bbox 1167 1090 1242 1138; x_wconf 92' lang='lat' dir='ltr'><strong>rum</strong></span> <span class='ocrx_word' id='word_1_328' title='bbox 1265 1075 1431 1138; x_wconf 91' lang='lat' dir='ltr'><strong>observari</strong></span> <span class='ocrx_word' id='word_1_329' title='bbox 1454 1076 1623 1140; x_wconf 90' lang='lat' dir='ltr'><strong>commode</strong></span> <span class='ocrx_word' id='word_1_330' title='bbox 1646 1081 1810 1155; x_wconf 87' lang='lat' dir='ltr'><strong>poterunt.</strong></span> 
     </span>
    </p>

    <p class='ocr_par' dir='ltr' id='par_1_13' title="bbox 1168 1169 1920 1608">
     <span class='ocr_line' id='line_1_64' title="bbox 1209 1169 1918 1240; baseline 0 -8"><span class='ocrx_word' id='word_1_331' title='bbox 1209 1186 1253 1232; x_wconf 82' lang='lat' dir='ltr'><strong>rx.</strong></span> <span class='ocrx_word' id='word_1_332' title='bbox 1277 1169 1506 1234; x_wconf 82' lang='lat' dir='ltr'><strong>dontessmnas</strong></span> <span class='ocrx_word' id='word_1_333' title='bbox 1536 1171 1770 1234; x_wconf 88' lang='lat' dir='ltr'><strong>monachorum</strong></span> <span class='ocrx_word' id='word_1_334' title='bbox 1792 1171 1918 1240; x_wconf 71' lang='lat' dir='ltr'><strong>audiet:</strong></span> 
     </span>
     <span class='ocr_line' id='line_1_65' title="bbox 1168 1263 1920 1339; baseline 0 -13"><span class='ocrx_word' id='word_1_335' title='bbox 1168 1269 1211 1336; x_wconf 90' lang='lat' dir='ltr'><strong>et,</strong></span> <span class='ocrx_word' id='word_1_336' title='bbox 1236 1263 1262 1326; x_wconf 93' lang='lat' dir='ltr'><strong>si</strong></span> <span class='ocrx_word' id='word_1_337' title='bbox 1283 1264 1377 1326; x_wconf 91' lang='lat' dir='ltr'><strong>abbas</strong></span> <span class='ocrx_word' id='word_1_338' title='bbox 1399 1264 1600 1339; x_wconf 90' lang='lat' dir='ltr'><strong>iudicaverit,</strong></span> <span class='ocrx_word' id='word_1_339' title='bbox 1616 1265 1723 1328; x_wconf 89' lang='lat' dir='ltr'><strong>eidem</strong></span> <span class='ocrx_word' id='word_1_340' title='bbox 1744 1264 1843 1326; x_wconf 91' lang='lat' dir='ltr'><strong>alium</strong></span> <span class='ocrx_word' id='word_1_341' title='bbox 1866 1264 1920 1326; x_wconf 85' lang='lat' dir='ltr'><strong>vel</strong></span> 
     </span>
     <span class='ocr_line' id='line_1_66' title="bbox 1168 1357 1920 1437; baseline 0 -17"><span class='ocrx_word' id='word_1_342' title='bbox 1168 1357 1246 1420; x_wconf 90' lang='lat' dir='ltr'><strong>alios</strong></span> <span class='ocrx_word' id='word_1_343' title='bbox 1261 1358 1438 1435; x_wconf 82' lang='lat' dir='ltr'><strong>adiungere</strong></span> <span class='ocrx_word' id='word_1_344' title='bbox 1451 1360 1587 1437; x_wconf 88' lang='lat' dir='ltr'><strong>poterit;</strong></span> <span class='ocrx_word' id='word_1_345' title='bbox 1606 1375 1671 1422; x_wconf 93' lang='lat' dir='ltr'><strong>non</strong></span> <span class='ocrx_word' id='word_1_346' title='bbox 1686 1365 1795 1422; x_wconf 91' lang='lat' dir='ltr'><strong>autem</strong></span> <span class='ocrx_word' id='word_1_347' title='bbox 1810 1357 1920 1436; x_wconf 90' lang='lat' dir='ltr'><strong>plures</strong></span> 
     </span>
     <span class='ocr_line' id='line_1_67' title="bbox 1169 1451 1920 1530; baseline 0.003 -17"><span class='ocrx_word' id='word_1_348' title='bbox 1169 1467 1265 1528; x_wconf 86' lang='lat' dir='ltr'><strong>quam</strong></span> <span class='ocrx_word' id='word_1_349' title='bbox 1287 1457 1435 1528; x_wconf 87' lang='lat' dir='ltr'><strong>quatuor,</strong></span> <span class='ocrx_word' id='word_1_350' title='bbox 1461 1452 1646 1530; x_wconf 86' lang='lat' dir='ltr'><strong>etquidem</strong></span> <span class='ocrx_word' id='word_1_351' title='bbox 1668 1452 1700 1515; x_wconf 94' lang='lat' dir='ltr'><strong>in</strong></span> <span class='ocrx_word' id='word_1_352' title='bbox 1722 1451 1920 1530; x_wconf 75' lang='lat' dir='ltr'><strong>frequentio-</strong></span> 
     </span>
     <span class='ocr_line' id='line_1_68' title="bbox 1168 1545 1643 1608; baseline 0 0"><span class='ocrx_word' id='word_1_353' title='bbox 1168 1546 1257 1608; x_wconf 90' lang='lat' dir='ltr'><strong>ribus</strong></span> <span class='ocrx_word' id='word_1_354' title='bbox 1280 1545 1484 1608; x_wconf 84' lang='lat' dir='ltr'><strong>monasteriis</strong></span> <span class='ocrx_word' id='word_1_355' title='bbox 1506 1551 1643 1608; x_wconf 91' lang='lat' dir='ltr'><strong>tantum.</strong></span> 
     </span>
    </p>
   </div>
   <div class='ocr_carea' id='block_1_7' title="bbox 1215 1693 1877 1776">
    <p class='ocr_par' dir='ltr' id='par_1_14' title="bbox 1215 1693 1877 1776">
     <span class='ocr_line' id='line_1_69' title="bbox 1215 1693 1877 1776; baseline -0.003 -19"><span class='ocrx_word' id='word_1_356' title='bbox 1215 1695 1295 1758; x_wconf 82' lang='lat' dir='ltr'><strong>Gar.</strong></span> <span class='ocrx_word' id='word_1_357' title='bbox 1319 1693 1384 1756; x_wconf 81' lang='lat' dir='ltr'><strong>xli.</strong></span> <span class='ocrx_word' id='word_1_358' title='bbox 1408 1694 1512 1756; x_wconf 86' lang='lat' dir='ltr'><strong>-De</strong></span> <span class='ocrx_word' id='word_1_359' title='bbox 1535 1694 1697 1776; x_wconf 66' lang='lat' dir='ltr'><strong>praeelecto</strong></span> <span class='ocrx_word' id='word_1_360' title='bbox 1720 1693 1877 1758; x_wconf 80' lang='lat' dir='ltr'><strong>ecclesiae.</strong></span> 
     </span>
    </p>
   </div>
   <div class='ocr_carea' id='block_1_8' title="bbox 1208 1829 2150 1904">
    <p class='ocr_par' dir='ltr' id='par_1_15' title="bbox 1208 1829 2150 1904">
     <span class='ocr_line' id='line_1_70' title="bbox 1208 1829 2150 1904; baseline -0.004 -10"><span class='ocrx_word' id='word_1_361' title='bbox 1208 1848 1230 1894; x_wconf 84' lang='lat'><strong>1.</strong></span> <span class='ocrx_word' id='word_1_362' title='bbox 1255 1829 1437 1894; x_wconf 88' lang='lat' dir='ltr'><strong>Praeleotus</strong></span> <span class='ocrx_word' id='word_1_363' title='bbox 1466 1830 1619 1894; x_wconf 89' lang='lat' dir='ltr'><strong>ecclesiae</strong></span> <span class='ocrx_word' id='word_1_364' title='bbox 1641 1830 1679 1892; x_wconf 89' lang='lat' dir='ltr'><strong>ab</strong></span> <span class='ocrx_word' id='word_1_365' title='bbox 1705 1829 1817 1894; x_wconf 90' lang='lat' dir='ltr'><strong>abbate</strong></span> <span class='ocrx_word' id='word_1_366' title='bbox 1848 1847 1921 1892; x_wconf 90' lang='lat' dir='ltr'><strong>con·</strong></span> <span class='ocrx_word' id='word_1_367' title='bbox 1941 1846 2150 1904; x_wconf 78' lang='lat' dir='ltr'><strong>ipsiusomuum.</strong></span> 
     </span>
    </p>
   </div>
   <div class='ocr_carea' id='block_1_9' title="bbox 1167 1923 1932 4168">
    <p class='ocr_par' dir='ltr' id='par_1_16' title="bbox 1168 1923 1922 2191">
     <span class='ocr_line' id='line_1_71' title="bbox 1168 1923 1922 2005; baseline 0 -20"><span class='ocrx_word' id='word_1_368' title='bbox 1168 1923 1324 1998; x_wconf 84' lang='lat' dir='ltr'><strong>stituitur,</strong></span> <span class='ocrx_word' id='word_1_369' title='bbox 1349 1925 1440 1988; x_wconf 88' lang='lat' dir='ltr'><strong>ouius</strong></span> <span class='ocrx_word' id='word_1_370' title='bbox 1464 1924 1602 1988; x_wconf 85' lang='lat' dir='ltr'><strong>cilicium</strong></span> <span class='ocrx_word' id='word_1_371' title='bbox 1623 1929 1672 1986; x_wconf 92' lang='lat' dir='ltr'><strong>est</strong></span> <span class='ocrx_word' id='word_1_372' title='bbox 1694 1939 1747 1986; x_wconf 91' lang='lat' dir='ltr'><strong>res</strong></span> <span class='ocrx_word' id='word_1_373' title='bbox 1770 1924 1922 2005; x_wconf 83' lang='lat' dir='ltr'><strong>ecclesiae</strong></span> 
     </span>
     <span class='ocr_line' id='line_1_72' title="bbox 1169 2017 1922 2090; baseline -0.001 -9"><span class='ocrx_word' id='word_1_374' title='bbox 1169 2025 1202 2081; x_wconf 90' lang='lat' dir='ltr'><strong>et</strong></span> <span class='ocrx_word' id='word_1_375' title='bbox 1222 2018 1313 2080; x_wconf 90' lang='lat' dir='ltr'><strong>cbori</strong></span> <span class='ocrx_word' id='word_1_376' title='bbox 1329 2018 1492 2082; x_wconf 91' lang='lat' dir='ltr'><strong>custodire</strong></span> <span class='ocrx_word' id='word_1_377' title='bbox 1508 2024 1540 2080; x_wconf 92' lang='lat' dir='ltr'><strong>et</strong></span> <span class='ocrx_word' id='word_1_378' title='bbox 1554 2033 1679 2090; x_wconf 88' lang='lat' dir='ltr'><strong>curare,</strong></span> <span class='ocrx_word' id='word_1_379' title='bbox 1697 2024 1734 2080; x_wconf 93' lang='lat' dir='ltr'><strong>ut</strong></span> <span class='ocrx_word' id='word_1_380' title='bbox 1753 2018 1860 2082; x_wconf 90' lang='lat' dir='ltr'><strong>divina</strong></span> <span class='ocrx_word' id='word_1_381' title='bbox 1877 2017 1922 2081; x_wconf 87' lang='lat' dir='ltr'><strong>oi-</strong></span> 
     </span>
     <span class='ocr_line' id='line_1_73' title="bbox 1169 2111 1920 2191; baseline 0 -17"><span class='ocrx_word' id='word_1_382' title='bbox 1169 2112 1237 2176; x_wconf 88' lang='lat' dir='ltr'><strong>ticia</strong></span> <span class='ocrx_word' id='word_1_383' title='bbox 1259 2129 1318 2175; x_wconf 89' lang='lat' dir='ltr'><strong>suo</strong></span> <span class='ocrx_word' id='word_1_384' title='bbox 1330 2117 1478 2191; x_wconf 91' lang='lat' dir='ltr'><strong>tempore</strong></span> <span class='ocrx_word' id='word_1_385' title='bbox 1491 2112 1643 2176; x_wconf 87' lang='lat' dir='ltr'><strong>decenter</strong></span> <span class='ocrx_word' id='word_1_386' title='bbox 1660 2127 1693 2174; x_wconf 90' lang='lat' dir='ltr'><strong>ac</strong></span> <span class='ocrx_word' id='word_1_387' title='bbox 1709 2111 1816 2174; x_wconf 87' lang='lat' dir='ltr'><strong>debite</strong></span> <span class='ocrx_word' id='word_1_388' title='bbox 1832 2112 1920 2174; x_wconf 88' lang='lat' dir='ltr'><strong>liant.</strong></span> 
     </span>
    </p>

    <p class='ocr_par' dir='ltr' id='par_1_17' title="bbox 1168 2205 1923 3226">
     <span class='ocr_line' id='line_1_74' title="bbox 1209 2205 1922 2285; baseline 0 -17"><span class='ocrx_word' id='word_1_389' title='bbox 1209 2223 1244 2268; x_wconf 93' lang='lat'><strong>11.</strong></span> <span class='ocrx_word' id='word_1_390' title='bbox 1267 2206 1303 2270; x_wconf 91' lang='lat' dir='ltr'><strong>ln</strong></span> <span class='ocrx_word' id='word_1_391' title='bbox 1325 2205 1437 2285; x_wconf 92' lang='lat' dir='ltr'><strong>primis</strong></span> <span class='ocrx_word' id='word_1_392' title='bbox 1465 2205 1596 2268; x_wconf 88' lang='lat' dir='ltr'><strong>babebit</strong></span> <span class='ocrx_word' id='word_1_393' title='bbox 1625 2205 1845 2268; x_wconf 87' lang='lat' dir='ltr'><strong>inventarium</strong></span> <span class='ocrx_word' id='word_1_394' title='bbox 1872 2221 1922 2268; x_wconf 91' lang='lat' dir='ltr'><strong>re-</strong></span> 
     </span>
     <span class='ocr_line' id='line_1_75' title="bbox 1168 2299 1923 2378; baseline -0.001 -16"><span class='ocrx_word' id='word_1_395' title='bbox 1168 2317 1242 2362; x_wconf 92' lang='lat' dir='ltr'><strong>rum</strong></span> <span class='ocrx_word' id='word_1_396' title='bbox 1256 2299 1402 2362; x_wconf 89' lang='lat' dir='ltr'><strong>omnium</strong></span> <span class='ocrx_word' id='word_1_397' title='bbox 1417 2299 1455 2362; x_wconf 93' lang='lat' dir='ltr'><strong>ad</strong></span> <span class='ocrx_word' id='word_1_398' title='bbox 1471 2299 1638 2362; x_wconf 91' lang='lat' dir='ltr'><strong>ecclesiam</strong></span> <span class='ocrx_word' id='word_1_399' title='bbox 1652 2307 1684 2362; x_wconf 91' lang='lat' dir='ltr'><strong>et</strong></span> <span class='ocrx_word' id='word_1_400' title='bbox 1699 2299 1836 2362; x_wconf 88' lang='lat' dir='ltr'><strong>chorum</strong></span> <span class='ocrx_word' id='word_1_401' title='bbox 1852 2315 1923 2378; x_wconf 92' lang='lat' dir='ltr'><strong>spe·</strong></span> 
     </span>
     <span class='ocr_line' id='line_1_76' title="bbox 1168 2392 1922 2471; baseline -0.003 -14"><span class='ocrx_word' id='word_1_402' title='bbox 1168 2395 1335 2466; x_wconf 89' lang='lat' dir='ltr'><strong>etantium,</strong></span> <span class='ocrx_word' id='word_1_403' title='bbox 1354 2399 1418 2455; x_wconf 93' lang='lat' dir='ltr'><strong>tam</strong></span> <span class='ocrx_word' id='word_1_404' title='bbox 1440 2392 1579 2456; x_wconf 89' lang='lat' dir='ltr'><strong>inlibris</strong></span> <span class='ocrx_word' id='word_1_405' title='bbox 1596 2408 1692 2471; x_wconf 89' lang='lat' dir='ltr'><strong>quam</strong></span> <span class='ocrx_word' id='word_1_406' title='bbox 1709 2393 1742 2454; x_wconf 92' lang='lat' dir='ltr'><strong>in</strong></span> <span class='ocrx_word' id='word_1_407' title='bbox 1758 2393 1854 2454; x_wconf 91' lang='lat' dir='ltr'><strong>sacris</strong></span> <span class='ocrx_word' id='word_1_408' title='bbox 1867 2407 1922 2455; x_wconf 92' lang='lat' dir='ltr'><strong>ve-</strong></span> 
     </span>
     <span class='ocr_line' id='line_1_77' title="bbox 1168 2487 1922 2564; baseline -0.001 -14"><span class='ocrx_word' id='word_1_409' title='bbox 1168 2489 1271 2552; x_wconf 88' lang='lat' dir='ltr'><strong>stibus</strong></span> <span class='ocrx_word' id='word_1_410' title='bbox 1294 2495 1326 2550; x_wconf 90' lang='lat' dir='ltr'><strong>et</strong></span> <span class='ocrx_word' id='word_1_411' title='bbox 1347 2488 1442 2560; x_wconf 89' lang='lat' dir='ltr'><strong>vasis,</strong></span> <span class='ocrx_word' id='word_1_412' title='bbox 1463 2487 1618 2564; x_wconf 84' lang='lat' dir='ltr'><strong>aliisque;</strong></span> <span class='ocrx_word' id='word_1_413' title='bbox 1641 2487 1733 2548; x_wconf 90' lang='lat' dir='ltr'><strong>cuius</strong></span> <span class='ocrx_word' id='word_1_414' title='bbox 1749 2487 1922 2550; x_wconf 89' lang='lat' dir='ltr'><strong>inventarii</strong></span> 
     </span>
     <span class='ocr_line' id='line_1_78' title="bbox 1169 2581 1920 2661; baseline -0.003 -15"><span class='ocrx_word' id='word_1_415' title='bbox 1169 2583 1232 2646; x_wconf 93' lang='lat' dir='ltr'><strong>duo</strong></span> <span class='ocrx_word' id='word_1_416' title='bbox 1245 2583 1392 2661; x_wconf 81' lang='lat' dir='ltr'><strong>exempla</strong></span> <span class='ocrx_word' id='word_1_417' title='bbox 1408 2588 1515 2655; x_wconf 90' lang='lat' dir='ltr'><strong>erunt,</strong></span> <span class='ocrx_word' id='word_1_418' title='bbox 1530 2581 1670 2644; x_wconf 89' lang='lat' dir='ltr'><strong>alterum</strong></span> <span class='ocrx_word' id='word_1_419' title='bbox 1686 2597 1785 2659; x_wconf 90' lang='lat' dir='ltr'><strong>penes</strong></span> <span class='ocrx_word' id='word_1_420' title='bbox 1801 2581 1920 2660; x_wconf 90' lang='lat' dir='ltr'><strong>ipsum,</strong></span> 
     </span>
     <span class='ocr_line' id='line_1_79' title="bbox 1168 2675 1922 2754; baseline -0.003 -14"><span class='ocrx_word' id='word_1_421' title='bbox 1168 2678 1307 2740; x_wconf 90' lang='lat' dir='ltr'><strong>alterum</strong></span> <span class='ocrx_word' id='word_1_422' title='bbox 1328 2677 1362 2738; x_wconf 92' lang='lat' dir='ltr'><strong>in</strong></span> <span class='ocrx_word' id='word_1_423' title='bbox 1380 2676 1533 2750; x_wconf 79' lang='lat' dir='ltr'><strong>¹archivio</strong></span> <span class='ocrx_word' id='word_1_424' title='bbox 1563 2675 1771 2748; x_wconf 89' lang='lat' dir='ltr'><strong>monasterii,</strong></span> <span class='ocrx_word' id='word_1_425' title='bbox 1794 2675 1828 2738; x_wconf 90' lang='lat' dir='ltr'><strong>in</strong></span> <span class='ocrx_word' id='word_1_426' title='bbox 1857 2691 1922 2754; x_wconf 90' lang='lat' dir='ltr'><strong>quo</strong></span> 
     </span>
     <span class='ocr_line' id='line_1_80' title="bbox 1168 2770 1922 2850; baseline -0.003 -16"><span class='ocrx_word' id='word_1_427' title='bbox 1168 2773 1345 2850; x_wconf 90' lang='lat' dir='ltr'><strong>scripturae</strong></span> <span class='ocrx_word' id='word_1_428' title='bbox 1363 2777 1395 2832; x_wconf 88' lang='lat' dir='ltr'><strong>et</strong></span> <span class='ocrx_word' id='word_1_429' title='bbox 1408 2771 1626 2833; x_wconf 88' lang='lat' dir='ltr'><strong>instrumenta</strong></span> <span class='ocrx_word' id='word_1_430' title='bbox 1645 2775 1863 2832; x_wconf 84' lang='lat' dir='ltr'><strong>asservantur.</strong></span> <span class='ocrx_word' id='word_1_431' title='bbox 1882 2770 1922 2832; x_wconf 88' lang='lat' dir='ltr'><strong>Et</strong></span> 
     </span>
     <span class='ocr_line' id='line_1_81' title="bbox 1169 2863 1921 2945; baseline -0.004 -17"><span class='ocrx_word' id='word_1_432' title='bbox 1169 2866 1295 2945; x_wconf 88' lang='lat' dir='ltr'><strong>quando</strong></span> <span class='ocrx_word' id='word_1_433' title='bbox 1318 2881 1422 2928; x_wconf 92' lang='lat' dir='ltr'><strong>novus</strong></span> <span class='ocrx_word' id='word_1_434' title='bbox 1445 2865 1597 2930; x_wconf 89' lang='lat' dir='ltr'><strong>ecclesiae</strong></span> <span class='ocrx_word' id='word_1_435' title='bbox 1630 2864 1809 2943; x_wconf 82' lang='lat' dir='ltr'><strong>praelectus</strong></span> <span class='ocrx_word' id='word_1_436' title='bbox 1832 2863 1921 2926; x_wconf 92' lang='lat' dir='ltr'><strong>insti-</strong></span> 
     </span>
     <span class='ocr_line' id='line_1_82' title="bbox 1168 2957 1919 3032; baseline -0.003 -10"><span class='ocrx_word' id='word_1_437' title='bbox 1168 2961 1282 3032; x_wconf 89' lang='lat' dir='ltr'><strong>tuitur,</strong></span> <span class='ocrx_word' id='word_1_438' title='bbox 1306 2973 1414 3021; x_wconf 89' lang='lat' dir='ltr'><strong>coram</strong></span> <span class='ocrx_word' id='word_1_439' title='bbox 1436 2958 1548 3020; x_wconf 87' lang='lat' dir='ltr'><strong>abbate</strong></span> <span class='ocrx_word' id='word_1_440' title='bbox 1571 2964 1603 3020; x_wconf 91' lang='lat' dir='ltr'><strong>et</strong></span> <span class='ocrx_word' id='word_1_441' title='bbox 1625 2973 1803 3020; x_wconf 89' lang='lat' dir='ltr'><strong>oeconomo</strong></span> <span class='ocrx_word' id='word_1_442' title='bbox 1824 2957 1919 3020; x_wconf 90' lang='lat' dir='ltr'><strong>ratio-</strong></span> 
     </span>
     <span class='ocr_line' id='line_1_83' title="bbox 1168 3051 1920 3117; baseline -0.004 0"><span class='ocrx_word' id='word_1_443' title='bbox 1168 3069 1245 3117; x_wconf 89' lang='lat' dir='ltr'><strong>nem</strong></span> <span class='ocrx_word' id='word_1_444' title='bbox 1266 3068 1379 3114; x_wconf 88' lang='lat' dir='ltr'><strong>rerum</strong></span> <span class='ocrx_word' id='word_1_445' title='bbox 1408 3052 1554 3114; x_wconf 91' lang='lat' dir='ltr'><strong>omnium</strong></span> <span class='ocrx_word' id='word_1_446' title='bbox 1584 3051 1672 3114; x_wconf 79' lang='lat' dir='ltr'><strong>iuxta</strong></span> <span class='ocrx_word' id='word_1_447' title='bbox 1701 3051 1920 3114; x_wconf 90' lang='lat' dir='ltr'><strong>inventarium</strong></span> 
     </span>
     <span class='ocr_line' id='line_1_84' title="bbox 1168 3146 1597 3226; baseline -0.012 -16"><span class='ocrx_word' id='word_1_448' title='bbox 1168 3147 1279 3224; x_wconf 79' lang='lat' dir='ltr'><strong>exiget</strong></span> <span class='ocrx_word' id='word_1_449' title='bbox 1299 3165 1316 3209; x_wconf 92' lang='lat' dir='ltr'><strong>a</strong></span> <span class='ocrx_word' id='word_1_450' title='bbox 1338 3146 1597 3226; x_wconf 87' lang='lat' dir='ltr'><strong>praedecessore.</strong></span> 
     </span>
    </p>

    <p class='ocr_par' dir='ltr' id='par_1_18' title="bbox 1168 3238 1921 3507">
     <span class='ocr_line' id='line_1_85' title="bbox 1208 3238 1920 3320; baseline 0 -18"><span class='ocrx_word' id='word_1_451' title='bbox 1208 3258 1256 3304; x_wconf 89' lang='lat' dir='ltr'><strong>nr.</strong></span> <span class='ocrx_word' id='word_1_452' title='bbox 1281 3240 1415 3303; x_wconf 90' lang='lat' dir='ltr'><strong>Librum</strong></span> <span class='ocrx_word' id='word_1_453' title='bbox 1431 3241 1526 3303; x_wconf 90' lang='lat' dir='ltr'><strong>etiam</strong></span> <span class='ocrx_word' id='word_1_454' title='bbox 1541 3239 1656 3302; x_wconf 83' lang='lat' dir='ltr'><strong>lrabeat</strong></span> <span class='ocrx_word' id='word_1_455' title='bbox 1674 3238 1738 3302; x_wconf 91' lang='lat' dir='ltr'><strong>dati</strong></span> <span class='ocrx_word' id='word_1_456' title='bbox 1754 3245 1786 3302; x_wconf 87' lang='lat' dir='ltr'><strong>et</strong></span> <span class='ocrx_word' id='word_1_457' title='bbox 1800 3239 1920 3320; x_wconf 90' lang='lat' dir='ltr'><strong>accepti</strong></span> 
     </span>
     <span class='ocr_line' id='line_1_86' title="bbox 1168 3333 1921 3415; baseline -0.001 -18"><span class='ocrx_word' id='word_1_458' title='bbox 1168 3352 1227 3415; x_wconf 91' lang='lat' dir='ltr'><strong>pro</strong></span> <span class='ocrx_word' id='word_1_459' title='bbox 1244 3335 1396 3400; x_wconf 88' lang='lat' dir='ltr'><strong>ecelesiae</strong></span> <span class='ocrx_word' id='word_1_460' title='bbox 1413 3335 1573 3414; x_wconf 77' lang='lat' dir='ltr'><strong>expensis,</strong></span> <span class='ocrx_word' id='word_1_461' title='bbox 1590 3341 1627 3394; x_wconf 92' lang='lat' dir='ltr'><strong>ut</strong></span> <span class='ocrx_word' id='word_1_462' title='bbox 1641 3333 1800 3398; x_wconf 91' lang='lat' dir='ltr'><strong>rationem</strong></span> <span class='ocrx_word' id='word_1_463' title='bbox 1817 3333 1921 3397; x_wconf 91' lang='lat' dir='ltr'><strong>abbati</strong></span> 
     </span>
     <span class='ocr_line' id='line_1_87' title="bbox 1168 3428 1795 3507; baseline -0.003 -15"><span class='ocrx_word' id='word_1_464' title='bbox 1168 3445 1366 3507; x_wconf 86' lang='lat' dir='ltr'><strong>unoquoque</strong></span> <span class='ocrx_word' id='word_1_465' title='bbox 1389 3443 1501 3491; x_wconf 90' lang='lat' dir='ltr'><strong>mense</strong></span> <span class='ocrx_word' id='word_1_466' title='bbox 1522 3428 1661 3490; x_wconf 91' lang='lat' dir='ltr'><strong>reddere</strong></span> <span class='ocrx_word' id='word_1_467' title='bbox 1684 3428 1795 3507; x_wconf 90' lang='lat' dir='ltr'><strong>possit.</strong></span> 
     </span>
    </p>

    <p class='ocr_par' dir='ltr' id='par_1_19' title="bbox 1167 3521 1932 4168">
     <span class='ocr_line' id='line_1_88' title="bbox 1208 3521 1920 3602; baseline 0.004 -18"><span class='ocrx_word' id='word_1_468' title='bbox 1208 3540 1250 3584; x_wconf 89' lang='lat' dir='ltr'><strong>rv.</strong></span> <span class='ocrx_word' id='word_1_469' title='bbox 1274 3521 1504 3602; x_wconf 82' lang='lat' dir='ltr'><strong>Eleemosynas</strong></span> <span class='ocrx_word' id='word_1_470' title='bbox 1527 3538 1734 3600; x_wconf 84' lang='lat' dir='ltr'><strong>quocumque</strong></span> <span class='ocrx_word' id='word_1_471' title='bbox 1747 3523 1843 3586; x_wconf 88' lang='lat' dir='ltr'><strong>modo</strong></span> <span class='ocrx_word' id='word_1_472' title='bbox 1866 3523 1920 3587; x_wconf 91' lang='lat' dir='ltr'><strong>ob·</strong></span> 
     </span>
     <span class='ocr_line' id='line_1_89' title="bbox 1167 3615 1920 3694; baseline 0.005 -18"><span class='ocrx_word' id='word_1_473' title='bbox 1167 3615 1348 3689; x_wconf 85' lang='lat' dir='ltr'><strong>venientes,</strong></span> <span class='ocrx_word' id='word_1_474' title='bbox 1367 3623 1399 3678; x_wconf 91' lang='lat' dir='ltr'><strong>et</strong></span> <span class='ocrx_word' id='word_1_475' title='bbox 1419 3615 1570 3693; x_wconf 87' lang='lat' dir='ltr'><strong>pecunias</strong></span> <span class='ocrx_word' id='word_1_476' title='bbox 1593 3631 1652 3694; x_wconf 90' lang='lat' dir='ltr'><strong>pro</strong></span> <span class='ocrx_word' id='word_1_477' title='bbox 1674 3617 1920 3680; x_wconf 89' lang='lat' dir='ltr'><strong>manutentione</strong></span> 
     </span>
     <span class='ocr_line' id='line_1_90' title="bbox 1169 3709 1919 3790; baseline 0.001 -18"><span class='ocrx_word' id='word_1_478' title='bbox 1169 3711 1321 3774; x_wconf 87' lang='lat' dir='ltr'><strong>ecclesiae</strong></span> <span class='ocrx_word' id='word_1_479' title='bbox 1342 3709 1502 3783; x_wconf 81' lang='lat' dir='ltr'><strong>collectae,</strong></span> <span class='ocrx_word' id='word_1_480' title='bbox 1526 3711 1609 3790; x_wconf 90' lang='lat' dir='ltr'><strong>apud</strong></span> <span class='ocrx_word' id='word_1_481' title='bbox 1629 3725 1848 3773; x_wconf 89' lang='lat' dir='ltr'><strong>oeconomum·</strong></span> <span class='ocrx_word' id='word_1_482' title='bbox 1866 3712 1919 3774; x_wconf 88' lang='lat' dir='ltr'><strong>do-</strong></span> 
     </span>
     <span class='ocr_line' id='line_1_91' title="bbox 1168 3804 1920 3884; baseline -0.003 -16"><span class='ocrx_word' id='word_1_483' title='bbox 1168 3811 1274 3884; x_wconf 91' lang='lat' dir='ltr'><strong>ponat,</strong></span> <span class='ocrx_word' id='word_1_484' title='bbox 1298 3813 1335 3868; x_wconf 93' lang='lat' dir='ltr'><strong>ut</strong></span> <span class='ocrx_word' id='word_1_485' title='bbox 1355 3805 1389 3868; x_wconf 91' lang='lat' dir='ltr'><strong>in</strong></span> <span class='ocrx_word' id='word_1_486' title='bbox 1411 3805 1481 3868; x_wconf 80' lang='lat' dir='ltr'><strong>arci</strong></span> <span class='ocrx_word' id='word_1_487' title='bbox 1502 3810 1722 3884; x_wconf 87' lang='lat' dir='ltr'><strong>reponantur,</strong></span> <span class='ocrx_word' id='word_1_488' title='bbox 1746 3804 1837 3868; x_wconf 89' lang='lat' dir='ltr'><strong>cuius</strong></span> <span class='ocrx_word' id='word_1_489' title='bbox 1859 3805 1920 3868; x_wconf 90' lang='lat' dir='ltr'><strong>cla-</strong></span> 
     </span>
     <span class='ocr_line' id='line_1_92' title="bbox 1167 3898 1932 3983; baseline 0.005 -23"><span class='ocrx_word' id='word_1_490' title='bbox 1167 3915 1242 3963; x_wconf 90' lang='lat' dir='ltr'><strong>vem</strong></span> <span class='ocrx_word' id='word_1_491' title='bbox 1264 3915 1361 3962; x_wconf 90' lang='lat' dir='ltr'><strong>unam</strong></span> <span class='ocrx_word' id='word_1_492' title='bbox 1374 3899 1488 3962; x_wconf 87' lang='lat' dir='ltr'><strong>habeat</strong></span> <span class='ocrx_word' id='word_1_493' title='bbox 1510 3898 1616 3972; x_wconf 86' lang='lat' dir='ltr'><strong>abbas,</strong></span> <span class='ocrx_word' id='word_1_494' title='bbox 1632 3898 1767 3962; x_wconf 90' lang='lat' dir='ltr'><strong>alteram</strong></span> <span class='ocrx_word' id='word_1_495' title='bbox 1782 3900 1852 3978; x_wconf 89' lang='lat' dir='ltr'><strong>ipse</strong></span> <span class='ocrx_word' id='word_1_496' title='bbox 1868 3916 1932 3983; x_wconf 50' lang='lat' dir='ltr'><strong>oes</strong></span> 
     </span>
     <span class='ocr_line' id='line_1_93' title="bbox 1167 3991 1918 4072; baseline 0 -16"><span class='ocrx_word' id='word_1_497' title='bbox 1167 4009 1334 4057; x_wconf 92' lang='lat' dir='ltr'><strong>conomus.</strong></span> <span class='ocrx_word' id='word_1_498' title='bbox 1358 3991 1443 4066; x_wconf 81' lang='lat' dir='ltr'><strong>Quae</strong></span> <span class='ocrx_word' id='word_1_499' title='bbox 1458 4008 1539 4056; x_wconf 88' lang='lat' dir='ltr'><strong>vero</strong></span> <span class='ocrx_word' id='word_1_500' title='bbox 1552 4009 1609 4072; x_wconf 94' lang='lat' dir='ltr'><strong>pro</strong></span> <span class='ocrx_word' id='word_1_501' title='bbox 1632 3993 1738 4055; x_wconf 90' lang='lat' dir='ltr'><strong>missis</strong></span> <span class='ocrx_word' id='word_1_502' title='bbox 1754 3993 1918 4057; x_wconf 91' lang='lat' dir='ltr'><strong>celebran-</strong></span> 
     </span>
     <span class='ocr_line' id='line_1_94' title="bbox 1168 4085 1919 4168; baseline 0 -18"><span class='ocrx_word' id='word_1_503' title='bbox 1168 4087 1214 4150; x_wconf 93' lang='lat' dir='ltr'><strong>dis</strong></span> <span class='ocrx_word' id='word_1_504' title='bbox 1230 4087 1352 4150; x_wconf 90' lang='lat' dir='ltr'><strong>oblatae</strong></span> <span class='ocrx_word' id='word_1_505' title='bbox 1367 4085 1499 4160; x_wconf 86' lang='lat' dir='ltr'><strong>luerint,</strong></span> <span class='ocrx_word' id='word_1_506' title='bbox 1518 4085 1692 4168; x_wconf 82' lang='lat' dir='ltr'><strong>diligenter</strong></span> <span class='ocrx_word' id='word_1_507' title='bbox 1712 4087 1871 4152; x_wconf 91' lang='lat' dir='ltr'><strong>describat</strong></span> <span class='ocrx_word' id='word_1_508' title='bbox 1886 4087 1919 4150; x_wconf 94' lang='lat' dir='ltr'><strong>in</strong></span> 
     </span>
    </p>
   </div>
   <div class='ocr_carea' id='block_1_10' title="bbox 1167 4175 2011 4254">
    <p class='ocr_par' dir='ltr' id='par_1_20' title="bbox 1167 4175 2011 4254">
     <span class='ocr_line' id='line_1_95' title="bbox 1167 4175 2011 4254; baseline 0.001 -10"><span class='ocrx_word' id='word_1_509' title='bbox 1167 4181 1283 4244; x_wconf 80' lang='lat' dir='ltr'><strong>tabella</strong></span> <span class='ocrx_word' id='word_1_510' title='bbox 1305 4180 1477 4254; x_wconf 86' lang='lat' dir='ltr'><strong>sacristiae,</strong></span> <span class='ocrx_word' id='word_1_511' title='bbox 1501 4187 1538 4243; x_wconf 93' lang='lat' dir='ltr'><strong>ut</strong></span> <span class='ocrx_word' id='word_1_512' title='bbox 1558 4181 1674 4246; x_wconf 90' lang='lat' dir='ltr'><strong>missae</strong></span> <span class='ocrx_word' id='word_1_513' title='bbox 1704 4181 1850 4244; x_wconf 92' lang='lat' dir='ltr'><strong>dicantur</strong></span> <span class='ocrx_word' id='word_1_514' title='bbox 1871 4199 1919 4245; x_wconf 89' lang='lat' dir='ltr'><strong>se·</strong></span> <span class='ocrx_word' id='word_1_515' title='bbox 2007 4175 2011 4184; x_wconf 79' lang='grc'><em>“</em></span> 
     </span>
    </p>
   </div>
   <div class='ocr_carea' id='block_1_11' title="bbox 1166 4275 1933 6032">
    <p class='ocr_par' dir='ltr' id='par_1_21' title="bbox 1167 4275 1920 4526">
     <span class='ocr_line' id='line_1_96' title="bbox 1167 4275 1920 4354; baseline 0.001 -15"><span class='ocrx_word' id='word_1_516' title='bbox 1167 4277 1309 4340; x_wconf 91' lang='lat' dir='ltr'><strong>cundum</strong></span> <span class='ocrx_word' id='word_1_517' title='bbox 1341 4275 1558 4338; x_wconf 89' lang='lat' dir='ltr'><strong>intentionem</strong></span> <span class='ocrx_word' id='word_1_518' title='bbox 1590 4276 1853 4354; x_wconf 82' lang='lat' dir='ltr'><strong>benefactorum3</strong></span> <span class='ocrx_word' id='word_1_519' title='bbox 1887 4283 1920 4340; x_wconf 92' lang='lat' dir='ltr'><strong>et</strong></span> 
     </span>
     <span class='ocr_line' id='line_1_97' title="bbox 1167 4367 1918 4448; baseline -0.001 -15"><span class='ocrx_word' id='word_1_520' title='bbox 1167 4375 1298 4434; x_wconf 88' lang='lat' dir='ltr'><strong>notetur</strong></span> <span class='ocrx_word' id='word_1_521' title='bbox 1319 4367 1353 4432; x_wconf 94' lang='lat' dir='ltr'><strong>in</strong></span> <span class='ocrx_word' id='word_1_522' title='bbox 1375 4369 1469 4442; x_wconf 92' lang='lat' dir='ltr'><strong>libro,</strong></span> <span class='ocrx_word' id='word_1_523' title='bbox 1488 4384 1551 4446; x_wconf 86' lang='lat' dir='ltr'><strong>quo</strong></span> <span class='ocrx_word' id='word_1_524' title='bbox 1572 4369 1623 4432; x_wconf 91' lang='lat' dir='ltr'><strong>die</strong></span> <span class='ocrx_word' id='word_1_525' title='bbox 1645 4377 1678 4432; x_wconf 90' lang='lat' dir='ltr'><strong>et</strong></span> <span class='ocrx_word' id='word_1_526' title='bbox 1698 4386 1794 4448; x_wconf 88' lang='lat' dir='ltr'><strong>aquo</strong></span> <span class='ocrx_word' id='word_1_527' title='bbox 1816 4387 1918 4434; x_wconf 89' lang='lat' dir='ltr'><strong>sacer-</strong></span> 
     </span>
     <span class='ocr_line' id='line_1_98' title="bbox 1167 4463 1915 4526; baseline 0.003 -1"><span class='ocrx_word' id='word_1_528' title='bbox 1167 4464 1241 4526; x_wconf 91' lang='lat' dir='ltr'><strong>dote</strong></span> <span class='ocrx_word' id='word_1_529' title='bbox 1264 4463 1452 4525; x_wconf 89' lang='lat' dir='ltr'><strong>earumdem</strong></span> <span class='ocrx_word' id='word_1_530' title='bbox 1475 4463 1566 4525; x_wconf 89' lang='lat' dir='ltr'><strong>oneri</strong></span> <span class='ocrx_word' id='word_1_531' title='bbox 1589 4463 1688 4526; x_wconf 86' lang='lat' dir='ltr'><strong>luerit</strong></span> <span class='ocrx_word' id='word_1_532' title='bbox 1709 4464 1915 4526; x_wconf 76' lang='lat' dir='ltr'><strong>satisfactum.</strong></span> 
     </span>
    </p>

    <p class='ocr_par' dir='ltr' id='par_1_22' title="bbox 1166 4555 1933 6032">
     <span class='ocr_line' id='line_1_99' title="bbox 1207 4555 1917 4634; baseline 0.006 -18"><span class='ocrx_word' id='word_1_533' title='bbox 1207 4575 1236 4618; x_wconf 90' lang='lat' dir='ltr'><strong>v.</strong></span> <span class='ocrx_word' id='word_1_534' title='bbox 1263 4555 1402 4634; x_wconf 83' lang='lat' dir='ltr'><strong>Satagat,</strong></span> <span class='ocrx_word' id='word_1_535' title='bbox 1432 4563 1469 4618; x_wconf 92' lang='lat' dir='ltr'><strong>ut</strong></span> <span class='ocrx_word' id='word_1_536' title='bbox 1500 4557 1678 4619; x_wconf 88' lang='lat' dir='ltr'><strong>necessaria</strong></span> <span class='ocrx_word' id='word_1_537' title='bbox 1707 4557 1744 4619; x_wconf 93' lang='lat' dir='ltr'><strong>ad</strong></span> <span class='ocrx_word' id='word_1_538' title='bbox 1771 4558 1917 4621; x_wconf 91' lang='lat' dir='ltr'><strong>divinum</strong></span> 
     </span>
     <span class='ocr_line' id='line_1_100' title="bbox 1166 4650 1918 4722; baseline 0.003 -10"><span class='ocrx_word' id='word_1_539' title='bbox 1166 4650 1291 4712; x_wconf 89' lang='lat' dir='ltr'><strong>cultum</strong></span> <span class='ocrx_word' id='word_1_540' title='bbox 1313 4665 1377 4712; x_wconf 93' lang='lat' dir='ltr'><strong>non</strong></span> <span class='ocrx_word' id='word_1_541' title='bbox 1401 4651 1517 4722; x_wconf 88' lang='lat' dir='ltr'><strong>desint,</strong></span> <span class='ocrx_word' id='word_1_542' title='bbox 1538 4656 1574 4712; x_wconf 94' lang='lat' dir='ltr'><strong>ut</strong></span> <span class='ocrx_word' id='word_1_543' title='bbox 1595 4650 1704 4714; x_wconf 89' lang='lat' dir='ltr'><strong>altaria</strong></span> <span class='ocrx_word' id='word_1_544' title='bbox 1719 4651 1784 4713; x_wconf 91' lang='lat' dir='ltr'><strong>sint</strong></span> <span class='ocrx_word' id='word_1_545' title='bbox 1798 4653 1918 4714; x_wconf 89' lang='lat' dir='ltr'><strong>munda</strong></span> 
     </span>
     <span class='ocr_line' id='line_1_101' title="bbox 1167 4744 1914 4824; baseline 0 -18"><span class='ocrx_word' id='word_1_546' title='bbox 1167 4751 1199 4806; x_wconf 91' lang='lat' dir='ltr'><strong>et</strong></span> <span class='ocrx_word' id='word_1_547' title='bbox 1220 4744 1303 4808; x_wconf 90' lang='lat' dir='ltr'><strong>bene</strong></span> <span class='ocrx_word' id='word_1_548' title='bbox 1326 4751 1524 4824; x_wconf 86' lang='lat' dir='ltr'><strong>praeparata,</strong></span> <span class='ocrx_word' id='word_1_549' title='bbox 1548 4750 1644 4822; x_wconf 89' lang='lat' dir='ltr'><strong>atque</strong></span> <span class='ocrx_word' id='word_1_550' title='bbox 1665 4752 1702 4806; x_wconf 91' lang='lat' dir='ltr'><strong>ut</strong></span> <span class='ocrx_word' id='word_1_551' title='bbox 1722 4759 1796 4807; x_wconf 86' lang='lat' dir='ltr'><strong>vasa</strong></span> <span class='ocrx_word' id='word_1_552' title='bbox 1817 4761 1914 4818; x_wconf 88' lang='lat' dir='ltr'><strong>sacra,</strong></span> 
     </span>
     <span class='ocr_line' id='line_1_102' title="bbox 1167 4836 1916 4910; baseline -0.005 -8"><span class='ocrx_word' id='word_1_553' title='bbox 1167 4845 1365 4910; x_wconf 90' lang='lat' dir='ltr'><strong>ornamenta,</strong></span> <span class='ocrx_word' id='word_1_554' title='bbox 1389 4836 1464 4899; x_wconf 93' lang='lat' dir='ltr'><strong>libri</strong></span> <span class='ocrx_word' id='word_1_555' title='bbox 1486 4843 1518 4898; x_wconf 91' lang='lat' dir='ltr'><strong>et</strong></span> <span class='ocrx_word' id='word_1_556' title='bbox 1540 4843 1646 4899; x_wconf 89' lang='lat' dir='ltr'><strong>cetera</strong></span> <span class='ocrx_word' id='word_1_557' title='bbox 1668 4837 1774 4900; x_wconf 91' lang='lat' dir='ltr'><strong>omnia</strong></span> <span class='ocrx_word' id='word_1_558' title='bbox 1795 4838 1829 4900; x_wconf 92' lang='lat' dir='ltr'><strong>in</strong></span> <span class='ocrx_word' id='word_1_559' title='bbox 1850 4837 1916 4900; x_wconf 88' lang='lat' dir='ltr'><strong>suis</strong></span> 
     </span>
     <span class='ocr_line' id='line_1_103' title="bbox 1166 4933 1914 5011; baseline -0.003 -15"><span class='ocrx_word' id='word_1_560' title='bbox 1166 4933 1243 4996; x_wconf 87' lang='lat' dir='ltr'><strong>locis</strong></span> <span class='ocrx_word' id='word_1_561' title='bbox 1275 4938 1347 5011; x_wconf 89' lang='lat' dir='ltr'><strong>apte</strong></span> <span class='ocrx_word' id='word_1_562' title='bbox 1379 4937 1578 5009; x_wconf 90' lang='lat' dir='ltr'><strong>reponantur</strong></span> <span class='ocrx_word' id='word_1_563' title='bbox 1611 4938 1643 4994; x_wconf 92' lang='lat' dir='ltr'><strong>et</strong></span> <span class='ocrx_word' id='word_1_564' title='bbox 1668 4938 1914 4994; x_wconf 90' lang='lat' dir='ltr'><strong>conserventur.</strong></span> 
     </span>
     <span class='ocr_line' id='line_1_104' title="bbox 1166 5025 1916 5104; baseline 0 -16"><span class='ocrx_word' id='word_1_565' title='bbox 1166 5027 1265 5089; x_wconf 91' lang='lat' dir='ltr'><strong>Panni</strong></span> <span class='ocrx_word' id='word_1_566' title='bbox 1287 5041 1400 5088; x_wconf 90' lang='lat' dir='ltr'><strong>omnes</strong></span> <span class='ocrx_word' id='word_1_567' title='bbox 1415 5025 1493 5088; x_wconf 93' lang='lat' dir='ltr'><strong>linei</strong></span> <span class='ocrx_word' id='word_1_568' title='bbox 1508 5041 1638 5104; x_wconf 90' lang='lat' dir='ltr'><strong>semper</strong></span> <span class='ocrx_word' id='word_1_569' title='bbox 1650 5025 1764 5088; x_wconf 91' lang='lat' dir='ltr'><strong>mundi</strong></span> <span class='ocrx_word' id='word_1_570' title='bbox 1785 5041 1916 5088; x_wconf 89' lang='lat' dir='ltr'><strong>serven-</strong></span> 
     </span>
     <span class='ocr_line' id='line_1_105' title="bbox 1168 5118 1916 5198; baseline 0 -16"><span class='ocrx_word' id='word_1_571' title='bbox 1168 5129 1219 5182; x_wconf 93' lang='lat' dir='ltr'><strong>tur</strong></span> <span class='ocrx_word' id='word_1_572' title='bbox 1241 5127 1274 5182; x_wconf 91' lang='lat' dir='ltr'><strong>et</strong></span> <span class='ocrx_word' id='word_1_573' title='bbox 1294 5119 1465 5198; x_wconf 88' lang='lat' dir='ltr'><strong>separatim</strong></span> <span class='ocrx_word' id='word_1_574' title='bbox 1488 5118 1664 5198; x_wconf 90' lang='lat' dir='ltr'><strong>corporalia</strong></span> <span class='ocrx_word' id='word_1_575' title='bbox 1683 5125 1715 5181; x_wconf 91' lang='lat' dir='ltr'><strong>et</strong></span> <span class='ocrx_word' id='word_1_576' title='bbox 1737 5119 1916 5198; x_wconf 84' lang='lat' dir='ltr'><strong>purificato-</strong></span> 
     </span>
     <span class='ocr_line' id='line_1_106' title="bbox 1166 5211 1915 5292; baseline -0.003 -18"><span class='ocrx_word' id='word_1_577' title='bbox 1166 5215 1212 5276; x_wconf 88' lang='lat' dir='ltr'><strong>ria</strong></span> <span class='ocrx_word' id='word_1_578' title='bbox 1234 5214 1393 5276; x_wconf 89' lang='lat' dir='ltr'><strong>laventur.</strong></span> <span class='ocrx_word' id='word_1_579' title='bbox 1412 5211 1513 5292; x_wconf 90' lang='lat' dir='ltr'><strong>Saepe</strong></span> <span class='ocrx_word' id='word_1_580' title='bbox 1529 5211 1624 5274; x_wconf 90' lang='lat' dir='ltr'><strong>etiam</strong></span> <span class='ocrx_word' id='word_1_581' title='bbox 1639 5228 1692 5274; x_wconf 86' lang='lat' dir='ltr'><strong>res</strong></span> <span class='ocrx_word' id='word_1_582' title='bbox 1708 5212 1915 5292; x_wconf 90' lang='lat' dir='ltr'><strong>pretiosiores</strong></span> 
     </span>
     <span class='ocr_line' id='line_1_107' title="bbox 1167 5307 1913 5382; baseline -0.001 -13"><span class='ocrx_word' id='word_1_583' title='bbox 1167 5309 1287 5382; x_wconf 88' lang='lat' dir='ltr'><strong>visitet,</strong></span> <span class='ocrx_word' id='word_1_584' title='bbox 1311 5325 1352 5371; x_wconf 88' lang='lat' dir='ltr'><strong>ne</strong></span> <span class='ocrx_word' id='word_1_585' title='bbox 1374 5314 1428 5370; x_wconf 91' lang='lat' dir='ltr'><strong>aut</strong></span> <span class='ocrx_word' id='word_1_586' title='bbox 1448 5307 1615 5370; x_wconf 90' lang='lat' dir='ltr'><strong>laedantur</strong></span> <span class='ocrx_word' id='word_1_587' title='bbox 1637 5315 1691 5369; x_wconf 90' lang='lat' dir='ltr'><strong>aut</strong></span> <span class='ocrx_word' id='word_1_588' title='bbox 1711 5307 1913 5370; x_wconf 90' lang='lat' dir='ltr'><strong>amittantur:</strong></span> 
     </span>
     <span class='ocr_line' id='line_1_108' title="bbox 1168 5401 1916 5482; baseline -0.003 -17"><span class='ocrx_word' id='word_1_589' title='bbox 1168 5403 1290 5482; x_wconf 89' lang='lat' dir='ltr'><strong>templi,</strong></span> <span class='ocrx_word' id='word_1_590' title='bbox 1316 5409 1593 5482; x_wconf 91' lang='lat' dir='ltr'><strong>paramentorum,</strong></span> <span class='ocrx_word' id='word_1_591' title='bbox 1618 5401 1776 5464; x_wconf 92' lang='lat' dir='ltr'><strong>librorum</strong></span> <span class='ocrx_word' id='word_1_592' title='bbox 1799 5401 1916 5463; x_wconf 89' lang='lat' dir='ltr'><strong>instau-</strong></span> 
     </span>
     <span class='ocr_line' id='line_1_109' title="bbox 1166 5495 1933 5574; baseline 0 -16"><span class='ocrx_word' id='word_1_593' title='bbox 1166 5497 1307 5560; x_wconf 91' lang='lat' dir='ltr'><strong>rationes</strong></span> <span class='ocrx_word' id='word_1_594' title='bbox 1323 5503 1425 5566; x_wconf 89' lang='lat' dir='ltr'><strong>curet,</strong></span> <span class='ocrx_word' id='word_1_595' title='bbox 1439 5495 1522 5558; x_wconf 91' lang='lat' dir='ltr'><strong>sicut</strong></span> <span class='ocrx_word' id='word_1_596' title='bbox 1533 5495 1571 5556; x_wconf 91' lang='lat' dir='ltr'><strong>ab</strong></span> <span class='ocrx_word' id='word_1_597' title='bbox 1587 5495 1698 5558; x_wconf 90' lang='lat' dir='ltr'><strong>abbate</strong></span> <span class='ocrx_word' id='word_1_598' title='bbox 1715 5495 1813 5558; x_wconf 88' lang='lat' dir='ltr'><strong>luerit</strong></span> <span class='ocrx_word' id='word_1_599' title='bbox 1827 5511 1933 5574; x_wconf 86' lang='lat' dir='ltr'><strong>prae·¹</strong></span> 
     </span>
     <span class='ocr_line' id='line_1_110' title="bbox 1167 5588 1915 5670; baseline 0 -18"><span class='ocrx_word' id='word_1_600' title='bbox 1167 5592 1333 5670; x_wconf 89' lang='lat' dir='ltr'><strong>scriptum.</strong></span> <span class='ocrx_word' id='word_1_601' title='bbox 1352 5588 1439 5652; x_wconf 89' lang='lat' dir='ltr'><strong>Nihil</strong></span> <span class='ocrx_word' id='word_1_602' title='bbox 1460 5605 1539 5652; x_wconf 90' lang='lat' dir='ltr'><strong>vero</strong></span> <span class='ocrx_word' id='word_1_603' title='bbox 1562 5605 1677 5652; x_wconf 87' lang='lat' dir='ltr'><strong>eorum</strong></span> <span class='ocrx_word' id='word_1_604' title='bbox 1705 5589 1876 5652; x_wconf 81' lang='lat' dir='ltr'><strong>extrahere</strong></span> <span class='ocrx_word' id='word_1_605' title='bbox 1898 5607 1915 5652; x_wconf 91' lang='lat' dir='ltr'><strong>e</strong></span> 
     </span>
     <span class='ocr_line' id='line_1_111' title="bbox 1167 5683 1915 5762; baseline -0.003 -14"><span class='ocrx_word' id='word_1_606' title='bbox 1167 5685 1378 5756; x_wconf 88' lang='lat' dir='ltr'><strong>nronasterio,</strong></span> <span class='ocrx_word' id='word_1_607' title='bbox 1407 5690 1461 5745; x_wconf 93' lang='lat' dir='ltr'><strong>aut</strong></span> <span class='ocrx_word' id='word_1_608' title='bbox 1486 5683 1622 5762; x_wconf 90' lang='lat' dir='ltr'><strong>cuipiam</strong></span> <span class='ocrx_word' id='word_1_609' title='bbox 1649 5683 1742 5746; x_wconf 91' lang='lat' dir='ltr'><strong>alteri</strong></span> <span class='ocrx_word' id='word_1_610' title='bbox 1764 5683 1915 5746; x_wconf 89' lang='lat' dir='ltr'><strong>ecclesiae</strong></span> 
     </span>
     <span class='ocr_line' id='line_1_112' title="bbox 1166 5776 1916 5856; baseline -0.003 -16"><span class='ocrx_word' id='word_1_611' title='bbox 1166 5779 1219 5842; x_wconf 87' lang='lat' dir='ltr'><strong>vel</strong></span> <span class='ocrx_word' id='word_1_612' title='bbox 1241 5777 1446 5850; x_wconf 90' lang='lat' dir='ltr'><strong>monasterio,</strong></span> <span class='ocrx_word' id='word_1_613' title='bbox 1465 5777 1561 5838; x_wconf 89' lang='lat' dir='ltr'><strong>etiam</strong></span> <span class='ocrx_word' id='word_1_614' title='bbox 1584 5783 1711 5840; x_wconf 87' lang='lat' dir='ltr'><strong>nostrae</strong></span> <span class='ocrx_word' id='word_1_615' title='bbox 1733 5776 1916 5856; x_wconf 79' lang='lat' dir='ltr'><strong>Congrega-</strong></span> 
     </span>
     <span class='ocr_line' id='line_1_113' title="bbox 1168 5870 1915 5951; baseline 0 -17"><span class='ocrx_word' id='word_1_616' title='bbox 1168 5871 1274 5944; x_wconf 76' lang='lat' dir='ltr'><strong>tioniS,</strong></span> <span class='ocrx_word' id='word_1_617' title='bbox 1292 5870 1496 5933; x_wconf 88' lang='lat' dir='ltr'><strong>commodare</strong></span> <span class='ocrx_word' id='word_1_618' title='bbox 1518 5871 1637 5949; x_wconf 90' lang='lat' dir='ltr'><strong>poterit</strong></span> <span class='ocrx_word' id='word_1_619' title='bbox 1651 5870 1720 5934; x_wconf 89' lang='lat' dir='ltr'><strong>sine</strong></span> <span class='ocrx_word' id='word_1_620' title='bbox 1740 5885 1915 5951; x_wconf 77' lang='lat' dir='ltr'><strong>congrega·</strong></span> 
     </span>
     <span class='ocr_line' id='line_1_114' title="bbox 1167 5963 1678 6032; baseline -0.006 -2"><span class='ocrx_word' id='word_1_621' title='bbox 1167 5965 1261 6032; x_wconf 92' lang='lat' dir='ltr'><strong>tionis</strong></span> <span class='ocrx_word' id='word_1_622' title='bbox 1284 5964 1517 6029; x_wconf 85' lang='lat' dir='ltr'><strong>monachorum</strong></span> <span class='ocrx_word' id='word_1_623' title='bbox 1539 5963 1678 6030; x_wconf 83' lang='lat' dir='ltr'><strong>licentia.</strong></span> 
     </span>
    </p>
   </div>
   <div class='ocr_carea' id='block_1_12' title="bbox 0 0 2416 6981">
    <p class='ocr_par' dir='ltr' id='par_1_23' title="bbox 0 0 2416 6981">
     <span class='ocr_line' id='line_1_115' title="bbox 0 0 2416 6981; baseline 0 0"><span class='ocrx_word' id='word_1_624' title='bbox 0 0 2416 6981; x_wconf 95' lang='lat' dir='ltr'><strong> </strong></span> 
     </span>
    </p>
   </div>
  </div>
 </body>
</html>
