4770 6982
909 573 1084 620 annuemus
1106 574 1158 619 ΡΡ.
1182 574 1247 620 XVI.

303 690 384 753 circa
404 689 601 754 validitatem
625 693 782 771 postremi
803 691 932 772 capituli
956 707 1052 770 gene-

302 784 377 846 ralis
399 785 485 846 inter
508 785 676 848 llonachos
699 787 871 849 Basilianos
888 785 1051 848 llelchitas

304 879 334 942 S.
359 879 484 942 loannis
506 880 539 942 in
562 880 672 944 Soairo
695 887 836 954 exortae,
860 881 1051 944 noverimus

304 979 371 1036 tum
387 974 421 1036 in
436 974 588 1052 praefato,
606 981 675 1036 tum
697 975 730 1036 in
746 975 824 1037 aliis*
837 974 982 1036 eiusdem
999 990 1051 1036 na-

303 1068 396 1130 tionis
417 1067 631 1145 Regularibus
660 1069 817 1132 institutis
840 1087 856 1130 a
878 1068 910 1132 S.
934 1069 1050 1131 Basilio

302 1161 420 1240 pariter
443 1163 642 1241 nuncupatis,
660 1162 871 1242 Alepinorum
894 1163 1050 1224 nimirum

302 1261 334 1316 et
357 1253 445 1318 SSriri
473 1254 656 1328 Salvatoris,
681 1257 855 1320 nonnullos
878 1257 1050 1319 invaluisse

301 1349 427 1421 abusus,
451 1349 507 1426 qui
528 1349 724 1427 peculiarem
740 1349 835 1410 huius
851 1348 1050 1428 hpostolicae

302 1441 392 1504 Sedis
414 1443 649 1521 providentiam
673 1449 862 1522 exposcunt,
887 1444 926 1505 de
948 1459 1047 1506 venn.

301 1535 436 1598 fratrum
460 1542 646 1599 nostrorum
671 1536 702 1600 S.
719 1536 755 1599 R.
773 1537 808 1598 E.
833 1536 1049 1599 Gardinalium

301 1631 441 1710 negotiis
453 1632 678 1710 Propagandae
689 1631 777 1695 Fidei
793 1631 1049 1710 praepositorum

301 1727 445 1796 consilio,
462 1725 604 1803 aliquem
625 1731 840 1804 praestantem
863 1723 1049 1787 ecclesiasti-

301 1836 374 1882 cum
396 1820 503 1881 virum
527 1835 637 1881 earnm
660 1818 958 1896 congregationum
978 1834 1050 1896 apo-

300 1913 449 1978 stolicum
482 1913 680 1976 visitatorem
711 1913 897 1990 eligendum
926 1912 1050 1974 censui-

300 2023 382 2068 mus.
407 2005 512 2084 Atque
528 2007 713 2070 huiusmodi
735 2022 852 2068 munus
865 2007 904 2069 de
921 2021 1049 2068 eorum-

301 2103 374 2164 dem
395 2116 470 2162 ven.
495 2100 553 2161 FF.
570 2099 637 2162 NN.
652 2099 811 2162 sententia
827 2100 884 2163 tibi
904 2100 1049 2162 commit-

301 2194 434 2257 tendum
463 2193 732 2266 existimavimus,
766 2194 821 2270 qai
849 2194 1046 2271 integritate,

301 2288 481 2367 prudentia,
506 2287 675 2364 religione,
708 2287 836 2366 pictate,
861 2288 993 2350 consilio
1015 2305 1049 2352 ac

300 2398 412 2444 rerum
446 2381 663 2458 gerendarum
696 2382 809 2460 peritia
840 2397 1048 2461 summopere

300 2493 335 2538 es
354 2475 608 2538 commendatus.-

340 2569 409 2646 52.
437 2568 547 2646 ltaque
579 2569 732 2647 peculiari
761 2575 793 2631 te
822 2569 1049 2632 benevolentia

300 2664 470 2743 complecti
490 2665 638 2727 volentes
654 2671 687 2726 et
701 2683 717 2726 a
733 2665 899 2742 quibusvis
922 2680 1049 2726 excom·
1075 2589 1078 2722 1

300 2758 540 2830 manicationis,
570 2758 789 2836 suspensionis
816 2765 847 2846 qt
868 2758 1046 2827 interdicti,

300 2851 434 2929 aliisque
457 2851 676 2914 ecclesiasticis
699 2852 855 2923 censorie,
879 2851 1049 2914 sententiis

301 2953 333 3008 et
354 2945 465 3024 poenis
489 2945 716 3024 quovismodo
737 2952 770 3008 et
791 2961 994 3023 quacumque
1010 2946 1049 3008 de

300 3055 392 3101 causa
413 3039 495 3109 latis,
512 3041 630 3116 siquas
652 3039 736 3102 forte
758 3039 934 3111 incurristi,
952 3039 1049 3100 huius

302 3138 424 3195 tantum
447 3133 495 3194 rei
518 3133 617 3210 gratia
645 3133 848 3196 absolventes
871 3140 904 3195 et
924 3133 1050 3196 absolu·

301 3234 369 3290 tum
392 3227 461 3288 fore
489 3233 670 3299 censentes,
696 3233 727 3289 te
749 3227 836 3289 hisce
859 3228 975 3290 litteris
997 3245 1050 3290 au-

299 3321 446 3384 ctoritate
468 3329 576 3383 nostra
598 3322 779 3400 apostolica,
796 3322 833 3383 ad
853 3329 1001 3384 nostrum
1018 3329 1051 3385 et

300 3415 396 3478 huius
418 3413 616 3492 apostolicae
633 3413 723 3476 Sedis
739 3415 919 3488 arbitrium,
937 3416 1050 3479 visita-

301 3517 405 3571 torem
427 3508 637 3586 apostolicum
660 3508 759 3570 trium
786 3517 1049 3574 commemorata·

299 3619 373 3664 rum
395 3601 692 3678 Congregationum
716 3601 945 3665 blonachorum
967 3603 1049 3666 Basi-

299 3697 460 3758 lianorum
484 3695 718 3767 blelchitarnm
743 3713 862 3775 nempe
878 3696 909 3759 S.
923 3697 1048 3760 loannis

299 3791 332 3852 in
355 3789 476 3861 Soairo,
501 3787 724 3866 Alepinorum,
743 3797 775 3850 et
797 3789 887 3851 ssmr
910 3790 1049 3855 Salvato-

299 3883 353 3956 ris,
379 3882 539 3960 eligimus,
564 3883 787 3945 constituimus
810 3889 842 3944 et
860 3884 1050 3963 deputamus

300 3993 373 4040 cum
396 3977 544 4039 facultate
572 3977 756 4040 assumendi
779 3978 857 4040 dnos
882 3979 1049 4042 convisita-

302 4077 387 4132 tores
401 4071 468 4131 sive
484 4068 668 4132 charactere
681 4070 851 4148 episcopali
866 4073 1046 4149 insignitos,

299 4165 368 4226 sive
383 4181 459 4236 non,
473 4181 508 4225 ac
523 4163 696 4241 deputandi
712 4164 892 4226 Praesidem
906 4168 1049 4243 proviso·

201 4313 206 4321 .
299 4260 348 4322 rie
370 4274 429 4337 pro
444 4258 586 4320 interino
601 4259 778 4335 regimine;
800 4259 921 4336 tibique
937 4276 1048 4324 omnes

299 4353 373 4416 alias
401 4353 565 4416 facultates
593 4352 788 4414 necessarias
817 4360 912 4431 atque
935 4371 1048 4434 oppor-

299 4452 391 4510 tunas
422 4446 595 4510 tribuimus
623 4446 662 4508 ad
690 4462 837 4508 normam
866 4447 1048 4512 instructio-

300 4541 346 4603 nis
368 4541 426 4603 tibi
448 4541 486 4602 ab
508 4541 619 4602 eadem
640 4539 900 4617 congregatione
916 4543 955 4604 de
974 4543 1048 4606 Pro-

298 4635 440 4714 paganda
452 4634 529 4696 Fide
545 4634 716 4696 tradendae
728 4640 798 4696 tum
814 4649 872 4712 pro
887 4637 1047 4713 regimine

298 4729 492 4806 corrigendo
521 4745 555 4790 ac
577 4727 783 4790 reformando
807 4745 918 4790 earum
948 4731 1047 4792 trium

298 4821 605 4900 congregationum,
640 4828 709 4884 tum
739 4839 796 4900 pro
828 4826 1048 4899 cognoscenda

297 4917 461 4978 validitate
493 4915 623 4994 capituli
657 4917 815 4992 generalis
843 4917 906 4978 iam
935 4919 1006 4980 initi
1032 4937 1047 4980 a

299 5009 458 5072 blonacbis
481 5008 512 5071 S.
536 5009 661 5072 loannis
683 5011 716 5072 in
740 5009 861 5074 Soairo.

338 5107 357 5178 5
378 5103 407 5165 3.
422 5103 606 5165 ldandamus
623 5104 757 5180 proinde
773 5105 922 5168 omnibus
937 5113 970 5168 et
984 5107 1047 5168 sin-

300 5197 382 5274 gulis
404 5197 441 5258 ad
464 5211 543 5273 quos
564 5203 685 5274 spectat
704 5213 761 5259 seu
783 5199 948 5276 spectabit,
966 5207 1002 5263 ut
1016 5207 1047 5263 te

299 5291 335 5352 ad
359 5290 498 5352 officium
520 5289 691 5352 visitatoris
706 5292 868 5368 apostolici
891 5310 1048 5358 memora-

299 5391 404 5446 tarum
434 5384 725 5460 congregationum
755 5387 910 5464 recipiant
939 5395 971 5450 et
997 5391 1048 5452 ad-

300 5479 437 5550 mittant,
463 5477 585 5554 tibique
615 5484 747 5556 pareant
767 5497 801 5540 ac
823 5488 948 5559 praesto
970 5483 1045 5556 sint,

298 5589 388 5634 secus
411 5571 604 5632 sententiam
626 5588 682 5634 seu
705 5589 840 5650 poenam
864 5591 959 5651 quam
986 5577 1047 5638 rite

300 5665 413 5728 tuleris
428 5681 485 5726 seu
501 5665 650 5726 statueris
666 5665 698 5727 in
714 5665 864 5738 rebelles,
879 5675 978 5730 ratam
995 5671 1048 5732 ha-

299 5759 446 5822 bebimus
468 5775 501 5820 ac
524 5757 675 5820 faciemus
704 5767 888 5822 auctorante
911 5762 1047 5826 Domino

299 5851 455 5928 usquead
471 5851 719 5914 satisfactionem
735 5854 926 5932 condignam
946 5856 1048 5919 invio-

300 5945 439 6008 labiliter
462 5945 639 6008 observari.

1146 693 1165 767 5
1186 692 1215 754 ta.
1230 687 1301 755 Non
1313 691 1512 758 obstantibus
1525 690 1706 772 apostolicis
1718 691 1856 768 atquein

1106 786 1344 849 universalibus
1367 787 1683 865 provincialibusque
1706 802 1739 847 ac
1760 801 1855 864 syno-

1106 879 1229 942 dalibus
1258 881 1401 942 conciliis
1434 880 1528 942 editis
1566 879 1773 957 generalibus
1801 880 1854 942 vel

1105 973 1295 1050 specialibus
1324 973 1606 1036 constitutionibus
1629 979 1662 1035 et
1683 971 1855 1034 ordinatio-

1106 1065 1211 1138 nibus,
1232 1066 1432 1144 caeterisque
1453 1067 1622 1130 contrariis
1645 1066 1854 1143 quibuscum·

1106 1174 1180 1236 que.

1144 1253 1258 1316 Datum
1281 1254 1411 1325 llomae,
1438 1254 1521 1333 apud
1552 1253 1583 1316 S.
1608 1254 1737 1316 llariam
1760 1253 1854 1316 blain-

1105 1363 1186 1418 rem,
1201 1348 1261 1409 sub
1273 1348 1393 1410 annulo
1405 1348 1585 1421 Piscatoris,
1596 1348 1648 1410 die
1663 1364 1740 1409 xxx.
1754 1364 1854 1424 augu-

1104 1441 1145 1503 sti
1167 1457 1366 1514 ancoratu„
1398 1441 1512 1520 pontii.
1536 1441 1639 1505 nostri
1667 1458 1751 1528 anno
1773 1457 1831 1503 xu.

1398 1723 1557 1788 cnxvhr.

1104 1908 1329 1974 Hottoodiccm
1362 1911 1544 1976 Missiooeoa
1572 1911 1608 1976 de
1644 1911 1789 1984 Caracca
1819 1910 1854 1972 io

1146 2003 1293 2068 Americd
1306 2004 1514 2070 Meridtoocti
1526 2007 1560 2068 to
1573 2006 1769 2070 attrectatum
1782 2021 1854 2086 opo-

1143 2099 1291 2162 stolicom
1313 2100 1419 2180 eripit.

1280 2269 1497 2338 atfiaoattts
1521 2272 1581 2338 ΡΡ.
1607 2271 1677 2338 xvv.

1224 2393 1260 2458 ad
1285 2399 1457 2475 perpetuam
1481 2395 1524 2460 rei
1549 2395 1732 2462 memoriam.

1144 2569 1317 2648 apostolici
1331 2569 1503 2633 ministerii
1515 2586 1634 2632 munus
1646 2571 1786 2648 superna
1798 2570 1855 2633 Dei
1944 2633 1946 2640 ,

1104 2663 1306 2742 providentia
1328 2665 1419 2726 nobis
1442 2665 1629 2742 impositum
1652 2670 1747 2742 atque
1769 2681 1855 2727 com-

1105 2757 1238 2818 missum
1261 2757 1411 2835 postulat,
1428 2765 1465 2820 nt
1484 2759 1572 2820 omni
1595 2758 1727 2836 quidem
1747 2758 1854 2820 studio

1105 2857 1137 2912 et
1158 2853 1233 2914 cura
1255 2868 1290 2913 ea
1307 2867 1462 2930 peragere
1478 2869 1542 2914 non
1559 2851 1755 2925 omittamus,
1773 2868 1855 2930 quae

1106 2945 1143 3006 ad
1165 2943 1346 3007 Catholicae
1367 2945 1545 3023 Religionis
1567 2947 1805 3008 incrementum
1821 2964 1855 3009 ac

1105 3037 1305 3115 spiritualem
1318 3038 1587 3104 christifidelium
1599 3039 1771 3103 utilitatem
1784 3056 1855 3120 per-

1107 3131 1211 3193 tinere
1233 3131 1456 3211 perspicimus.

1145 3227 1163 3300 5
1187 3225 1214 3286 t.
1238 3225 1348 3302 ltaque
1370 3242 1443 3288 cum
1466 3243 1531 3288 non
1554 3227 1713 3298 mediocri,
1731 3230 1856 3306 paterni

1106 3319 1203 3381 animi
1226 3319 1327 3381 nostri
1349 3319 1466 3382 laetitia
1482 3321 1672 3382 noverimus
1693 3320 1855 3384 llollandi-

1105 3429 1158 3474 cae
1181 3413 1339 3474 missionis
1355 3414 1395 3475 de
1413 3413 1552 3494 Gnraqao
1574 3415 1607 3476 in
1630 3413 1777 3477 hmeriot
1793 3415 1855 3478 hle-

1105 3506 1253 3568 ridionali
1269 3512 1399 3580 statum,
1416 3507 1629 3570 benedicente
1647 3509 1795 3582 Domino,
1812 3510 1854 3572 ita

1104 3599 1240 3671 florere,
1269 3605 1305 3661 ut
1332 3607 1549 3679 opportunum
1571 3601 1625 3664 vel
1654 3603 1793 3666 maxime
1815 3604 1856 3665 sit

1105 3693 1290 3757 missionem
1314 3694 1413 3772 ipsam
1435 3694 1468 3756 in
1490 3695 1700 3772 apostolicum
1725 3696 1854 3759 vicaria·

1104 3774 1173 3849 tum
1204 3787 1303 3864 erigi,
1335 3788 1430 3864 eique
1455 3787 1641 3852 hn‘tistitem
1670 3790 1853 3852 charactere

1105 3879 1274 3958 episcopali
1289 3881 1479 3958 insignitum
1503 3882 1641 3960 praefici,
1660 3899 1718 3944 nos
1741 3883 1854 3946 maiori

1104 3975 1235 4036 illorum
1259 3974 1528 4038 christifidelium
1544 3976 1701 4054 spirituali
1715 3977 1854 4040 utilitate

1105 4068 1297 4147 prospicere,
1322 4085 1356 4131 ac
1378 4069 1425 4130 rei
1448 4069 1621 4132 catholicae
1650 4069 1853 4134 incremento

1104 4168 1199 4239 atque
1210 4161 1374 4240 splendori
1387 4163 1556 4225 consulere
1572 4164 1786 4228 vehementer
1801 4183 1853 4228 cu·

1104 4255 1249 4333 pientes,
1285 4256 1324 4318 de
1359 4272 1457 4318 venn.
1491 4257 1629 4318 fratrum
1665 4265 1853 4322 nostrorum

1105 4349 1136 4412 S.
1153 4349 1188 4410 h.
1207 4350 1242 4412 E.
1267 4350 1484 4413 Cardinalium
1507 4351 1646 4430 negotiis
1675 4353 1853 4431 Propagan-

1105 4443 1275 4506 haebraei
1304 4445 1559 4522 praepositorum
1592 4447 1744 4521 consilio,
1773 4448 1853 4512 inibi

1104 4538 1300 4616 peculiarem
1328 4538 1520 4602 Vicariatum
1551 4539 1769 4620 Apostolicum
1792 4543 1853 4606 eri-

1105 4633 1248 4709 gendum
1271 4634 1466 4696 censuimus.

1143 4729 1162 4803 5
1183 4728 1212 4788 2.
1237 4727 1322 4788 bfotu
1336 4728 1436 4804 igitur
1458 4729 1588 4806 proprio
1603 4747 1637 4792 ac
1653 4732 1738 4792 certat
1752 4731 1853 4794 scien·

1104 4821 1145 4882 tia
1168 4828 1200 4882 et
1221 4823 1344 4882 maturat
1377 4822 1619 4895 deliberatione,
1653 4824 1758 4902 deque
1781 4843 1853 4905 apo-

1103 4916 1233 4978 stolicae
1246 4921 1373 4978 nostrae
1386 4917 1549 4994 potestatis
1563 4918 1775 4996 plenitudine,
1791 4921 1853 4982 his-

1104 5027 1139 5072 ce
1162 5009 1265 5072 literis
1288 5009 1504 5073 Hellandicam
1527 5011 1712 5074 missionem
1735 5013 1774 5075 de
1793 5014 1854 5076 Gu-

1104 5121 1194 5185 raqao
1216 5105 1249 5166 in
1270 5105 1416 5167 America
1439 5106 1639 5168 Meridionali
1660 5107 1693 5168 in
1716 5098 1870 5186 peculia

1104 5215 1174 5261 rem
1197 5200 1384 5262 vicariatum
1410 5201 1621 5279 apostolicum
1644 5202 1799 5280 erigimus
1822 5211 1854 5266 et

1103 5293 1338 5367 constituimus,
1364 5301 1396 5356 et
1417 5295 1450 5356 in
1473 5311 1510 5356 eo
1537 5295 1700 5358 Vicarium
1721 5296 1854 5376 hposto-

1104 5386 1201 5448 licum
1235 5389 1418 5451 charactere
1451 5390 1620 5469 episcopali
1660 5397 1852 5454 exornatum

1104 5497 1175 5542 esse
1207 5481 1327 5544 debere
1360 5484 1584 5558 decernimus,
1620 5485 1675 5562 qui
1707 5486 1852 5550 eiusdem

1104 5575 1263 5636 missionis
1279 5577 1431 5654 regimini
1444 5578 1570 5656 praesit.
1594 5578 1655 5656 lpsi
1677 5585 1784 5640 autem
1801 5577 1853 5643 Vi·

1103 5668 1188 5730 cario
1219 5668 1418 5747 Apostolico,
1442 5671 1480 5733 ab
1503 5671 1560 5732 hac
1583 5669 1665 5732 Sede
1688 5671 1851 5749 eligendo,

1105 5779 1216 5824 omnes
1232 5781 1266 5825 ac
1280 5763 1421 5841 singulas
1442 5764 1607 5828 facultates
1624 5765 1755 5830 Vicariis
1771 5767 1853 5848 hpo-

1102 5857 1222 5918 stolicis
1245 5858 1375 5920 concedi
1397 5859 1507 5922 solitas
1529 5862 1640 5923 eadem
1663 5863 1851 5926 auctoritate

1104 5952 1211 6014 nostra
1233 5953 1437 6016 concedimus
1460 5961 1491 6017 et
1512 5954 1731 6032 impertimur.

1777 555 1836 621 299
1886 562 1939 642 arr.
1954 565 1983 614 c.
2006 562 2074 614 1842
