4828 6974
95 507 141 560 in.
155 505 185 556 C.
209 503 285 558 1833

924 518 1099 564 ouaaofflus
1121 519 1172 566 ΡΡ.
1196 519 1261 566 xvi.

319 635 437 704 Dilecto
458 635 523 702 tilio
552 633 710 719 Stephano
740 634 920 702 aooonouze
943 633 1066 716 presbr-

360 735 427 796 lero
450 729 701 812 congregationis
722 725 783 794 88.
800 727 935 796 cordium
952 725 1017 794 lesu
1034 731 1067 792 et

362 823 475 892 hariae
498 823 526 890 in
548 821 652 902 cattis,

493 1005 710 1076 entecnius
734 1006 794 1074 ΡΡ.
818 1003 891 1072 xvt.

596 1195 712 1262 dilecte
735 1193 789 1272 iiii,

354 1290 483 1358 salutent
506 1294 539 1356 et
559 1287 759 1372 apostolicam
782 1284 1031 1352 benedictionem

360 1481 394 1543 ln
414 1479 545 1542 sublimi
567 1476 749 1555 Princicipis
765 1474 995 1554 Apostolorum
1010 1472 1065 1536 Ga-

316 1575 431 1638 thedra
452 1571 550 1636 nullis
578 1577 667 1634 certe
698 1569 816 1632 nostris
849 1583 907 1646 pro
941 1567 1063 1630 meritis

315 1667 375 1730 sed
389 1663 541 1728 ineflabili
556 1662 682 1726 divinae
699 1660 918 1740 providentiae
931 1657 1064 1722 consilio

314 1759 472 1828 collocati,
495 1773 530 1818 ac
551 1762 721 1835 propterea
747 1751 933 1832 gravissima
955 1751 1061 1816 Eccle-

315 1853 437 1916 siarum
463 1850 609 1913 omnium
635 1848 838 1913 solicitudine
860 1845 1064 1910 continenter

316 1945 463 2016 districti,
480 1944 518 2005 ad
538 1943 776 2014 universarum,
795 1953 876 2017 quae
899 1938 958 2000 sub
974 1938 1064 2001 coelo

314 2045 403 2111 sunt,
427 2036 573 2114 gentium
603 2033 840 2096 solicitudinem
869 2031 986 2094 mentis
1009 2047 1064 2092 no-

314 2138 402 2193 strae
423 2130 532 2192 oculos
554 2125 763 2190 circumferre
785 2125 938 2198 solemus,
969 2130 1064 2200 atque

313 2224 355 2286 ad
376 2221 606 2284 remotissimas
628 2219 724 2290 etiam
746 2218 783 2280 ab
805 2217 863 2280 hac
884 2215 1064 2296 apostolica

315 2315 400 2380 Sede
421 2314 571 2392 regiones
593 2311 758 2390 pastoralis
780 2317 909 2372 nostrae
929 2309 1063 2387 vigilan·

315 2409 379 2470 tiae
400 2422 508 2470 curam
530 2404 747 2474 extendimus,
771 2409 807 2464 ut
821 2401 992 2464 christiana
1006 2399 1064 2466 aa·

315 2502 394 2582 ligio
417 2507 449 2564 et
469 2497 622 2562 catholica
637 2498 716 2560 fides
732 2495 833 2572 magis
849 2494 1016 2572 magisque
1031 2494 1064 2557 in

315 2594 384 2656 dies
406 2597 572 2670 augeatur,
603 2595 636 2652 et
663 2587 888 2650 christifideles
917 2587 950 2648 in
979 2586 1063 2648 viam

314 2686 539 2748 mandatorum
571 2683 628 2744 liei
660 2682 858 2759 dirigantur,
892 2687 987 2758 atque
1026 2681 1064 2742 ad

313 2785 478 2842 aeternam
499 2775 731 2853 assequendam
752 2773 889 2838 salutem
911 2779 1063 2851 opportu-

314 2872 365 2935 nis
387 2869 552 2950 praesidiis
574 2867 780 2931 adiuventur.

355 2967 375 3042 g
408 2965 434 3026 l.
467 2963 548 3026 Cum
583 2963 691 3040 itaque
725 2961 870 3024 instituta
901 2960 1063 3038 certisque

314 3058 471 3122 limitibus
493 3055 732 3134 cheumscripte
747 3069 850 3134 nuper
867 3053 1015 3116 llissione
1030 3053 1063 3116 in

315 3168 352 3215 ea
374 3149 526 3214 decaniae
547 3155 648 3230 parte,
682 3163 763 3228 quae
794 3145 916 3212 insulas
950 3162 1062 3208 omnes

314 3423 342 3468 in
357 3432 409 3479 qua
424 3421 512 3465 nullus
530 3419 637 3475 praeter
652 3426 698 3460 nos
713 3425 740 3460 se
755 3411 842 3470 potuit
857 3423 903 3456 seu
924 3412 1010 3467 potest
1025 3410 1062 3454 in-

314 3489 466 3534 tromittere
480 3485 660 3531 reservatione
670 3485 697 3528 et
706 3482 811 3526 decreto
820 3477 1010 3525 obsistentibus
1021 3489 1062 3521 su-

314 3554 451 3611 pradictis,
472 3565 503 3597 ne
519 3552 565 3596 illa
582 3551 675 3605 longae
697 3545 843 3592 vacationis
862 3547 1010 3602 exponatur
1026 3543 1061 3587 in·

313 3621 467 3674 commodis,
480 3621 589 3676 paterno
603 3628 633 3661 ac
647 3614 762 3660 sollicito
779 3613 868 3658 studio
886 3609 1061 3664 intendentes,

314 3693 374 3745 post
394 3685 610 3732 deliberationem
631 3693 710 3739 quam
733 3681 764 3725 de
785 3677 961 3735 praeficiendo
975 3676 1060 3721 eidem

314 3753 439 3798 ecclesiae
447 3761 585 3808 personam
594 3749 688 3794 utilem
696 3759 726 3792 ac
736 3746 818 3792 etiam
828 3745 989 3790 fructuosam
1000 3753 1060 3788 cum

314 3818 508 3864 venerabilibus
527 3815 655 3862 fratribus
676 3813 858 3860 soscrisse.
876 3814 901 3854 E.
918 3808 1061 3854 cardinali·

314 3887 366 3932 bus
379 3885 492 3942 negotiis
507 3882 692 3939 propagandae
706 3879 779 3924 ridet
798 3877 955 3934 praepositis
971 3875 1062 3922 habui·

315 3964 376 3998 mus
390 3953 553 4008 diligentem,
567 3949 673 3993 demum
688 3947 721 3991 ad
736 3950 761 3990 te
777 3945 821 4001 qui
835 3955 864 3988 er
881 3942 999 3998 legitimo
1011 3952 1062 3986 rna·

316 4019 443 4064 trimonio
464 4021 542 4062 natue
556 4020 584 4059 et
602 4014 628 4058 in
647 4015 736 4060 aetate
758 4011 878 4066 legitima
898 4007 1062 4053 constitutus

314 4085 417 4138 existis,
430 4084 507 4128 cuiuis
520 4082 590 4138 apud
608 4091 655 4124 nos
669 4079 701 4122 de
716 4087 820 4122 morum
842 4075 1006 4130 integritate,
1021 4073 1062 4118 de

314 4151 411 4204 ctrina,
426 4147 575 4206 prudentia,
589 4147 697 4203 pietate,
707 4144 868 4188 christianae
884 4141 1021 4196 religionis
1036 4143 1061 4184 et

314 4217 462 4264 catholicae
477 4215 537 4260 fidei
552 4215 614 4268 zelo,
625 4224 654 4258 ao
669 4209 855 4268 spiritualibus
869 4212 895 4253 et
911 4207 1061 4264 temporali·

314 4285 366 4330 bus
379 4283 553 4342 providentia,
564 4282 613 4326 fide
622 4281 702 4336 digna
713 4279 887 4336 perhibentur
899 4275 1060 4328 testimonia,

313 4353 405 4397 oculos
419 4351 516 4396 mentis
530 4352 636 4394 nostrae
654 4345 812 4398 direximus;
828 4345 924 4402 quibus
939 4343 1061 4388 omnibns

313 4423 421 4466 mature
435 4417 579 4475 perpensis,
594 4419 619 4459 te
634 4426 649 4460 a
663 4413 800 4470 quibusvis
815 4411 1061 4458 excommunicatio

313 4487 365 4540 nis,
379 4483 558 4540 suspensionis
573 4487 600 4526 et
613 4479 757 4534 interdicti,
771 4479 885 4535 aliisque
904 4476 1061 4522 ecclesiasti-

312 4553 353 4597 cis
366 4551 494 4604 censuris,
515 4547 655 4594 sententiis
677 4551 703 4592 et
718 4545 808 4602 poeuis
829 4544 922 4602 quovis
945 4543 1020 4588 modo
1034 4547 1060 4586 et

312 4629 479 4675 quacumque
493 4616 524 4660 de
537 4625 618 4660 causa
632 4613 703 4666 latis,
719 4611 742 4656 sl
756 4623 821 4668 quas
836 4613 903 4656 forte
914 4609 1061 4663 incurristi,

313 4685 395 4730 huius
410 4688 514 4729 tantum
529 4682 568 4726 rei
583 4681 672 4737 gratia
685 4680 852 4724 absolventes
867 4681 893 4722 et
907 4677 1060 4722 absolutum

312 4751 369 4796 fore
383 4751 526 4802 censentes,
541 4747 660 4792 eamdem
676 4743 851 4801 episcopalem
868 4743 1010 4788 Ecclesiam
1022 4743 1062 4786 Ni-

313 4817 442 4874 lopolitan
456 4816 487 4860 de
502 4825 614 4872 persona
630 4819 676 4858 tua
686 4812 761 4856 nobis
773 4815 799 4855 et
810 4809 965 4855 intemeratis
976 4808 1061 4854 Cardi-

313 4884 420 4930 nalibus
429 4884 462 4928 ob
471 4885 517 4926 tua
529 4881 625 4925 merita
634 4882 741 4936 accepta
751 4879 782 4922 de
794 4877 945 4922 eorumdem
957 4879 1006 4918 vv.
1014 4878 1060 4920 llll.

313 4951 425 4996 consilio
438 4949 599 4995 auctoritate
614 4944 756 5002 apostolica
767 4943 839 4988 hisce
849 4942 935 4988 literis
946 4941 1062 4999 provide·

314 5029 384 5070 mus,
398 5021 475 5074 teque
490 5015 530 5062 illi
544 5015 570 5059 iu
587 5013 743 5070 Episcopum
759 5010 927 5068 praeficimus
937 5013 963 5053 et
976 5013 1063 5054 Pasto-

313 5095 381 5140 rem,
395 5095 496 5136 curam,
511 5083 639 5138 regimen,
656 5081 682 5124 et
700 5077 960 5124 administrationem
979 5075 1063 5132 ipsius

314 5151 439 5196 eeclesiae
454 5149 500 5194 tibi
516 5149 542 5192 in
556 5147 743 5204 spiritualibus
761 5155 791 5190 ac
806 5143 997 5200 temporalibus
1012 5143 1062 5199 ple·

314 5217 389 5264 narie
403 5215 600 5269 committendo,
615 5214 641 5258 in
657 5214 704 5258 illo
719 5211 765 5270 qui
784 5213 830 5256 dat
850 5210 952 5266 gratias
970 5213 996 5254 et
1012 5210 1062 5254 lar-

313 5287 389 5342 gitur
407 5285 475 5328 dona
496 5283 596 5333 corrdsi,
612 5281 689 5338 quod,
707 5279 839 5335 dirigente
862 5279 971 5323 Domino
985 5288 1016 5322 ac
1031 5289 1061 5322 us

314 5357 384 5405 tuos,
397 5349 532 5407 praedicta
547 5347 660 5392 Ecclesia
676 5349 722 5392 tua
737 5343 877 5395 industria,
892 5355 957 5388 cura
971 5345 997 5388 et
1008 5347 1062 5388 stu·

313 5417 358 5462 dio
373 5416 478 5461 utiliter
492 5421 519 5459 et
533 5425 658 5471 prospere
673 5412 816 5466 dirigatur,
831 5413 961 5466 grataque
976 5421 1002 5454 rn
1012 5409 1063 5465 spi·

314 5483 457 5528 ritualibus
471 5485 497 5526 et
513 5480 704 5537 temporalibus
715 5478 866 5522 orthodoxa
877 5477 969 5532 religio
981 5476 1062 5521 incre-

314 5553 403 5595 menta
417 5548 552 5605 suscipiat.
568 5551 662 5602 frugum
678 5545 763 5600 igitur
785 5544 886 5588 bonrini
909 5543 962 5588 tuis
982 5543 1061 5599 impo-

314 5617 397 5662 situm
417 5615 537 5660 humeris
559 5618 680 5670 prompta
701 5611 839 5656 devotione
859 5611 943 5656 aninri
964 5611 1062 5666 ample·

313 5689 395 5738 ctens,
409 5693 501 5727 curam
515 5684 542 5725 et
556 5679 816 5726 administrationem
832 5678 870 5722 ita
884 5677 992 5722 studeas
1004 5677 1063 5722 flde-

313 5750 378 5794 liter
395 5748 590 5804 prudenterque
609 5757 740 5800 exercere,
756 5747 785 5789 nt
800 5744 915 5789 Ecclesia
928 5745 1061 5800 praedicta

314 5817 428 5873 gasrdeat
443 5827 471 5859 se
484 5814 592 5871 provido
606 5812 781 5870 gubernatori
795 5815 821 5856 et
836 5811 971 5856 fructuoso
980 5810 1062 5855 admi·

314 5881 454 5928 mercatori
469 5892 526 5927 esse
540 5879 717 5934 commissam,
728 5881 754 5924 et
770 5883 808 5932 tu,
818 5881 925 5935 praeter
937 5881 1061 5923 aeternae

1120 633 1235 700 Oceani
1256 636 1378 700 Pacifici
1400 644 1469 702 tum
1495 638 1767 720 septentrionalis,
1799 645 1868 702 tum

1120 729 1267 792 australis
1283 731 1519 810 complectitur,
1538 733 1575 794 ab
1590 731 1695 796 Insula
1711 732 1869 794 Paschatis

1121 821 1277 884 inclusive
1305 839 1409 901 usque
1441 825 1479 888 ad
1511 825 1632 888 insulas
1664 825 1870 904 Archipelagi

1121 916 1195 978 dicti
1217 916 1413 994 lioggewein
1435 919 1555 998 pariter
1576 919 1746 994 inclusive,
1770 927 1803 982 et
1830 920 1869 982 ab

1120 1007 1235 1072 lnsulis
1258 1009 1497 1074 Sandrichianis
1519 1013 1677 1076 inclusive
1698 1027 1801 1090 usque
1830 1013 1869 1076 ad

1121 1102 1291 1182 Tropicum
1314 1104 1526 1180 hntarticum,
1550 1107 1686 1184 eiusque
1708 1106 1867 1170 ldissionis

1120 1212 1195 1258 cura
1226 1197 1400 1276 spiritualis
1429 1199 1615 1262 demandata
1644 1198 1868 1264 Sacerdotibus

1120 1287 1386 1368 Congregationis
1398 1292 1430 1354 in
1441 1291 1548 1356 Galliis
1560 1293 1604 1354 sic
1616 1291 1868 1356 dictaeSS.Gor-

1120 1382 1208 1444 dium
1230 1383 1301 1446 lesu
1324 1390 1356 1447 et
1377 1383 1491 1448 llariae
1513 1393 1546 1448 et
1566 1385 1768 1448 adorationis
1797 1401 1868 1464 per·
1893 1419 1900 1432 ·

1120 1481 1233 1553 petuae
1247 1474 1337 1540 SSmi
1350 1475 1545 1542 sacramenti
1557 1477 1685 1552 ditaris,
1699 1479 1736 1540 ad
1748 1478 1867 1542 rectius

1120 1568 1264 1632 eiusdem
1286 1570 1447 1634 missionis
1464 1571 1624 1649 regimen,
1643 1577 1738 1648 atque
1753 1572 1791 1632 ad
1805 1571 1867 1649 spi-

1119 1661 1269 1724 ritualem
1292 1671 1339 1726 tot
1370 1664 1576 1742 populorum,
1600 1664 1656 1742 qui
1684 1665 1716 1726 in
1738 1663 1867 1726 idolola-

1119 1755 1198 1818 triae
1230 1756 1372 1818 tenebris
1401 1757 1525 1830 sedent,
1559 1755 1696 1818 salutem
1728 1755 1868 1820 maxime

1119 1849 1299 1910 conducere
1321 1847 1478 1921 videatur,
1503 1854 1540 1912 ut
1561 1847 1763 1928 apostolicus
1780 1847 1867 1910 Vica-

1118 1941 1185 2002 rius
1207 1957 1281 2004 cum
1303 1941 1485 2004 charactere
1502 1941 1673 2021 episcopali
1689 1941 1721 2004 in
1738 1947 1802 2002 tam
1818 1957 1868 2002 re-

1119 2033 1214 2096 motis
1236 2050 1270 2096 ao
1291 2034 1376 2096 inter
1397 2051 1433 2096 se
1455 2035 1574 2096 dissitis
1604 2034 1792 2111 regionibus
1820 2033 1867 2096 in·

1118 2127 1280 2200 stituatur,
1303 2143 1376 2190 com
1399 2127 1619 2190 iurisdictione
1641 2127 1674 2190 in
1690 2127 1867 2204 praefectos

1118 2219 1306 2298 apostolicos
1329 2221 1563 2299 praedictarum
1585 2219 1777 2292 insularum,
1812 2217 1867 2296 qui

1118 2312 1178 2390 ipsi
1200 2312 1332 2375 obedire
1360 2319 1551 2388 teneantur;
1585 2312 1693 2374 virum
1725 2311 1866 2388 aliquem

1119 2421 1248 2468 morum
1270 2405 1467 2483 integritate,
1491 2405 1634 2468 doctriua
1650 2421 1683 2466 ac
1698 2404 1868 2482 prudentia

1119 2504 1333 2577 praestantem
1363 2497 1549 2575 eligendum
1581 2496 1778 2568 censuimus,
1812 2497 1867 2573 qui

1118 2591 1304 2652 huiusmodi
1326 2591 1515 2668 grauissimo
1544 2607 1619 2652 sane
1649 2605 1786 2652 munere
1814 2604 1867 2652 na·

1118 2683 1203 2744 viter
1224 2684 1429 2760 scienterque
1450 2683 1615 2760 fungatur.

1157 2777 1176 2851 5
1197 2775 1227 2839 2.
1250 2775 1314 2838 Nos
1335 2777 1436 2854 igitur
1457 2775 1613 2854 singulari
1636 2781 1688 2838 tua
1704 2775 1776 2846 fide,
1795 2791 1866 2853 pro-

1118 2867 1227 2940 bitate,
1251 2868 1421 2946 prudentia
1442 2868 1551 2930 doctos
1567 2873 1600 2930 et
1614 2866 1794 2930 Catholicae
1808 2866 1867 2930 Re-

1119 2961 1247 3038 ligionis
1269 2960 1340 3023 zelo
1362 2961 1639 3040 quamplurimum
1668 2962 1701 3022 in
1730 2960 1866 3022 Domino

1119 3053 1266 3126 fidentes,
1290 3054 1376 3131 quod
1398 3070 1444 3126 ea,
1468 3069 1549 3130 quae
1565 3053 1623 3116 tibi
1638 3053 1866 3116 committenda

1119 3145 1318 3219 duxerimus,
1342 3147 1503 3215 cumulate
1534 3146 1576 3209 sit
1603 3145 1803 3225 expleturus,
1827 3145 1867 3208 de

1115 3411 1301 3458 retributionis
1323 3415 1481 3470 praemium,
1502 3417 1621 3460 nostram
1643 3418 1788 3472 quoquest
1804 3419 1866 3472 Apo·

1114 3479 1223 3524 stolicae
1238 3481 1311 3524 Sedis
1326 3481 1434 3526 uberius
1448 3479 1540 3526 exinde
1549 3481 1675 3537 consequi
1686 3481 1814 3528 merearis
1825 3482 1866 3525 be·

1115 3545 1289 3590 nedictiouem
1305 3551 1331 3591 et
1345 3547 1470 3602 gratiam.
1494 3550 1634 3592 Praeterea
1656 3547 1705 3592 tibi
1722 3550 1751 3592 ut
1772 3547 1804 3592 ad
1820 3550 1863 3592 Eo·

1114 3611 1222 3656 alesiam
1237 3613 1383 3669 praefatam
1405 3613 1532 3670 quamdiu
1547 3615 1580 3658 ab
1596 3613 1747 3658 infidelibus
1765 3613 1864 3658 detine·

1115 3677 1188 3722 bitur
1201 3679 1333 3734 accedere,
1347 3683 1374 3724 et
1388 3681 1457 3736 apud
1476 3691 1534 3725 earn
1550 3680 1726 3736 personaliter
1746 3681 1863 3725 residere

1116 3743 1225 3789 minimo
1240 3745 1364 3798 tenearis,
1379 3745 1450 3790 dicta
1464 3745 1625 3790 auctoritate
1643 3745 1810 3790 concedimus
1825 3747 1863 3790 at·

1115 3821 1165 3868 que
1180 3811 1355 3866 indulgemus.
1372 3813 1511 3856 Caeterum
1526 3811 1558 3856 ad
1573 3821 1603 3856 ea
1618 3823 1686 3868 quae
1700 3812 1727 3855 in
1738 3814 1799 3857 tuae
1810 3824 1865 3868 pos·

1115 3881 1176 3920 sunt
1186 3877 1278 3921 cedere
1288 3877 1485 3922 commoditatis
1495 3881 1670 3933 augmentum
1681 3878 1865 3924 favorabiliter

1115 3941 1294 3998 respicientes,
1311 3942 1360 3986 tibi
1375 3945 1405 3987 nt
1419 3953 1435 3987 a
1449 3953 1614 3999 quocumque
1635 3953 1713 3999 quem
1736 3943 1864 3988 malueris

1098 4009 1246 4058 ¹catholico
1260 4007 1385 4053 antistite
1401 4011 1424 4052 S.
1441 4011 1468 4052 Ν.
1485 4009 1558 4054 sedis
1577 4009 1694 4064 gratiam
1709 4013 1736 4054 et
1751 4021 1865 4054 cornrnu·
1880 4053 1886 4064 ,

1116 4075 1221 4118 nionenr
1236 4075 1357 4128 habente,
1372 4073 1463 4120 accitis
1478 4077 1505 4118 et
1519 4074 1549 4118 in
1562 4075 1611 4119 hoc
1625 4075 1680 4120 loco
1694 4075 1719 4120 ei
1738 4075 1865 4121 adsisten-

1116 4141 1188 4186 tibus
1202 4141 1303 4186 duobus
1320 4140 1382 4186 aliis
1399 4141 1540 4198 episcopis,
1555 4145 1590 4195 et,
1606 4145 1739 4197 quatenus
1755 4142 1782 4186 hi
1798 4154 1865 4186 corn·
1913 4133 1916 4140 ’

1116 4209 1192 4253 mods
1205 4208 1317 4264 reperiri
1328 4211 1467 4264 nequeant,
1477 4207 1580 4253 duobus
1590 4219 1682 4253 eorum
1693 4209 1749 4253 loco
1759 4209 1864 4264 presby·

1117 4275 1181 4320 teris
1202 4274 1384 4320 saecularibus
1405 4275 1445 4318 vel
1464 4273 1655 4330 cuiuscumque
1675 4275 1789 4328 ordinis,
1804 4279 1865 4319 con-

1115 4341 1286 4397 gregationis,
1301 4345 1327 4386 et
1343 4341 1460 4386 instituti
1476 4340 1645 4396 regularibus
1661 4341 1776 4385 siurilem
1792 4353 1865 4397 prae-

1116 4409 1184 4453 fatae
1200 4409 1273 4452 Sedis
1294 4408 1409 4463 gratiam
1424 4411 1450 4452 et
1464 4407 1676 4452 corrrmunionem
1697 4407 1864 4463 habentibus,

1117 4485 1213 4520 rnnnns
1228 4475 1435 4520 consecrationis
1450 4474 1567 4530 recipere
1581 4475 1665 4518 libere
1680 4477 1707 4519 et
1721 4475 1794 4519 licite
1810 4487 1865 4532 pos·

1116 4541 1152 4586 sis
1167 4546 1193 4586 et
1212 4542 1308 4594 valeas,
1322 4553 1352 4586 ac
1370 4541 1455 4586 eidem
1471 4541 1600 4594 antistiti,
1616 4545 1655 4597 ut,
1674 4541 1786 4604 receptis
1806 4553 1822 4587 a
1839 4545 1864 4587 te

1117 4608 1191 4664 prius
1210 4607 1354 4652 catholicae
1377 4607 1437 4651 fidei
1458 4607 1618 4663 professione
1640 4608 1715 4654 iuxta
1736 4607 1865 4653 articulos

1117 4675 1217 4732 pridem
1232 4685 1248 4720 a
1263 4677 1285 4717 S.
1303 4675 1367 4718 Sede
1381 4674 1529 4729 propositos
1541 4685 1572 4719 ac
1587 4678 1678 4720 nostro
1694 4679 1720 4719 et
1731 4678 1865 4720 Romanae

1118 4739 1785 4794 Ecclesiaenominefidelitatisdebitaeiuramento,
1794 4753 1866 4798 prae

1116 4809 1200 4854 fatum
1216 4820 1313 4852 rnrrrrus
1329 4808 1377 4852 tibi
1391 4807 1553 4854 anctoritate
1568 4812 1659 4854 nostra
1675 4809 1825 4866 impendere
1835 4809 1864 4853 li-

1115 4877 1167 4920 cite
1182 4877 1268 4920 raleat
1284 4875 1386 4931 plenam
1403 4874 1549 4920 tribuimus
1564 4875 1726 4920 securitatem.
1738 4876 1865 4922 volumus

1117 4945 1213 4996 tanren,
1229 4941 1319 4986 eadem
1334 4941 1496 4986 auctoritate
1515 4941 1700 4997 praecipimus,
1716 4947 1746 4987 ut
1761 4941 1812 4986 nisi
1827 4953 1865 4986 re·

1115 5009 1197 5064 ceptis
1218 5019 1234 5052 a
1254 5010 1279 5052 te
1302 5019 1348 5062 per
1369 5007 1470 5052 dictum
1493 5007 1646 5052 antistitem
1668 5007 1820 5054 iuramento
1839 5012 1865 5054 et

1116 5074 1276 5130 professione
1292 5073 1351 5118 fidei
1366 5073 1520 5118 huiusmodi
1537 5075 1591 5130 ipse
1606 5074 1722 5120 antistes
1733 5087 1865 5121 consecra-

1117 5140 1196 5186 tionis
1211 5152 1307 5185 munus
1322 5140 1372 5185 tibi
1387 5141 1548 5196 impendere,
1564 5145 1645 5198 tuque
1667 5141 1733 5186 illud
1749 5142 1865 5198 recipere

1116 5207 1356 5264 praesumpseritis,
1372 5208 1441 5251 idem
1457 5209 1575 5252 antistes
1589 5219 1605 5253 a
1618 5209 1777 5264 pontificalis
1788 5209 1865 5254 officii

1116 5274 1250 5327 exercitio,
1265 5285 1296 5319 ac
1311 5277 1365 5320 tam
1388 5274 1443 5330 ipse
1464 5286 1543 5330 quam
1561 5279 1589 5320 tu
1604 5286 1620 5320 a
1635 5275 1765 5331 regimine
1782 5279 1808 5321 et
1823 5277 1865 5320 ad-

1116 5340 1313 5386 ministratione
1328 5341 1501 5385 ecclesiarum
1514 5345 1664 5386 vestrarum
1675 5342 1794 5398 suspensi
1805 5343 1865 5386 sitis

1116 5420 1146 5452 eo
1161 5407 1225 5464 ipso.
1241 5411 1295 5452 Non
1312 5407 1478 5452 obstantibus
1501 5408 1660 5464 apostolicis,
1675 5419 1706 5453 ac
1721 5409 1746 5452 in
1762 5409 1865 5453 univer·

1116 5475 1216 5520 salibus
1232 5475 1499 5531 provincialibusque,
1515 5479 1541 5519 et
1557 5475 1732 5531 synodalibus
1742 5475 1865 5520 conciliis

1115 5541 1192 5586 editis
1208 5542 1378 5597 generalibus
1397 5543 1436 5585 uel
1452 5542 1609 5598 specialibus
1628 5541 1865 5586 constitutionibus

1115 5615 1141 5654 et
1162 5608 1388 5662 ordinationibus,
1409 5609 1575 5665 eaeterisque
1596 5607 1738 5654 contrariis
1759 5607 1865 5664 quibus·

1115 5687 1234 5732 cunique.

1155 5746 1249 5787 Datum
1271 5745 1369 5787 Romae
1384 5743 1453 5799 apud
1473 5747 1496 5787 S.
1518 5747 1634 5798 Petrum,
1649 5742 1699 5788 sub
1712 5741 1812 5787 annulo
1827 5741 1865 5786 Pi·

1116 5810 1239 5864 scatoris,
1260 5809 1302 5854 die
1324 5821 1369 5854 xn.
1392 5809 1458 5854 irrnii
1481 5821 1672 5865 praecemur„
1694 5808 1865 5865 pontificatus

1116 5877 1201 5923 nostri
1215 5888 1284 5922 anno
1299 5887 1336 5922 ιιι.

1812 501 1851 566 79
1901 503 1953 558 An.
1969 507 1999 558 G.
2021 505 2089 558 1833
