4788 6980
68 1549 209 1611 1111111111
224 1563 280 1597 111-

66 1608 160 1648 rulorrs

101 4649 220 4697 Contrariis
235 4652 274 4696 de·

87 4709 149 4757 rogat.

902 589 1077 636 eustonius
1098 591 1149 636 PP.
1173 592 1237 638 XVI.

298 705 411 767 stituto
433 707 572 770 unienda
594 716 626 770 et
647 709 868 785 coniungenda
888 709 926 770 ad
946 709 1044 771 bene-

300 798 450 876 placitum
481 807 685 863 nostramet
714 799 803 864 Sedis
832 799 1041 879 Apostolicae,

300 909 359 954 uec
382 909 446 955 non
468 894 643 971 diligenter
672 895 820 958 mittendi
843 893 1044 972 1111101110-

300 985 462 1062 gationem
485 988 524 1049 de
547 988 752 1067 Propagandi
786 989 861 1050 Fide
884 990 1044 1068 quampri-

299 1095 389 1141 mum
414 1082 579 1160 exemplar
597 1083 779 1144 authentica
802 1083 1043 1146 1011111011-

300 1179 390 1252 ptum
413 1175 619 1237 decretorum
635 1175 792 1248 omnium,
810 1191 891 1253 quae
907 1177 939 1238 in
955 1193 1043 1256 prae-

299 1267 434 1328 latarum
457 1267 624 1330 literarum
637 1269 890 1346 exequutionem
905 1270 1040 1343 emittet,

300 1361 381 1422 1111
397 1361 575 1438 praedictae
593 1360 859 1439 Congregationis
876 1363 1042 1426 Tabulario

300 1453 339 1515 de
361 1469 453 1516 more
475 1456 630 1516 asservari
653 1456 762 1534 possit.

339 1549 357 1622 ᾖ
380 1547 407 1608 7.
432 1547 544 1610 Eidem
560 1549 679 1626 pariter
696 1550 903 1625 negotiorum
918 1557 1043 1612 nostro-

300 1657 372 1702 rum
396 1641 515 1718 gesturi
541 1659 574 1703 ac
603 1643 821 1720 praesentium
850 1645 1043 1720 exequutori

299 1739 490 1812 potestatem
513 1734 686 1798 tribuimus
702 1735 874 1798 vicariatui
895 1737 1043 1800 Limbur-

299 1827 391 1904 gensi
406 1828 538 1890 interim
554 1835 586 1889 et
601 1829 778 1908 prorisoria
794 1832 927 1902 ratione,
943 1831 1043 1893 donee

298 1922 427 1984 anobis
459 1921 601 1984 Vicarius
630 1921 830 2001 apostolicus
860 1925 981 1986 electus
1009 1943 1043 1987 ac

298 2017 481 2079 nominatus
497 2016 606 2090 luerit,
623 2017 762 2095 aliquem
779 2017 838 2080 sibi
854 2017 1042 2081 benevisum

298 2127 332 2170 ac
371 2110 540 2187 probatum
576 2111 777 2188 dignumque
811 2111 1042 2191 presbyterum

298 2203 521 2279 praeficiendi,
553 2219 626 2265 cum
660 2203 753 2265 titulo
783 2203 983 2267 Pro-vicarii
1012 2213 1044 2268 et

297 2312 370 2358 cum
394 2295 595 2359 facultatibus
617 2297 804 2359 necessariis
835 2303 867 2359 et
893 2307 1043 2378 opportu-

297 2391 357 2451 nis.

336 2486 355 2559 g
376 2483 405 2544 8.
430 2484 617 2546 Praesentes
632 2500 761 2562 quoque
777 2484 885 2547 literas
902 2492 934 2547 et
947 2487 981 2546 in
997 2486 1042 2548 eis

297 2583 445 2639 contenta
467 2593 701 2654 quaecumque,
718 2579 813 2640 etiam
836 2595 876 2640 ex
897 2595 936 2640 eo
957 2581 1041 2656 quod

296 2673 329 2743 ii,
353 2687 492 2748 quorum
515 2671 650 2733 interest
671 2678 725 2733 aut
752 2671 908 2733 interesse
937 2681 1043 2751 posset

297 2765 329 2826 in
353 2765 509 2836 laturum,
527 2764 629 2826 vocati
651 2770 682 2825 ot
703 2765 801 2826 auditi
823 2780 887 2826 non
906 2764 1040 2838 fuerint,

297 2865 351 2920 aut
382 2857 562 2936 praemissis
585 2873 649 2919 non
683 2858 920 2931 consenserint,
952 2859 1042 2921 nullo

296 2967 438 3028 unquam
462 2959 607 3028 tempore
623 2952 661 3013 de
682 2951 898 3030 subreptionis
920 2953 973 3014 vel
989 2953 1043 3014 ob-

297 3045 467 3124 reptionis:
493 3053 546 3106 aut
568 3045 723 3106 nullitatis
745 3045 835 3118 vitio,
859 3061 917 3107 seu
939 3047 1042 3108 inten-

296 3139 390 3199 tionis
412 3143 540 3199 nostrae
566 3137 692 3199 delectu
720 3137 835 3210 notari,
858 3139 1042 3217 impugnari

296 3232 349 3293 vel
370 3233 403 3293 in
431 3232 682 3294 controversiam
711 3232 819 3292 vocari
848 3248 952 3310 posse,
987 3234 1041 3295 sed

296 3333 452 3404 perpetuo
474 3325 594 3387 ualidas
617 3331 649 3386 et
678 3325 818 3388 ellioaees
841 3326 981 3388 existere
1011 3333 1043 3388 et

296 3421 377 3492 iore,
401 3433 541 3495 suosque
563 3418 723 3497 plenarios
746 3426 777 3480 et
796 3419 941 3496 integros
967 3421 1042 3482 eile-

296 3519 367 3575 ctus
398 3512 508 3573 sortiri
531 3519 562 3573 et
593 3511 757 3584 obtinere,
787 3512 896 3589 sicque
919 3519 951 3574 et
976 3529 1041 3575 101

295 3608 369 3668 alias
390 3621 449 3684 per
471 3621 692 3682 quoscumque
714 3605 835 3668 iudices
865 3607 1041 3670 ordinarios

295 3701 349 3762 uel
361 3700 536 3776 delegatos
551 3693 752 3776 quacumque
768 3702 955 3762 auctoritate
971 3701 1042 3764 lun-

296 3801 419 3871 gentes,
444 3792 539 3854 etiam
562 3808 728 3854 causarum
751 3793 856 3871 palatii
878 3797 1041 3872 apostolici

295 3889 470 3960 auditores,
495 3905 529 3948 ac
545 3885 676 3948 Sanctae
698 3887 858 3949 Romanae
881 3889 1042 3952 Ecclesiae

296 3983 480 4046 Cardinales
503 3981 598 4043 etiam
615 3981 655 4042 de
672 3981 771 4043 latere
794 3981 928 4058 legatos,
943 3988 976 4044 et
987 3982 1041 4046 Se-

296 4079 343 4140 dis
372 4077 572 4156 Apostolicae
604 4076 762 4149 Numine,
792 4077 914 4139 sublata
943 4078 987 4140 eis
1010 4085 1042 4140 et

295 4189 409 4234 eorum
435 4171 567 4234 cuilibet
588 4171 681 4232 aliter
706 4171 865 4232 iudicandi
887 4172 1041 4234 1011111-

295 4267 441 4346 pretandi
463 4266 622 4338 facultate,
643 4265 775 4328 iudicari
790 4271 885 4342 atque
901 4266 1038 4339 deliniri,

296 4365 328 4423 et
348 4360 375 4420 si
396 4375 488 4422 secus
510 4374 608 4437 super
630 4358 680 4419 his
702 4376 718 4420 a
740 4373 902 4436 quoquam
929 4361 1040 4436 quavis

294 4453 482 4516 auctoritate
495 4453 670 4529 contigerit
684 4452 844 4523 attentari,
862 4452 991 4514 irritum
1007 4469 1041 4516 ac

294 4549 389 4612 inane
411 4548 616 4610 decernimus
638 4553 671 4608 ot
692 4546 900 4608 declaramus.

334 4644 352 4718 ἓ
373 4642 403 4702 9.
427 4641 498 4704 Νο1
514 4640 713 4702 obstantibus
730 4641 849 4701 nostris
865 4641 1040 4702 11111011-

296 4733 793 4814 111111110110110111111111111
809 4734 880 4795 iure
896 4735 1039 4810 quaesito

296 4848 360 4894 nou
389 4830 544 4900 tollendo,
569 4835 601 4890 et
626 4828 665 4890 de
693 4829 867 4890 unionibus
894 4829 1039 4891 commit-

295 4925 398 4988 tendis
411 4925 446 4986 ad
460 4929 576 5002 partae,
591 4929 721 4996 uocatis,
736 4937 874 4998 quorum
890 4923 1036 4994 interest,

295 5035 353 5081 nee
374 5035 440 5080 non
461 5017 681 5079 lateranensis
711 5016 836 5078 concilii
865 5016 1038 5080 novissime

295 5112 445 5176 celebrati
456 5111 593 5173 uniones
609 5117 777 5190 perpetuas
793 5111 854 5172 nisi
869 5112 901 5172 iu
917 5111 1038 5174 casibus

294 5225 310 5268 a
324 5207 395 5268 iure
418 5205 579 5284 permissis
595 5205 665 5267 11111
680 5205 890 5283 prohibentis,
904 5206 1038 5284 aliisque

294 5299 474 5378 apostolicis
496 5315 530 5360 ao
551 5299 584 5360 in
607 5297 809 5376 generalibus
838 5300 1038 5376 provinciali-

294 5395 419 5471 busque
435 5399 467 5454 et
481 5392 689 5470 synodalibus
705 5392 847 5454 conciliis
863 5393 955 5455 editis
968 5410 1038 5472 spe-

294 5488 425 5550 cialibus
447 5487 500 5548 111
523 5485 727 5564 generalibus
755 5487 1037 5549 constitutionibus

295 5587 326 5644 et
351 5580 618 5652 ordinationibus,
636 5579 731 5640 etiam
754 5580 947 5653 iuramento,
965 5597 1038 5643 con-

295 5675 477 5737 firmatione
498 5673 669 5752 apostolici
684 5672 737 5734 rel
759 5673 870 5749 quavis
886 5675 1038 5738 firmitate

293 5769 351 5830 alid
367 5768 536 5840 roboratis,
553 5767 678 5828 statutis
692 5774 724 5828 11
738 5769 1035 5842 consuetudinibus

293 5879 327 5924 ao
349 5861 606 5940 quibuscumque
632 5861 810 5922 concordiis
840 5869 871 5922 et
899 5875 1037 5923 conven-

295 5956 434 6019 tionibus
455 5955 563 6017 forsan
585 5954 671 6017 initis
686 5954 854 6027 roboratis,
871 5955 1037 6018 001111111-

1102 710 1141 771 111
1164 718 1196 772 01
1217 711 1408 788 approbatis,
1433 711 1611 790 privilegiis
1635 724 1776 788 quoque,
1800 708 1847 769 11-

1102 802 1199 863 dultis
1222 813 1254 865 et
1280 803 1383 865 literis
1405 804 1595 882 apostolicis,
1619 804 1683 866 illis
1710 801 1784 864 alias
1813 801 1846 862 in

1101 911 1160 957 suo
1172 895 1290 958 robore
1302 897 1532 974 permansuris,
1544 898 1581 959 ad
1594 897 1745 959 ellectum
1757 911 1845 973 prae-

1101 990 1242 1051 sentium
1275 996 1307 1052 et
1338 991 1508 1053 validitatis
1541 991 1685 1053 omnium
1720 997 1752 1051 et
1784 988 1846 1050 sin-

1102 1082 1254 1158 gulorum
1276 1084 1540 1162 praemissorum,
1574 1085 1631 1146 bac
1663 1083 1846 1145 110011111-

1102 1181 1185 1237 taxat
1206 1176 1322 1238 barum
1342 1178 1425 1240 serie
1447 1177 1628 1256 specialiter
1647 1183 1679 1238 et
1695 1191 1846 1255 expresse

1101 1269 1293 1345 derogamus
1305 1276 1348 1344 ,et
1370 1271 1559 1346 derogatum
1582 1286 1652 1332 esse
1682 1270 1843 1340 volumus,

1100 1363 1300 1440 caeterisque
1321 1365 1489 1425 contrariis
1512 1364 1781 1442 quibuscumque.

1139 1453 1228 1530 §lb
1252 1455 1441 1517 Huiusmodi
1470 1471 1549 1517 vero
1572 1455 1739 1518 literarum
1764 1461 1846 1518 tran·
1865 1536 1894 1570 su
1898 1471 1981 1580 Ι11311151
2005 1476 2077 1517 111-

1099 1548 1234 1626 sumptis
1260 1564 1317 1610 seu
1347 1549 1513 1626 exemplis,
1546 1549 1641 1610 etiam
1670 1549 1843 1626 impressis,

1100 1657 1196 1703 manu
1214 1641 1330 1704 notarii
1346 1643 1464 1720 publici
1478 1641 1676 1720 subscriptis,
1695 1647 1727 1702 et
1739 1641 1846 1718 sigillo

1099 1751 1254 1813 personae
1275 1736 1309 1797 in
1331 1736 1541 1798 ecclesiastica
1563 1736 1717 1814 dignitate
1732 1735 1847 1796 consti-

1100 1835 1187 1891 tutae
1208 1829 1351 1902 munitis,
1376 1830 1521 1891 eamdem
1544 1829 1665 1906 ubique
1687 1829 1844 1902 locorum,

1099 1923 1133 1985 in
1147 1924 1264 1986 iudicio
1280 1930 1312 1985 et
1327 1928 1427 1996 extra,
1442 1923 1538 1986 fldem
1555 1923 1665 1985 baberi
1682 1923 1844 1996 volumus,

1100 2033 1181 2096 quae
1202 2018 1276 2096 ipsis
1298 2017 1518 2096 praesentibus
1539 2016 1724 2090 baberetur,
1740 2017 1766 2078 si
1786 2017 1847 2078 ori-

1101 2112 1250 2190 ginaliter
1272 2112 1408 2196 luissent
1430 2111 1590 2172 exhibitae
1609 2111 1662 2172 vel
1684 2117 1843 2173 ostensae.

1138 2208 1157 2282 ἓ
1180 2206 1227 2268 ll.
1251 2205 1339 2268 Nulli
1361 2221 1441 2282 ergo
1457 2206 1589 2266 omnino
1615 2205 1786 2266 bominum
1808 2205 1844 2266 li·
1892 2221 2003 2266 sanctio.

1100 2307 1178 2372 ceat,
1209 2300 1288 2361 banc
1317 2300 1464 2376 paginam
1497 2304 1625 2360 nostrae
1653 2297 1841 2368 voluntatis,

1100 2391 1404 2463 dismembrationis,
1423 2391 1599 2462 divisionis,
1618 2391 1843 2469 exemptionis,

1100 2487 1244 2558 unionis,
1268 2485 1487 2556 subiectionis
1512 2483 1757 2555 commissionis,
1791 2485 1844 2546 de-

1101 2579 1284 2657 putationis
1302 2578 1451 2649 mandati,
1469 2577 1589 2639 decreti
1610 2595 1645 2638 ac
1666 2577 1845 2653 derogatio-

1101 2674 1148 2734 nis
1170 2672 1360 2750 inlringere,
1371 2671 1431 2732 'rel
1444 2671 1475 2750 ei
1491 2687 1567 2732 ausu
1585 2671 1759 2732 temerario
1773 2687 1846 2731 con-

1100 2767 1208 2828 traire.
1234 2764 1351 2842 Siquis
1367 2765 1426 2825 boc
1442 2771 1598 2826 attentare
1624 2779 1846 2841 praesumpse-

1099 2862 1151 2932 rit,
1179 2859 1435 2936 indignationem
1462 2857 1691 2936 omnipotentis
1717 2857 1784 2928 Dei,
1812 2875 1846 2918 10
1946 2931 1948 2935 Ι

1099 2953 1267 3014 beatorum
1282 2951 1368 3012 Petri
1385 2957 1417 3011 11
1431 2949 1518 3011 Pauli
1531 2947 1759 3028 Apostolorum
1777 2950 1846 3011 eius

1099 3063 1133 3108 se
1157 3046 1285 3108 noverit
1304 3046 1523 3107 incursurum.

1139 3140 1252 3201 Datum
1274 3139 1392 3200 Romae
1415 3135 1496 3215 apud
1514 3135 1544 3198 S.
1564 3137 1695 3198 Petrum
1710 3137 1770 3198 sub
1793 3153 1846 3199 an·
1902 3180 1905 3186 ·

1099 3235 1177 3296 nulo
1209 3231 1386 3302 Piscatoris,
1412 3231 1463 3292 die
1492 3249 1527 3292 n.
1561 3231 1642 3292 iunii
1670 3247 1843 3304 11100011,

1099 3329 1301 3407 pontificatus
1324 3326 1428 3388 nostri
1450 3341 1534 3386 anno
1556 3341 1587 3385 x.

1354 3525 1591 3536 ...β-...ψωμο-

1404 3701 1536 3763 CLXIX.

1119 3892 1243 3954 Erectio
1273 3891 1458 3970 episcopalis
1481 3890 1628 3952 ccclesiae
1649 3889 1685 3950 de
1707 3888 1827 3952 Sereno

1246 3985 1281 4044 irc
1302 3983 1452 4045 1111101100
1474 3981 1691 4044 Meridiortolr'.

1242 4164 1459 4234 entecnius
1483 4163 1701 4231 celsenses

1285 4345 1394 4396 servus
1417 4345 1571 4396 serrorum
1595 4327 1657 4406 1111,

1216 4451 1252 4517 11
1276 4454 1450 4534 perpetuam
1477 4449 1520 4515 rei
1544 4449 1725 4516 memoriam.

1135 4643 1183 4704 ltd
1194 4640 1385 4720 apostolicae
1397 4639 1563 4719 potestatis
1579 4639 1742 4716 fastigium
1754 4640 1845 4701 nullo

1095 4737 1170 4805 11011
1191 4737 1384 4798 meritorum
1405 4735 1557 4812 suffragio
1574 4735 1726 4796 divinitus
1742 4735 1845 4798 evecti

1095 4831 1265 4894 universos
1286 4819 1387 4908 ¹plane
1415 4829 1533 4892 Christi
1555 4829 1666 4891 fideles
1695 4829 1845 4906 pastorali

1094 4943 1169 4988 cura
1197 4924 1367 5002 complecti
1393 4923 1558 4996 debemus,
1586 4928 1698 5001 utpote
1728 4922 1782 4999 qul
1811 4923 1844 4984 11

1093 5019 1127 5079 B.
1142 5017 1227 5079 Petri
1245 5015 1473 5095 Apostolorum
1489 5015 1641 5093 Principis
1657 5015 1764 5077 locum
1781 5015 1845 5076 sui·

1094 5111 1168 5174 lecti
1179 5126 1303 5184 sumus,
1318 5109 1368 5193 cui
1380 5107 1528 5171 Christus
1540 5108 1695 5170 Dominus
1709 5123 1843 5185 gregem

1094 5220 1188 5268 suum
1221 5203 1416 5282 pascendum
1449 5202 1609 5264 commisit
1640 5203 1841 5264 universum.

1092 5298 1292 5378 Quapropter
1313 5297 1351 5360 ad
1373 5311 1428 5358 eos
1450 5295 1546 5358 etiam
1569 5311 1648 5372 quos
1667 5296 1844 5357 remotissi-

1093 5407 1163 5454 mae
1186 5391 1271 5454 orbis
1294 5398 1454 5452 terrarum
1477 5395 1582 5468 partes
1598 5407 1614 5450 a
1629 5390 1719 5451 nobis
1734 5389 1842 5451 seiun-

1094 5494 1184 5564 gunt,
1199 5485 1302 5548 studia
1313 5490 1420 5546 nostra
1433 5499 1591 5560 curasque
1606 5483 1691 5544 serio
1706 5497 1843 5546 conver-

1093 5581 1201 5650 timus,
1220 5593 1410 5654 eorumquo,
1427 5592 1508 5654 quos
1530 5576 1636 5636 animo
1652 5582 1843 5653 praesentes

1093 5673 1267 5745 cernimus,
1284 5671 1379 5733 saluti
1400 5671 1577 5742 studentes,
1597 5669 1677 5730 nibil
1702 5676 1843 5747 praeter-

1094 5765 1288 5829 mittendum
1301 5765 1447 5826 ducimus
1464 5764 1550 5840 quod
1563 5763 1599 5825 ad
1612 5769 1756 5824 aternam
1772 5763 1843 5826 bea-

1092 5861 1216 5922 titatem
1250 5859 1369 5920 eisdem
1403 5857 1647 5935 comparandam
1677 5857 1842 5935 pertinere

1096 5953 1325 6032 quoquomodo
1346 5952 1505 6014 videatur.

1768 569 1827 633 243
1857 515 1860 522 Ι
1879 571 1931 622 An.
1946 574 1975 623 C.
1999 575 2067 624 1840
