4864 6994
131 4579 276 4644 narpgatio
287 4589 347 4624 con·

125 4642 280 4682 fratrorum.

947 627 1122 674 onaoonrus
1143 625 1194 673 rr.
1218 617 1283 674 xit.

345 763 438 826 pere,
472 748 595 828 ipsique
628 750 723 810 etiam
752 747 881 810 facultas
911 748 972 808 erit
1000 746 1086 807 hisce

345 843 543 920 caeterisque
574 843 761 904 muneribus
783 857 822 904 ex
845 839 1088 904 commemorati

346 933 464 997 ordinis
486 935 679 1013 praescripto
700 952 716 995 a
737 950 770 995 se
786 933 974 1012 peragendis
990 931 1088 992 alium

346 1029 572 1106 presbyterum
589 1028 761 1105 praeficere
775 1042 831 1087 seu
848 1027 1012 1103 deputare.
1027 1021 1088 1084 Vo-

346 1121 453 1183 lumus
474 1135 564 1193 vero,
581 1127 618 1182 ut
633 1136 778 1182 summus
793 1119 976 1181 moderator
993 1133 1089 1194 gene-

347 1215 420 1276 ralis
438 1214 479 1275 sit
492 1214 664 1292 Episcopus
679 1213 770 1275 istius
785 1213 948 1284 dioecesis,
966 1228 999 1273 ac
1013 1211 1089 1272 sede

348 1307 516 1387 episcopali
545 1313 676 1368 vacante
705 1307 806 1384 prima
837 1305 974 1382 dignitas
1000 1303 1090 1364 istius

347 1401 535 1486 cathedralis
557 1401 717 1472 ecclesiae,
741 1399 889 1460 alterutri
907 1404 1013 1459 autem
1030 1396 1091 1458 erit

347 1511 449 1557 uuum
479 1511 518 1556 en
549 1493 649 1556 tribus
675 1493 870 1571 presbyteris
892 1510 908 1552 a
929 1491 1036 1569 priore
1060 1495 1091 1551 et

348 1588 557 1650 heteriarchis
579 1587 722 1648 eiusdem
750 1585 1091 1659 sodalitatis'adlegen-

349 1683 394 1744 dis
416 1681 602 1760 approbare,
626 1681 681 1756 qui
698 1679 906 1740 moderatoris
920 1676 1092 1756 spiritualIs

349 1791 485 1837 munere
506 1773 730 1852 perfungatur.
753 1771 921 1833 Praeterea
944 1771 980 1832 ad
996 1770 1092 1830 maio-

350 1885 418 1930 rem
440 1868 537 1946 ipsius
557 1865 729 1928 sodalitatis
756 1863 955 1943 spiritualem
976 1863 1093 1924 utilita-

349 1968 415 2022 tem
438 1960 578 2039 praefato
607 1958 761 2036 Episcopo
787 1957 893 2018 Sancti
920 1955 1094 2018 Sebastiani

351 2061 383 2116 et
405 2053 559 2114 Fluminis
575 2049 711 2112 Ianuarii
726 2051 922 2122 mandamus,
939 2055 975 2110 ut
990 2055 1094 2110 aucto-

351 2149 444 2207 ritate
466 2151 573 2206 nostra
595 2143 774 2222 apostolica,
799 2143 866 2204 eius
882 2143 1000 2220 pariter
1015 2141 1095 2202 arbi-

353 2240 424 2308 trio,
448 2239 481 2298 in
505 2236 903 2315 perpetuumfacultatem
926 2235 1025 2306 faciat,
1043 2251 1095 2295 cu-

351 2333 401 2393 ius
424 2348 484 2409 ope
505 2332 537 2392 lu
561 2329 692 2391 ecclesia
713 2329 886 2390 sodalitatis
913 2327 1017 2389 Sancti
1038 2327 1096 2389 Do-

353 2425 472 2492 minici,
498 2425 537 2486 de
559 2437 619 2500 qua
642 2423 757 2499 agitur,
776 2423 952 2484 dummodo
973 2437 1030 2498 pro
1053 2421 1096 2482 di-

354 2519 474 2595 gnitate
495 2519 536 2578 sit
557 2521 677 2588 ornata,
702 2533 761 2576 nec
781 2515 994 2593 suppellectili
1011 2529 1097 2592 prae-

352 2611 463 2673 sertim
486 2611 522 2672 ad
545 2611 575 2671 id
598 2610 738 2686 quaesita
753 2609 955 2679 destituatur,
972 2614 1099 2675 sanctis-

353 2707 469 2766 simum
499 2703 714 2764 Eucharistiae
743 2709 977 2764 sacramentum
1004 2708 1100 2782 possit

354 2797 520 2866 asservari,
544 2797 630 2872 quod
659 2803 764 2856 tamen
793 2796 861 2856 sine
889 2796 957 2858 ullo
978 2797 1099 2860 iurium

355 2889 585 2970 parochialium
614 2888 807 2966 praeiudicio
836 2904 1024 2951 concessum
1047 2907 1100 2952 vo-

355 2985 473 3045 lumus.
498 2981 711 3058 Praecipimus
729 2985 845 3050 tamen,
860 2987 895 3042 ut
910 2989 982 3044 ante
997 2983 1100 3045 taber·

356 3075 518 3162 naculum,
543 3089 607 3150 quo
629 3073 735 3135 divina
751 3073 851 3134 hostia
867 3075 906 3135 de
922 3091 1012 3137 more
1028 3093 1100 3138 con-

357 3170 489 3240 tinetur,
505 3169 557 3230 diu
571 3171 735 3243 noctoque·
746 3167 863 3244 lampas
874 3168 987 3239 alatur,
1000 3176 1101 3246 utque

358 3265 426 3326 eius
449 3260 643 3322 tabernaculi
665 3261 760 3321 clavis
790 3267 915 3321 maneat
939 3277 1036 3339 pones
1057 3279 1101 3324 sa-

357 3357 485 3417 cristam
506 3354 574 3414 sire
595 3352 770 3424 aedituum,
788 3352 842 3428 qui
865 3353 925 3413 fida
946 3353 1033 3414 illam
1050 3370 1102 3415 cu·

357 3448 457 3510 stadia
472 3451 612 3508 tueatur.
626 3441 773 3512 Domum,
791 3450 826 3503 ut
840 3442 999 3505 sodalibus
1016 3461 1102 3522 prae-

359 3543 428 3604 fatis
451 3541 571 3603 lucilius
593 3538 704 3600 evadat
732 3537 849 3598 festum
873 3535 977 3599 Sancti
998 3538 1102 3601 Domi-

359 3637 432 3708 nici,
456 3635 489 3696 in
510 3634 599 3696 cuius
622 3631 754 3693 tutelam
778 3631 909 3708 recepti,
927 3633 1101 3707 celebrare,

360 3733 399 3793 de
414 3727 546 3791 consilio
560 3739 724 3787 sacrorum
737 3723 866 3784 Rituum
884 3727 1105 3802 congregatio-

360 3826 408 3886 nis
430 3823 540 3885 eadem
562 3818 749 3880 auctoritate
765 3824 872 3878 nostra
886 3817 1102 3896 impertimur,

360 3923 397 3978 ut
417 3914 683 3992 quotiescumque
705 3909 785 3971 illud
809 3909 924 3972 festum
946 3911 986 3972 sit
1007 3919 1106 3974 trans-

361 4009 544 4078 ferendum,
568 4005 681 4066 missae
703 4002 808 4065 Sancti
826 4003 993 4076 dominici,
1012 4014 1107 4083 prout

361 4104 394 4164 in
413 4103 480 4163 eius
495 4100 546 4162 die
563 4098 644 4159 festo
660 4097 769 4174 peragi
784 4098 914 4174 possint,
932 4098 1107 4159 dummodo

362 4211 426 4256 nou
450 4197 596 4255 occurrat
611 4191 729 4269 duplex
745 4187 867 4268 primae
883 4191 935 4251 vel
950 4191 1107 4253 secundae

363 4289 478 4358 classis,
503 4291 659 4364 quantum
680 4285 717 4345 ad
740 4284 848 4344 missas
868 4283 981 4358 lectas3
1000 4291 1031 4346 et
1047 4286 1108 4363 pri-

363 4397 433 4444 mae
455 4380 560 4442 classis
590 4379 764 4448 uurntaxat,
793 4384 948 4454 quantum
970 4379 1007 4439 ad
1029 4381 1109 4442 sole-

363 4492 485 4545 mnem,
506 4472 706 4548 servatisque
728 4471 874 4534 rubricis.

404 4572 422 4644 ἓ
443 4569 472 4630 lt.
490 4565 571 4627 Haec
586 4564 791 4626 concedimus
807 4571 902 4642 atque
919 4569 1107 4646 elargimur,

365 4679 431 4725 uon
446 4657 642 4722 obstantibus
657 4661 764 4718 nostra
780 4665 811 4718 et
823 4659 1027 4724 cancellariae
1039 4680 1110 4741 apo-

366 4755 494 4817 stolicae
516 4751 629 4828 regula
648 4750 686 4811 de
703 4765 767 4810 non
782 4753 992 4814 concedendis
1008 4755 1111 4816 indul-

368 4848 484 4927 gentiis
505 4846 542 4906 ad
564 4844 673 4914 instar,
691 4843 823 4920 aliIsque
839 4846 1015 4922 apostolicis
1031 4865 1063 4910 ac
1079 4849 1111 4910 in

367 4937 603 5004 universalibus
632 4935 945 5015 provincialibusque
967 4947 999 5002 et
1019 4957 1112 5019 syno-

368 5034 491 5097 dalibus
505 5029 646 5094 conciliis
661 5030 752 5091 editis
766 5032 969 5107 generalibus
981 5034 1034 5096 vel
1045 5051 1113 5113 spe-

369 5127 499 5190 cialibus
511 5123 791 5202 constitutionibus
805 5131 837 5184 et
849 5125 1111 5200 ordinationibus,

369 5218 567 5294 caeterisque
589 5207 754 5278 contrariis
776 5215 1043 5294 quibuscumque.

409 5309 524 5372 Datum
552 5310 671 5370 Romae
700 5309 782 5386 apud
813 5307 844 5370 S.
869 5309 997 5372 llariam
1023 5311 1115 5375 Maio-

370 5421 441 5466 rem
462 5404 522 5465 sub
543 5400 662 5464 annulo
678 5401 841 5464 Piscatoris
858 5401 908 5464 die
924 5419 1000 5465 xxx.
1018 5421 1116 5484 augu-

370 5499 410 5562 sti
431 5513 645 5567 uncccum„
663 5495 864 5574 pontificatus
880 5497 981 5558 nostri
996 5514 1078 5559 anno
1093 5515 1114 5558 1.

707 5737 786 5800 XIII.

289 5853 298 5871 ’
377 5871 551 5955 Confirmat
572 5869 732 5935 decretam
752 5886 881 5934 ascero
899 5867 1119 5950 congregotio-

416 5983 453 6034 πε
465 5965 502 6028 de
514 5963 731 6048 Propogooda
743 5964 821 6028 Fide
835 5963 953 6027 editum
965 5980 1060 6045 sopor
1071 5963 1120 6026 io·

1184 743 1370 806 risdfcta'ooe
1393 744 1540 826 Episcopi
1562 743 1752 808 Acotbeosis
1766 746 1801 807 io
1813 762 1888 825 por·-

1185 836 1269 900 tibus
1290 837 1476 918 infidelium.

1321 1037 1619 1105 obsceniusve.
1644 1039 1714 1107 11111.

1286 1197 1747 1268 mmmmmwm

1186 1403 1205 1476 g
1228 1401 1254 1462 l.
1280 1401 1404 1462 Summi
1423 1403 1545 1463 consilii
1561 1403 1706 1467 Pontifex
1723 1407 1794 1468 Pius
1811 1405 1887 1468 Vlll.
1909 1402 2123 1504 ,ffiffi‘g‘doe'm'

1148 1496 1371 1571 praedecessor
1399 1501 1509 1557 noster·
1541 1513 1641 1574 quum
1672 1500 1890 1562 venerabilem
1992 1493 1996 1502 '

1148 1587 1281 1648 fratrem
1301 1588 1501 1650 Franciscum
1518 1590 1684 1654 Patritium
1700 1593 1838 1656 Kenncl
1853 1595 1891 1655 E-

1149 1681 1312 1759 piscopum
1335 1679 1546 1743 hrathensem
1567 1683 1601 1745 iu
1624 1687 1763 1762 partibus
1782 1687 1893 1750 inlide-

1150 1773 1228 1834 IIum
1258 1774 1405 1845 instituit,
1429 1783 1461 1836 et
1482 1776 1699 1840 coadiutorem
1728 1797 1802 1842 cum
1823 1782 1894 1842 iure

1149 1867 1358 1928 successionis
1393 1869 1587 1930 venerabilis
1626 1871 1732 1933 fratris
1767 1874 1895 1937 llenrici

1150 1959 1296 2022 Comvell
1318 1960 1408 2020 istius
1440 1961 1724 2039 Philadelphiensis
1746 1966 1896 2028 ecclesiae

1152 2053 1296 2133 Episcopi
1318 2054 1493 2131 deputavit,
1519 2057 1712 2130 gravissimis
1731 2060 1831 2120 causis
1846 2061 1896 2121 ad-

1153 2147 1275 2218 ductus
1299 2147 1338 2207 de
1360 2147 1491 2207 consili0
1511 2149 1744 2212 verrerabilium
1760 2152 1896 2214 fratrum

1153 2245 1338 2302 nostrorum
1375 2238 1505 2301 Sanctae
1543 2239 1702 2304 Romanae
1740 2244 1897 2308 Ecclesiae

1153 2332 1368 2395 Cardinalium
1397 2333 1534 2410 negotiis
1566 2335 1788 2414 Propagandae
1810 2339 1897 2401 Fidei

1155 2427 1420 2504 praepositorum,
1438 2429 1639 2490 confirmavit
1654 2431 1819 2493 decretum
1836 2433 1897 2494 iam

1155 2525 1228 2580 ante
1250 2536 1266 2579 a
1292 2537 1326 2580 se
1356 2519 1488 2592 editum,
1520 2535 1583 2596 quo
1612 2523 1696 2584 idern
1726 2523 1899 2603 Episcopus

1155 2611 1300 2674 Comrell
1324 2613 1411 2674 omni
1432 2613 1649 2676 iurisdIctione
1676 2616 1845 2695 episcopali
1867 2619 1900 2679 in

1154 2707 1241 2768 illam
1264 2703 1434 2765 dloecesim
1458 2705 1627 2766 destitutus
1649 2707 1787 2786 intelligi
1806 2711 1900 2773 dehe-

1156 2805 1215 2870 ret‚
1242 2805 1273 2858 et
1294 2803 1459 2876 praeterea
1481 2813 1549 2858 eam
1567 2815 1696 2862 omnem
1712 2801 1900 2866 iurisdictio-

1157 2909 1231 2954 nem
1247 2891 1305 2968 ipsi
1321 2889 1473 2968 EpIscopo
1489 2891 1627 2953 Kebrich
1644 2894 1711 2954 eius
1726 2897 1900 2959 coadiutori

1157 2985 1305 3048 conferre
1327 2985 1446 3044 statuit.
1464 2983 1544 3044 Cum
1560 2999 1640 3046 vero
1657 2985 1801 3064 pluribus
1817 3005 1901 3052 acce-

1157 3078 1218 3156 ptis
1235 3075 1423 3137 testimoniis
1439 3076 1651 3154 locupletibus
1666 3076 1902 3158 luculentisque

1158 3176 1280 3232 constet
1301 3183 1358 3246 per
1386 3167 1478 3229 istam
1507 3170 1677 3231 dioecesim
1707 3171 1767 3234 hoc
1795 3175 1903 3252 explo-

1158 3268 1263 3322 ratum
1287 3261 1465 3338 generatim
1488 3277 1552 3322 non
1575 3279 1654 3336 esse,
1682 3267 1904 3342 tranquillitati

1159 3356 1275 3417 idcirco
1298 3361 1392 3432 atque
1409 3355 1513 3416 ordini
1528 3355 1560 3416 in
1577 3356 1643 3417 eius
1659 3359 1818 3434 regimine
1833 3359 1905 3422 alia-

1160 3463 1222 3524 que
1244 3447 1367 3508 ratioue
1391 3447 1602 3524 prospiciendi
1624 3451 1812 3512 necessitam
1835 3469 1905 3530 per-

1158 3540 1334 3618 speximus.
1358 3539 1557 3618 Quapropter
1576 3541 1615 3602 de
1631 3543 1762 3604 consilio
1777 3561 1905 3606 eorum-

1161 3634 1234 3696 dem
1270 3632 1505 3694 venerabilium
1543 3633 1679 3696 fratrum
1719 3643 1905 3699 nostrorum

1162 3725 1291 3788 Sanctae
1317 3725 1475 3786 Romanae
1504 3726 1662 3788 Ecclesiae
1689 3727 1906 3792 cardinalium

1160 3819 1294 3897 singulis
1326 3819 1585 3881 christifidelibus
1622 3821 1717 3883 totius
1752 3821 1907 3886 Philadel-

1161 3913 1300 3994 phiensis
1322 3913 1473 3973 dioecesis
1496 3919 1608 3974 notum
1638 3915 1908 3994 manifestumque

1163 4004 1294 4066 facimus
1309 4009 1597 4066 commemoratum
1613 4005 1803 4084 Episcopum
1816 4007 1908 4070 Gom-

1163 4095 1240 4168 rell,
1257 4097 1290 4156 vi
1305 4096 1426 4158 decreti
1448 4096 1485 4157 ab
1507 4096 1575 4174 ipso
1595 4099 1838 4176 praedecessore
1854 4117 1909 4164 no·

1163 4197 1230 4251 stro
1262 4189 1460 4260 confirmati,
1495 4189 1531 4250 ab
1565 4191 1652 4252 omni
1684 4192 1909 4256 iurisdictionis

1166 4283 1348 4365 episcopalis
1367 4282 1520 4344 exercitio
1536 4299 1680 4356 cessasse,
1698 4291 1731 4346 et
1745 4301 1909 4363 nunquam

1165 4381 1202 4442 ab
1224 4380 1281 4440 hac
1304 4375 1483 4454 Apostolica
1506 4361 1587 4436 Sffle
1610 4377 1643 4436 in
1658 4393 1696 4438 eo
1713 4376 1808 4440 fuisse
1823 4379 1910 4440 insti·

1166 4477 1283 4542 tutum,
1301 4470 1356 4530 sod
1379 4484 1447 4530 earn
1465 4484 1594 4529 omnem
1609 4468 1862 4532 iurisdictionem
1878 4471 1911 4533 in

1165 4563 1343 4628 venerabili
1365 4561 1463 4624 fratre
1491 4559 1655 4623 Francisco
1677 4563 1808 4626 Patritio
1830 4565 1911 4626 Ken-

1167 4659 1247 4732 rich,
1272 4657 1322 4718 cui
1344 4657 1405 4717 iam
1428 4654 1533 4716 fuerat
1550 4653 1673 4726 collata,
1692 4657 1824 4719 omnino
1838 4674 1911 4720 con-

1166 4753 1274 4818 tineri.

1207 4850 1226 4923 ὅ
1246 4847 1275 4908 2.
1300 4845 1425 4906 interea
1447 4857 1525 4904 vero
1548 4842 1625 4904 dum
1640 4841 1700 4904 hoc
1715 4843 1911 4907 declaramus
1931 4917 1962 4962 ue
1977 4865 2143 4972 affluam

1169 4947 1201 5002 et
1222 4936 1437 5018 patefacimus
1458 4937 1645 4998 auctoritate
1660 4945 1768 4998 nostra
1782 4939 1913 5015 utrique

1169 5033 1267 5104 clero,
1292 5036 1324 5092 et
1346 5028 1464 5108 populo
1485 5029 1651 5100 universo,
1669 5029 1822 5092 dioecesis
1844 5031 1914 5092 Phi-

1170 5123 1393 5202 ladelphiensis
1426 5122 1622 5194 mandamns,
1656 5129 1693 5183 ut
1724 5121 1914 5202 Episcopum

1171 5215 1309 5280 henrich
1332 5213 1515 5276 huiusmodi
1544 5219 1698 5292 potestate
1727 5215 1915 5293 insignitum

1172 5310 1326 5388 recipIant
1348 5313 1380 5369 et
1394 5307 1572 5379 admittant,
1590 5308 1683 5384 eique
1700 5307 1827 5386 plenam
1843 5309 1916 5370 obe-

1173 5403 1324 5466 dientiam
1348 5406 1379 5462 et
1400 5401 1616 5462 reverentiam
1640 5401 1822 5474 exhibeant,
1841 5402 1917 5464 alio-

1174 5497 1251 5574 quin
1273 5493 1466 5556 sententiam
1482 5505 1577 5570 quam
1592 5493 1653 5555 rite
1669 5493 1791 5565 tulerit,
1809 5509 1917 5572 quam-

1174 5605 1237 5668 que
1252 5585 1399 5649 statuerit
1414 5601 1550 5664 poenam
1566 5587 1717 5648 adversus
1732 5587 1919 5649 inobedien-

1174 5689 1221 5744 tes
1243 5687 1275 5743 et
1297 5686 1510 5752 contumaces,
1533 5685 1634 5740 ratam
1663 5679 1862 5754 habebimus,
1888 5686 1920 5742 et

1175 5775 1325 5836 faciemus
1347 5780 1477 5834 auctore
1498 5771 1634 5834 Domino
1655 5787 1758 5850 usque
1779 5773 1817 5835 ad
1833 5771 1919 5833 satis-

1175 5867 1345 5930 factionem
1364 5865 1555 5942 condignam
1569 5863 1798 5928 inviolabiliter
1814 5865 1920 5928 obser-

1174 5976 1253 6024 sarr.

1832 605 1869 675 {9
1919 613 1972 666 An.
1986 613 2016 664 O.
2040 611 2106 664 1831
