4788 6980
1078 583 1143 629 tuli.
1168 583 1260 630 PONT.
1284 587 1324 632 DE
1346 589 1375 632 P.
1399 587 1429 632 F.
1454 585 1537 632 PARS
1558 587 1581 630 1.

801 699 1069 767 ΑΙ.1.0(111Ῐ10

648 905 770 950 HABITA
792 905 824 949 tn
850 905 1056 951 consistente
1082 905 1222 952 SECRETO

677 997 731 1042 ultr
754 997 855 1044 xxxii.
881 998 1009 1043 Aphthis
1031 999 1191 1044 nectent.

761 1166 959 1234 venerabiles
984 1167 1109 1246 1161166,

599 1356 680 1431 0666
707 1355 846 1418 Ecclesia
869 1355 1029 1418 0611161166
1056 1372 1142 1434 66666
1162 1357 1203 1419 611
1224 1358 1309 1420 vicos

560 1450 643 1527 apud
666 1455 798 1526 gentem
820 1448 1055 1511 Chaldaeorum
1075 1465 1115 1510 ex
1131 1465 1206 1526 que,
1225 1456 1309 1528 pest-

560 1557 656 1619 quam
677 1540 860 1603 Nesteriani
890 1542 1040 1618 rectores
1064 1542 1133 1604 illas
1162 1559 1309 1620 occupas·

560 1641 642 1706 sent,
667 1633 841 1712 Episcopus
863 1632 1076 1696 seleuciensis
1091 1635 1125 1696 in
1140 1651 1261 1697 nomen
1275 1653 1308 1698 66

560 1727 751 1804 dignitatem
774 1727 1003 1805 patriarchatus
1019 1727 1247 1805 Babylonensis
1262 1730 1309 1790 in-

560 1821 650 1893 vasit,
676 1820 776 1898 prebe
790 1821 870 1881 seire
887 1821 1101 1882 fraternitates
1117 1829 1238 1883 vestras
1254 1823 1309 1884 du·

560 1915 675 1976 cimus:
701 1920 903 1991 compertum
919 1914 998 1975 item
1015 1913 1137 1975 habetis
1152 1923 1307 1992 quantum

559 2006 694 2068 Rotnani
715 2006 895 2078 Pontifices,
919 2023 977 2084 pre
998 2008 1146 2086 imposita
1166 2008 1226 2069 sibi
1248 2011 1309 2072 sol-

559 2099 726 2162 licitudine
749 2100 895 2161 emnium
910 2101 1129 2174 ecclesiarum,
1147 2103 1310 2164 laborave-

559 2195 635 2266 rint,
660 2194 693 2255 in
722 2209 831 2256 curam
860 2195 992 2267 intenti,
1016 2201 1052 2256 61
1076 2197 1208 2274 6666166
1237 2197 1309 2258 11166

557 2287 640 2349 61661
662 2303 738 2349 oves
760 2302 841 2364 quae
854 2287 1016 2365 perierant
1031 2296 1120 2350 extra
1142 2306 1239 2351 unam
1255 2305 1309 2352 ve-

559 2395 626 2440 ram
643 2379 816 2442 Ecclesiam
829 2387 984 2452 errantes,
998 2381 1031 2442 in
1043 2383 1164 2444 caulam
1182 2383 1308 2446 Domini

557 2479 760 2536 revocarent.
785 2473 914 2536 Utinam
937 2490 1017 2536 vere
1041 2491 1130 2552 pares
1146 2479 1309 2554 pastorali-

559 2567 617 2629 bus
639 2567 771 2630 illerum
800 2569 912 2630 studiis
935 2586 969 2632 ae
996 2569 1157 2631 laboribus
1186 2571 1309 2634 fructus

558 2661 817 2738 respondissent!
853 2660 932 2739 Spes
966 2662 1096 2740 quidem
1130 2664 1307 2726 identidem

558 2753 659 2816 1611616
682 2753 788 2814 exitus
811 2761 938 2815 ostensa
960 2762 1018 2826 est,
1037 2757 1225 2833 praesertim
1242 2773 1308 2818 me-

558 2849 611 2910 die
632 2847 761 2910 circiter
777 2849 904 2911 saecule
919 2850 1149 2923 sextodecimo,
1168 2867 1242 2913 cum
1257 2853 1308 2914 vir

558 2942 739 3020 praeclarus
756 2940 887 3003 Simeon
901 2941 1035 3004 Sulaeha
1048 2945 1227 3006 acatholica
1240 2963 1308 3024 par-

559 3039 590 3094 16
612 3031 749 3094 66116616
772 3033 957 3096 chaldaicae
980 3041 1086 3112 paster
1103 3037 1224 3098 electus
1247 3045 1305 3111 est,

559 3131 591 3188 61
612 3143 628 3186 6
651 3125 704 3187 iel.
728 3127 853 3188 record.
878 3126 959 3189 lulio
981 3127 1030 3190 111.
1054 3128 1212 3190 616611666
1235 3147 1308 3192 666-

558 3219 692 3292 ilrmata,
717 3219 896 3281 Patriarcha
911 3221 1050 3283 solemni
1068 3222 1131 3283 6116
1155 3223 1308 3286 66661116-

559 3317 622 3374 tus:
647 3312 726 3374 item
747 3313 806 3374 sub
829 3313 883 3376 iel.
901 3315 1026 3376 record.
1051 3314 1239 3378 innocentie
1254 3317 1305 3378 111.

558 3421 661 3482 6666
690 3405 844 3484 Iosephus
873 3408 974 3470 dietus
1002 3407 1143 3480 Primus,
1172 3409 1234 3472 1611
1255 3409 1307 3472 Ρ6-

558 3499 695 3562 161666116
717 3501 934 3562 66666616166.

597 3591 639 3654 ht
659 3594 776 3656 mansit
797 3594 899 3657 nihile
918 3595 1026 3658 minus
1042 3595 1162 3675 duplex
1184 3597 1237 3660 illa
1259 3615 1307 3660 66-

556 3687 1305 3769 riesPatriareharum,alteraschismaticerum;

557 3781 657 3842 altera
678 3779 924 3842 catholicorum:
951 3783 1063 3854 donee,
1088 3785 1307 3848 conditionem

557 3872 753 3952 populorum
785 3873 917 3935 illerum
950 3875 1123 3937 miserante
1151 3876 1305 3950 Domine,

557 3965 612 4028 Pie
634 3964 685 4028 Vl.
710 3965 899 4028 immertalis
921 3969 1097 4031 memoriae
1124 3972 1308 4048 praedeces-

556 4059 621 4120 sori
637 4064 747 4120 nestro
763 4060 897 4136 contigit
908 4069 944 4122 ut
956 4063 1138 4139 complures
1154 4080 1194 4125 ex
1210 4072 1307 4141 gente

557 4151 792 4216 Chaldaeorum
814 4153 1015 4217 Patriarchae
1037 4155 1227 4221 Nestoriane
1256 4161 1307 4222 ad-

558 4246 621 4307 1166
641 4246 800 4308 subiectos
815 4246 848 4308 in
864 4247 972 4309 sinum
994 4251 1175 4312 eommunis
1197 4255 1306 4316 matris

557 4339 717 4401 Ecclesiae
739 4341 913 4402 redeuntes
930 4341 1104 4420 exciperet.
1122 4343 1200 4406 Nam
1219 4345 1307 4409 loan-

558 4449 614 4494 nes
636 4433 675 4494 de
698 4432 849 4505 Hermen,
867 4433 921 4510 qui
938 4435 975 4496 ab
992 4433 1059 4496 Elia
1074 4436 1189 4499 Patrue
1211 4440 1307 4500 schis-

558 4526 673 4588 matico
699 4525 878 4588 Patriarcha
905 4527 1116 4606 Babylonensl
1144 4547 1307 4595 successor

558 4635 635 4680 6666
651 4618 756 4680 166661
771 4619 959 4693 declaratus,
976 4621 1135 4686 Ecclesiae
1147 4623 1306 4688 Romanae

558 4729 592 4774 se
607 4713 763 4774 adiunxit.
781 4712 808 4774 ls
823 4714 984 4776 tamenab
1000 4721 1128 4777 exortas
1144 4717 1178 4778 in
1194 4718 1305 4780 eadem

559 4812 656 4882 genta
678 4807 914 4868 controversias
936 4808 989 4870 diu
1013 4809 1138 4884 agnitus
1158 4810 1219 4871 luit
1241 4818 1306 4874 tan·

559 4904 686 4960 161661
715 4899 980 4980 Archiepiseopus
1011 4903 1218 4977 Mesulcnsis,
1247 4923 1307 4968 nec

559 4991 620 5052 nisi
642 5008 725 5054 anno
746 5009 933 5057 unceexxx.
958 5013 974 5057 a
996 4995 1050 5058 161.
1068 4997 1193 5059 record.
1218 5014 1306 5076 prae-

559 5085 727 5148 decessore
743 5093 854 5150 666166
870 5089 924 5150 Pio
940 5089 1017 5152 11111.
1036 5092 1242 5153 renunciatus
1259 5101 1307 5154 est

558 5177 738 5240 Patriarcha
769 5180 1008 5259 babylonensis,
1043 5191 1075 5245 et
1105 5185 1184 5246 sacri
1203 5184 1306 5267 ¹Pallii

558 5273 683 5334 honere
715 5273 895 5336 decoratus:
931 5282 1022 5338 antea
1054 5278 1240 5351 constituto,
1271 5287 1307 5341 ut

558 5365 791 5428 Patriarchatus
812 5367 1024 5444 abrogaretur
1047 5369 1149 5432 dictus
1178 5371 1306 5433 Diarhe-

558 5461 724 5534 chirensis,
742 5477 782 5522 ex
804 5477 868 5538 quo
890 5462 922 5522 in
945 5479 980 5523 ea
1004 5463 1245 5542 Mesopotamiae
1265 5466 1306 5526 ci-

558 5553 656 5614 vitate
678 5553 877 5616 Patriarchae
903 5555 1048 5617 catholici
1079 5557 1189 5618 sedem
1215 5573 1305 5619 suam

560 5645 677 5708 habere
693 5653 881 5724 coeperunt.
900 5647 999 5710 Porro
1012 5665 1085 5711 cum
1101 5652 1305 5728 postmodum

559 5738 648 5800 senio
671 5739 881 5816 languescens
904 5741 1082 5804 Patriarcha
1111 5743 1244 5804 loannes
1267 5745 1305 5806 de

559 5829 697 5892 Hermen
719 5833 773 5892 rix
794 5833 857 5894 iam
879 5834 1002 5896 valeret
1030 5835 1158 5897 muneri
1179 5851 1237 5898 sno
1260 5854 1305 5898 sa-

560 5922 715 5996 tisfacere,
750 5925 855 5987 visum
886 5934 935 5988 est
961 5934 1089 5990 nestrae
1121 5929 1305 6008 cengrega-

1363 705 1442 766 tieni
1463 703 1551 766 Fidei
1573 703 1797 783 Propagandae
1822 703 2041 766 coadiutorem
2063 701 2112 764 illi

1363 813 1436 860 curn
1458 798 1530 858 iure
1552 797 1679 860 futurae
1708 797 1917 860 successionis
1948 811 2018 858 esse
2039 795 2112 856 assi-

1364 889 1538 966 gnandum,
1553 905 1689 967 eamque
1701 889 1891 966 dignitatem
1907 888 2112 950 tribuendam

1363 981 1490 1045 Nicolae
1506 983 1601 1044 166166
1616 982 1717 1044 1666111
1739 981 1973 1059 Hadirbegiane
1989 982 2022 1042 in
2038 979 2112 1042 Per-

1361 1075 1429 1137 side
1458 1075 1715 1154 Archiepiscepo,
1748 1091 1846 1152 quem
1878 1076 1946 1154 ipse
1977 1075 2112 1154 loannes

1363 1175 1614 1240 consecraverat,
1645 1167 1781 1246 collegii
1801 1167 1921 1230 Urbani
1947 1166 2024 1228 elim
2046 1165 2112 1228 alu·

1363 1277 1450 1324 mne.
1474 1261 1653 1324 Consilium
1677 1263 1736 1324 hee
1761 1261 1905 1324 eiusdem
1927 1260 2112 1338 Congrege-

1363 1355 1457 1418 tionis
1486 1356 1602 1418 initum
1631 1356 1682 1418 die
1704 1372 1734 1416 x.
1758 1363 1838 1433 sept.
1863 1370 2111 1416 nocecxxxrnr.

1363 1449 1519 1526 rescripte
1538 1454 1650 1509 nestro
1666 1447 1870 1526 probavimus
1890 1447 1962 1509 date
1977 1447 2028 1508 die
2044 1463 2110 1508 xrr.

1363 1542 1483 1603 mensis
1500 1541 1655 1613 eiusdem,
1673 1539 1825 1616 66116666
1840 1540 2027 1617 interposita
2045 1555 2113 1602 me-

1363 1651 1407 1708 ra,
1431 1635 1620 1712 apostolicae
1643 1634 1768 1696 litterae
1789 1634 1849 1694 suh
1870 1633 1989 1695 annulo
2012 1633 2113 1695 Pisca-

1364 1725 1442 1791 tdris
1464 1745 1500 1790 ea
1522 1730 1561 1790 de
1583 1744 1619 1788 66
1641 1727 1775 1788 1666661
1796 1727 1974 1804 expeditae,
1994 1726 2112 1803 quibus

1364 1823 1514 1884 cumdem
1537 1821 1646 1882 1661661
1669 1820 1888 1882 coadiutorem
1911 1821 2113 1882 Patriarchae

1363 1914 1591 1993 babylonensis
1613 1929 1686 1976 curn
1708 1913 1779 1974 iure
1797 1903 1925 1974 1616666
1939 1914 2113 1975 666666616-

1364 2009 1411 2070 616
1434 2024 1503 2070 6666
1526 2025 1541 2068 6
1564 2007 1655 2068 nobis
1681 2006 1821 2068 electum
1844 2013 1876 2067 61
1898 2007 2111 2068 constitutum

1363 2101 1617 2176 declarabamus;
1641 2101 1683 2162 ita
1706 2105 1879 2172 16166661,
1903 2100 2113 2178 1666166666

1363 2195 1402 2256 de
1436 2193 1574 2262 Hermu
1606 2194 1755 2266 virente,
1787 2191 1867 2254 nihil
1896 2193 1925 2254 61
1954 2193 1999 2254 166
2027 2199 2113 2256 66661

1363 2303 1459 2364 agere
1469 2289 1501 2348 in
1513 2287 1742 2366 patriarchatus
1754 2285 2039 2360 administratione,
2051 2288 2112 2349 nisi

1363 2387 1517 2458 quantum
1542 2387 1574 2442 et
1589 2391 1746 2457 quatenus
1768 2379 1853 2440 idem
1875 2379 2009 2442 loannes
2025 2389 2113 2446 esset

1363 2475 1585 2548 ordinaturns3
1609 2473 1755 2549 eiusque,
1780 2472 1817 2535 ad
1840 2488 1909 2534 eam
1933 2474 2110 2550 666116111-

1363 2575 1467 2638 neret,
1491 2567 1636 2628 mandata
1658 2565 1790 2628 omnine
1816 2573 1976 2644 praestare
1998 2573 2030 2628 et
2051 2567 2112 2628 im-

1364 2661 1453 2740 plere
1469 2659 1616 2734 deberet;
1640 2659 1666 2720 si
1681 2665 1788 2720 661616
1804 2659 1859 2720 1116
1874 2659 2005 2721 16166161
2025 2668 2112 2723 66661

1363 2755 1466 2816 evita
1489 2769 1690 2824 excessurus,
1715 2759 1770 2814 661
1790 2753 1896 2814 forsan
1919 2754 1981 2814 iam
2003 2771 2112 2816 exces-

1361 2850 1454 2910 sisset
1476 2848 1661 2926 priusquam
1684 2847 1816 2908 eaedem
1838 2853 1968 2908 nostrae
1982 2846 2112 2910 litterae

2180 10 2230 33 ¹-
2359 11 2383 152 Ιι

2143 567 2197 619 An.
2212 569 2242 618 (l.
2264 569 2327 622 tote

1362 2941 1596 3022 pervenissent,
1613 2955 1670 3001 seu
1687 2940 1865 3018 praedictus
1887 2941 1955 3001 eius
1977 2941 2111 3018 patriar·
2167 2984 2169 2988 .

1361 3035 1471 3096 chatus
1498 3048 1703 3112 quecumque
1732 3032 1828 3094 mede
1850 3039 1987 3104 vacaret,
2019 3049 2111 3096 eum-

1362 3127 1434 3189 dem
1464 3127 1629 3190 Nicolaum
1658 3125 1766 3187 lsaiam
1789 3126 1822 3186 in
1851 3125 1919 3188 eius
1948 3125 2055 3188 166616
2078 3133 2112 3190 61

1362 3222 1497 3299 gradum
1520 3222 1598 3282 item
1621 3219 1858 3284 declarabamus
1883 3217 1969 3280 velle
1991 3236 2049 3282 nes
2073 3221 2112 3282 il·

1361 3315 1421 3377 lice
1443 3315 1655 3390 subrogatum
1670 3328 1744 3374 eum
1760 3311 1909 3374 omnibus
1925 3319 1958 3374 et
1972 3313 2111 3390 singulis

1361 3407 1571 3479 facultatibus,
1589 3421 1670 3483 qnae
1685 3406 1847 3484 praedicte
1862 3405 1970 3468 loanni
1985 3407 2111 3469 ratione

1360 3499 1589 3579 patriarchatus
1612 3499 1649 3560 ab
1671 3499 1728 3561 hae
1744 3498 1925 3576 Apostoliea
1938 3498 2020 3562 Sede
2036 3515 2111 3562 con-

1360 3611 1467 3657 cessae
1489 3602 1521 3656 61
1542 3593 1714 3655 attributae
1730 3593 1875 3664 luissent,
1897 3593 2026 3654 dimisso
2042 3609 2110 3656 cae-

1360 3688 1511 3765 teroquin
1540 3688 1628 3766 prius
1657 3687 1932 3765 archiepiscopatu
1958 3687 2110 3750 Hadirbe·

1361 3783 1455 3860 glane
1477 3781 1738 3852 ritusChaldaiei‚
1758 3797 1822 3858 que
1837 3781 2029 3858 petiebatur.
2053 3781 2110 3844 (16-

1360 3891 1414 3936 666
1436 3891 1472 3936 66
1494 3875 1561 3953 1666
1582 3875 1703 3947 accidit,
1728 3875 1777 3936 661
1804 3875 1969 3953 6661116616
1992 3875 2107 3938 luerat.

1360 3969 1438 4031 Nam
1461 3986 1534 4032 eum
1557 3969 1683 4032 litterae
1704 3969 1777 4030 illae
1799 3975 1925 4030 nestrae
1950 3969 1984 4030 in
2010 3969 2110 4032 blese-

1359 4065 1530 4145 petamiam
1552 4065 1663 4126 allatae
1679 4071 1765 4136 sunt,
1783 4065 1845 4124 iam
1862 4077 2041 4126 excesserat
2055 4064 2109 4126 Ρ6-

1346 4160 1497 4232 triarcha
1518 4157 1651 4220 loannes
1673 4159 1712 4220 de
1734 4157 1893 4219 Hermen:
1917 4157 1996 4219 obiit
2021 4159 2109 4220 enim

1360 4254 1411 4315 die
1434 4269 1499 4314 xvr.
1523 4251 1651 4328 augusti
1673 4267 1755 4313 anno
1781 4267 2049 4326 unecexxxvrn.;
2073 4251 2109 4314 il-

1360 4347 1415 4408 lud
1437 4352 1545 4408 eutem
1567 4345 1679 4407 accidit
1701 4359 1777 4406 sane
1800 4359 1894 4422 quam
1913 4352 2107 4424 opportune,

1360 4447 1396 4502 ut
1417 4439 1562 4502 nendum
1584 4453 1689 4500 nevus
1710 4437 1776 4499 illie
1791 4437 1971 4500 Patriarcha
1987 4438 2109 4500 6166166

1360 4539 1456 4594 66661.
1470 4533 1590 4610 ltaque,
1604 4532 1719 4594 litteris
1732 4531 1912 4610 apostolicis
1928 4531 2106 4610 publicatis,

1359 4627 1487 4703 agnitus
1509 4631 1722 4703 acceptusque
1745 4630 1794 4685 est
1815 4624 1995 4686 Patriarcha
2017 4623 2109 4687 Nice·

1360 4719 1428 4780 laus
1456 4718 1548 4780 166166
1580 4717 1698 4790 lacobi,
1728 4725 1829 4794 61666
1858 4734 1898 4780 ex
1926 4719 2042 4780 litteris
2070 4720 2108 4782 ab

1359 4811 1490 4874 Oriente
1512 4827 1625 4873 recens
1641 4811 1775 4889 acceptis
1798 4811 2030 4884 intelleximus,
2045 4811 2106 4874 iam

1359 4922 1393 4967 se
1415 4905 1470 4968 ille
1493 4905 1670 4980 bagdadam
1692 4905 1883 4977 contulerat,
1907 4904 1963 4966 ubi
1983 4905 2110 4968 Franci-

1358 5014 1448 5060 scum
1471 4997 1709 5060 Villardellium
1731 4996 2017 5075 Archiepiseepum
2038 4997 2108 5060 Phi-

1359 5091 1554 5169 lippensium
1583 5089 1789 5152 visitatorem
1818 5091 2028 5168 apostolicum
2055 5107 2108 5170 ep-

1360 5183 1555 5262 periebatur‚
1573 5183 1675 5244 varias
1698 5183 1926 5260 patriarchatus
1946 5183 2108 5246 dioeceses

1360 5293 1431 5338 6616
1456 5292 1493 5338 66
1516 5277 1781 5354 66616616616666.
1805 5277 1886 5338 (lum
1902 5277 2002 5354 igitur
2018 5278 2044 5338 is
2060 5295 2109 5340 ea·

1359 5371 1509 5434 rumdam
1532 5371 1563 5430 vi
1580 5371 1761 5432 litterarum
1784 5370 2030 5449 apostolicarum
2046 5372 2108 5432 iam

1359 5465 1468 5526 loanni
1499 5465 1690 5527 successerit
1722 5481 1761 5525 ex
1793 5465 1977 5527 coadiutere
2010 5465 2108 5528 166166

1360 5559 1548 5630 Patriarcha,
1573 5573 1674 5620 unum
1697 5557 1775 5619 illud
1802 5557 1967 5634 reliquum
1990 5565 2049 5628 est,
2074 5564 2109 5619 ut

1360 5652 1429 5712 eius
1452 5651 1591 5727 dignitas
1611 5667 1699 5712 sacro
1724 5650 1830 5728 pallio,
1855 5651 2020 5728 pastoralis
2043 5649 2108 5712 elli-

1359 5743 1398 5806 eii
1420 5743 1629 5821 plenitudinis
1651 5741 1810 5820 symbolo,
1834 5741 2059 5821 amplificetur.

1398 5837 1530 5911 Qualem
1558 5853 1631 5898 6616
1665 5843 1756 5897 66166
1785 5836 1998 5914 cognorimus
2034 5853 2106 5900 cum

1359 5947 1578 5993 successorem
1606 5929 1730 5992 loannis
1757 5931 1796 5992 de
1825 5931 1964 5993 llermez
1993 5931 2108 5994 consti-
