4864 6994
98 597 154 652 An.
170 602 201 654 d.
223 598 293 654 rest

89 747 147 791 sedi
176 753 234 795 acta
259 759 306 794 ex-

86 800 165 855 plata.

932 615 1106 666 annuamus
1127 619 1178 664 rr.
1201 611 1267 667 xvf.

325 737 481 814 sequaris,
511 736 789 816 expectationique
816 745 945 800 nostrae
974 737 1069 817 plene

325 831 529 908 respondeas,
547 847 581 892 ac
595 830 708 894 sedulo
729 831 908 908 recogitans
932 837 964 893 et
984 831 1069 908 ipsos

325 929 454 984 veteres
470 923 657 986 christianos
671 941 710 984 cx
726 924 950 986 remotissimis
965 924 1070 1000 regio-

326 1015 430 1088 nibus,
447 1022 530 1078 teste
545 1017 704 1096 cypriano
716 1023 869 1096 martyre,
887 1036 905 1076 1
919 1017 1070 1093 navigare

325 1125 451 1170 »ausos
473 1111 511 1171 ad
533 1109 619 1171 Petri
640 1111 823 1172 cathedram
846 1117 940 1187 atque
962 1110 1000 1171 ad
1015 1110 1072 1170 Ec-

326 1219 345 1260 a>
359 1201 488 1263 alesiam
511 1202 730 1281 principalem,
747 1205 834 1265 unde
850 1203 956 1264 unitas
970 1217 1071 1264 sacer-

326 1314 344 1353 »
360 1295 472 1356 dotalis
487 1301 556 1357 orta
571 1303 618 1357 est
632 1313 650 1355 a
665 1297 874 1375 respicientes
889 1296 922 1358 in
938 1313 973 1358 ea
988 1302 1072 1358 nata-

325 1387 391 1448 lem
406 1387 529 1449 fontem
546 1389 583 1450 ad
605 1404 703 1465 quem
726 1405 856 1450 necesse
872 1395 919 1450 est
941 1405 1071 1450 omnem

327 1481 501 1542 convenire
523 1481 715 1549 Ecclesiam,
739 1499 804 1544 non
826 1483 952 1544 omittas
976 1483 1014 1544 de
1036 1499 1072 1543 re

326 1575 478 1636 universa
499 1591 558 1636 nos
581 1576 735 1636 certiores
757 1576 871 1646 lacere,
889 1575 1072 1638 difficiliori-

327 1666 451 1744 busque
472 1667 506 1728 in
525 1669 673 1745 negotiis,
692 1684 731 1730 ex
747 1685 837 1730 more
859 1669 1072 1744 institutoque

325 1760 496 1830 maiorum,
515 1759 631 1823 Sedem
646 1761 858 1839 Apostolicam
881 1763 1070 1838 consulere3

327 1853 382 1913 sed
398 1859 431 1914 et
445 1853 586 1914 districte
602 1854 659 1915 tibi
675 1855 899 1933 praecipimus,
912 1861 949 1916 ut
963 1855 1072 1931 singu-

327 1946 364 2006 lis
386 1946 523 2008 bienniis
545 1947 691 2009 eamdem
711 1947 827 2009 Sedem
846 1947 1070 2026 Apostolicam,

327 2039 598 2114 quemadmodum
621 2040 744 2102 haecse
766 2040 913 2112 habeant,
938 2041 1072 2117 diligen-

327 2138 377 2192 ter
392 2133 513 2202 doceas,
535 2132 572 2192 ad
588 2148 656 2193 eam
673 2133 776 2193 missis
792 2133 999 2209 delegationis
1015 2149 1071 2194 seu

326 2223 516 2286 visitationis
529 2225 719 2303 apostolicae
731 2226 816 2297 actis,
833 2242 906 2286 cum
919 2227 957 2288 iis
973 2225 1072 2288 anim-

326 2317 589 2389 adversionibus,
624 2334 701 2394 quas
735 2319 917 2380 fraternitas
950 2326 1002 2380 tua
1034 2320 1072 2381 ad

327 2411 427 2487 ipsam
450 2409 568 2473 Sedent
590 2412 623 2472 in
645 2411 766 2473 eisdem
789 2420 877 2474 recte
898 2414 1071 2474 certioran-

326 2503 398 2564 dam
421 2509 601 2582 opportune
623 2503 753 2565 duxeris
768 2505 995 2581 adiungendas.
1019 2505 1071 2566 His

325 2597 436 2672 igitur,
467 2611 541 2658 ven.
572 2595 687 2668 frater,
719 2602 751 2658 te
783 2598 1071 2675 praemuniendum

227 2687 228 2691 ’
326 2690 487 2760 duximus,
512 2705 570 2767 pro
584 2690 741 2767 spirituali
763 2690 849 2752 bono
870 2691 1002 2752 illorum
1023 2708 1072 2753 re-

327 2783 499 2859 gularium,
524 2799 605 2860 quos
626 2783 755 2861 respicit
783 2785 992 2862 apostolicum
1015 2787 1072 2846 mi-

326 2877 508 2948 nisterium,
523 2877 609 2952 quod
621 2877 677 2938 tibi
691 2878 963 2948 demandavimus,
978 2885 1072 2954 atque

327 2987 366 3030 en
388 2971 437 3032 his
461 2969 696 3046 quodammodo
719 2970 827 3032 metiri
856 2971 975 3048 poteris
1003 2979 1072 3032 tum

327 3063 584 3139 magnitudinem
605 3063 702 3124 studii
725 3069 872 3124 aeternae
895 3079 1005 3124 earum
1028 3081 1073 3124 sa-

326 3156 402 3217 lutis
413 3155 642 3233 procurandae,
653 3171 717 3232 quo
728 3173 897 3232 urgemur,
909 3163 978 3218 tum
994 3157 1073 3218 fidu-

327 3249 418 3320 ciam,
443 3263 538 3325 quam
560 3248 593 3308 in
617 3255 669 3308 tua
690 3248 833 3310 doctrina
848 3267 882 3310 ac
905 3249 1073 3326 prudentia

328 3341 565 3404 collocavimus.
591 3340 674 3402 Deus
696 3347 728 3402 ct
750 3341 840 3402 Pater
869 3341 996 3404 Domini
1018 3359 1073 3404 no-

326 3435 384 3496 stri
405 3433 475 3495 lesu
496 3433 626 3502 Christi,
650 3441 739 3511 pater
767 3435 1070 3509 misericordiarum,

328 3534 360 3588 et
380 3526 463 3588 Deus
486 3527 584 3588 totius
606 3527 840 3598 consolationis,
863 3529 918 3605 qui
934 3530 1073 3591 consola-

328 3627 381 3682 tur
403 3636 461 3682 nos
482 3621 515 3680 in
539 3620 628 3680 omni
649 3620 857 3682 tribulatione
879 3631 996 3695 nostra,
1021 3623 1074 3684 det

327 3713 390 3774 illis
404 3713 606 3774 intellectum
622 3714 656 3774 in
672 3714 720 3774 his
737 3715 896 3787 omnibus,
914 3723 950 3778 ut
965 3732 1022 3794 per
1038 3733 1073 3777 ea

329 3807 484 3886 possimus
500 3812 532 3866 et
546 3806 605 3884 ipsi
620 3807 777 3868 consolari
794 3824 857 3880 eos,
872 3809 972 3885 quiin
986 3810 1073 3870 omni

329 3915 476 3978 pressura
499 3905 585 3960 suut.

103 3999 309 4045 racananenca
368 3990 437 4068 56.
461 3991 540 4054 llinc
562 3993 724 4065 volumus,
748 4001 785 4055 ut
807 3994 1022 4072 praesentium
1038 3997 1074 4056 li-

92 4054 272 4110 transumptis.

328 4091 470 4147 terarum
495 4085 650 4164 exemplis
672 4086 768 4147 etiam
796 4088 952 4166 impessis‚
977 4105 1072 4151 manu

328 4185 436 4241 tamen
458 4186 512 4242 tua
532 4180 716 4259 subscriptis
738 4197 771 4242 ac
793 4181 900 4258 sigillo
928 4184 1071 4256 munitis

330 4273 441 4334 eadem
463 4287 595 4350 prorsus
617 4273 695 4335 fides
717 4273 889 4346 habeatur,
915 4289 995 4351 quae
1019 4293 1073 4338 no-

328 4372 411 4427 strae
432 4365 605 4427 voluntatis
619 4365 842 4443 significationi
865 4367 950 4429 hisce
973 4367 1073 4430 literis

330 4459 465 4520 ostensis
486 4459 670 4530 haberetur,
695 4466 790 4535 atque
811 4460 941 4521 interim
971 4461 1073 4524 coele·

329 4552 384 4613 stis
406 4551 515 4614 auxilii
531 4552 702 4630 auspicem,
721 4557 912 4630 nostraeque
934 4553 1073 4616 benevo·
1100 4614 1102 4629 ,

328 4646 446 4710 lentiac
459 4647 585 4726 pignus,
600 4646 802 4724 apostolicam
815 4646 1073 4711 benedictionem
1100 4634 1102 4675 ¹

329 4738 520 4801 fraternitati
542 4747 613 4802 tuuc
628 4746 831 4817 peramanter
854 4740 1071 4818 impertimur.
1100 4768 1103 4815 r

367 4831 482 4893 Datum
503 4831 622 4893 Romae
650 4832 733 4910 apud
762 4831 793 4893 S.
824 4832 952 4894 Mariam
982 4835 1074 4896 llaio-
1101 4822 1103 4893 Ξ

329 4941 399 4986 rem
422 4926 481 4986 sub
503 4925 622 4987 annulo
643 4925 808 4988 Piscatoris
840 4927 891 4987 dic
913 4944 980 4988 xix.
1005 4929 1074 4990 iulii
1101 4898 1104 4991 l

329 5033 543 5090 1111111111,
568 5019 769 5112 pontificatus
792 5020 894 5080 nostri
916 5037 999 5082 anuo
1021 5037 1042 5082 1.

585 5219 823 5230 m·—

669 5395 734 5458 vll.

334 5583 495 5647 Concessio
507 5583 726 5665 indulgentiae
743 5581 954 5659 assequendae
966 5579 1004 5644 ab
1019 5581 1074 5650 cis,

371 5679 423 5754 qai
458 5677 671 5757 interfuerint
703 5676 818 5737 missac
857 5673 1076 5753 conceptionis

372 5769 577 5834 celebrandae
597 5771 633 5832 in
655 5773 812 5831 conventa
835 5767 946 5830 Sancti
962 5767 1076 5829 Didaci

372 5861 515 5924 civitatis
544 5860 682 5924 Sanctae
710 5860 801 5923 Fidei
828 5859 865 5922 dc
894 5857 1014 5939 Rogata
1041 5860 1076 5920 in

370 5955 528 6020 almerico.
777 5961 784 5974 '

1300 784 1519 855 defleamus
1542 786 1600 853 ΡΡ.
1624 784 1695 852 lllll.

1246 921 1282 988 ad
1305 925 1478 1004 perpetuum
1501 921 1544 986 rei
1571 885 1750 988 memorien.

1166 1112 1185 1185 5
1209 1111 1236 1171 l.
1260 1110 1352 1183 Gum,
1370 1111 1452 1172 sicut
1466 1110 1556 1172 nobis
1571 1125 1675 1188 nuper
1698 1109 1814 1188 exponi
1830 1107 1874 1170 fe·
1893 1107 2033 1208 cffif'm
2047 1119 2103 1166 pra-

1128 1204 1170 1264 cit
1192 1203 1325 1265 dilectus
1347 1203 1431 1265 filios
1454 1201 1597 1279 Angelus
1613 1202 1678 1281 Ley
1694 1207 1873 1264 conventus

1130 1295 1160 1358 S.
1185 1296 1289 1359 Didaci
1312 1297 1447 1358 fratrum
1470 1295 1594 1357 Ordinis
1617 1296 1777 1359 llinorum
1798 1293 1874 1356 San·

1129 1390 1170 1452 cti
1182 1389 1339 1451 Francisci
1351 1390 1389 1452 de
1402 1389 1603 1450 observantia
1617 1388 1873 1451 Recollectorum

1129 1489 1399 1561 nuncupatorum,
1422 1487 1459 1542 ut
1479 1482 1640 1554 asseritur,
1664 1482 1823 1559 superior,
1840 1481 1874 1542 in

1129 1575 1261 1636 ecclesia
1284 1575 1358 1636 dicti
1379 1580 1556 1637 conventus
1585 1574 1720 1636 civitatis
1743 1573 1874 1636 Sanctae

1129 1667 1216 1730 fidei
1233 1667 1272 1730 de
1288 1667 1407 1745 Bogota
1429 1669 1461 1729 in
1473 1667 1619 1728 Americ‘a
1641 1667 1735 1728 missa
1755 1666 1874 1729 Conce-

1130 1761 1247 1839 ptionis
1268 1761 1378 1823 beatae
1400 1761 1514 1822 llariae
1529 1759 1671 1836 Virginis
1692 1759 1874 1821 immacula-

1129 1861 1178 1914 tae
1202 1854 1321 1915 ordinis
1343 1855 1470 1932 propria
1499 1853 1687 1931 quibusdam
1714 1853 1788 1914 anni
1811 1852 1875 1913 die-

1129 1947 1199 2018 bus,
1216 1953 1253 2007 ut
1268 1947 1367 2008 moris
1389 1952 1446 2018 est,
1474 1947 1629 2008 celebrari
1650 1946 1760 2018 soleat,
1784 1945 1874 2006 nobis

1129 2040 1247 2101 idcirco
1273 2039 1443 2118 supplicari
1470 2039 1545 2101 fecit
1570 2055 1733 2116 exponens
1756 2037 1874 2116 praefa-

1130 2138 1191 2204 tus,
1217 2139 1373 2209 quatenus
1395 2132 1547 2210 praedicti
1569 2131 1689 2193 ordinis
1708 2130 1875 2207 regulares

1129 2226 1242 2287 missae
1258 2226 1443 2288 huiusmodi
1457 2225 1663 2286 celebrationi
1680 2224 1873 2294 assistentes,

1129 2319 1271 2396 aliosque
1292 2320 1462 2396 utriusque
1474 2335 1569 2380 sexus
1592 2318 1816 2380 christifideles
1832 2318 1874 2378 ei-

1129 2413 1202 2474 dem
1217 2413 1455 2482 interessentes,
1470 2411 1576 2489 aliquo
1598 2411 1873 2488 indulgentiarum
1964 2467 1968 2478 .

1129 2507 1213 2568 dono
1229 2505 1425 2583 locupletare
1441 2505 1480 2567 de
1495 2505 1664 2584 apostolica
1675 2504 1874 2581 benignitate

1129 2601 1353 2676 dignaremur:

1169 2695 1186 2768 ἓ
1208 2694 1237 2754 2.
1262 2693 1325 2754 Nos
1347 2693 1447 2770 igitur
1469 2693 1659 2754 eorumdem
1673 2690 1874 2768 regularium
1893 2707 2105 2804 siggrirsorccnces-

1129 2786 1353 2863 dictorumque
1375 2785 1630 2847 christifidelium
1661 2799 1737 2861 erga
1766 2783 1875 2862 Deipa-

1129 2895 1198 2940 ram
1220 2880 1289 2940 sine
1310 2878 1381 2940 labe
1403 2886 1586 2956 conceptam
1610 2877 1789 2940 devotionis
1810 2877 1874 2955 pie-

1130 2973 1265 3049 tatisque
1294 2977 1528 3048 augumentum
1556 2971 1801 3046 animarumque
1829 2987 1874 3031 sa-

1130 3067 1231 3128 lutern
1252 3065 1444 3127 coelestibus
1456 3064 1614 3126 Ecclesiae
1631 3063 1787 3125 thesauris
1804 3079 1875 3140 pro-

1130 3175 1243 3220 curare
1272 3159 1455 3236 cupientes,
1486 3157 1561 3218 dicti
1583 3157 1774 3234 exponentis
1802 3173 1876 3234 sup-

1131 3251 1351 3330 plicationibus
1380 3251 1471 3312 nobis
1493 3265 1590 3328 super
1618 3249 1679 3311 hoc
1708 3248 1875 3310 humiliter

1131 3345 1286 3423 porrectis
1319 3345 1479 3416 inclinati,
1512 3344 1616 3420 deque
1645 3342 1875 3420 omnipotentis

1130 3437 1187 3498 Dei
1217 3437 1435 3498 misericordia
1463 3454 1498 3498 ac
1525 3437 1693 3498 beatorum
1726 3435 1812 3496 Petri
1844 3441 1877 3496 et

1131 3529 1217 3592 Pauli
1230 3530 1457 3609 Apostolorum
1474 3530 1543 3592 eius
1554 3529 1741 3591 auctoritate
1753 3529 1874 3602 confisi,

1131 3625 1280 3686 omnibus
1303 3631 1335 3686 et
1355 3624 1490 3700 singulis
1511 3623 1586 3685 dicti
1608 3623 1727 3684 ordinis
1749 3622 1876 3698 regula-

1129 3719 1218 3780 ribus
1239 3719 1272 3778 in
1289 3717 1438 3795 ,praefato
1467 3721 1627 3778 conventu
1656 3731 1742 3775 nunc
1764 3721 1796 3776 et
1817 3729 1875 3791 pro

1131 3818 1277 3889 tempore
1306 3809 1515 3886 degentibus,
1548 3807 1682 3884 aliisque
1704 3807 1875 3883 utriusque

1129 3921 1224 3966 sexus
1245 3902 1506 3964 christifidelibus
1527 3916 1606 3961 vere
1636 3899 1875 3977 poenitentibus

1130 4005 1162 4058 et
1183 3995 1344 4067 confessis,
1369 4012 1402 4056 ac
1422 4011 1508 4056 sacra
1536 3993 1765 4056 communione
1793 3992 1875 4054 refe·

1130 4091 1196 4163 ctis,
1221 4091 1276 4166 qui
1297 4089 1411 4150 missae
1437 4087 1661 4166 conceptionis
1683 4086 1792 4148 beatae
1815 4085 1875 4146 hla-
1979 4155 1980 4158 Ἴ

1130 4187 1194 4246 riae
1217 4182 1359 4260 Virginis
1381 4181 1603 4265 immaculatae
1626 4180 1769 4241 eiusdem
1793 4179 1875 4241 ordi-

1130 4279 1178 4340 nis
1201 4277 1358 4356 propriae,
1390 4275 1656 4352 quandocumque
1682 4273 1715 4334 in
1744 4271 1875 4334 ecclesia

1130 4370 1288 4448 praedicta
1310 4367 1445 4429 civitatis
1469 4366 1625 4444 praefatae
1647 4364 1873 4436 celebrabitur,

1130 4464 1247 4526 devote
1269 4460 1462 4532 adstiterint,
1480 4459 1588 4535 ibique
1611 4474 1668 4535 pro
1690 4457 1876 4518 christiano-

1129 4575 1203 4622 rum
1216 4555 1397 4636 principum
1409 4552 1587 4622 concordia,
1598 4551 1769 4612 haeresum
1778 4554 1876 4614 extir-

1130 4653 1268 4733 patione,
1282 4666 1316 4710 ac
1332 4645 1363 4707 S.
1383 4645 1489 4707 blalris
1512 4643 1669 4707 Ecclesiae
1685 4645 1876 4711 exaltatione

1131 4749 1195 4826 pias
1211 4745 1248 4806 ad
1260 4742 1362 4804 Deum
1379 4755 1490 4818 preces
1503 4738 1686 4808 effuderint,
1705 4740 1830 4815 quoties
1844 4743 1877 4804 id

1131 4839 1270 4916 egerint,
1293 4835 1468 4914 plenariam
1498 4832 1642 4893 omnium
1672 4840 1876 4910 peccatorum

1131 4947 1264 4994 suorum
1300 4926 1534 5002 indulgentiam
1567 4931 1599 4984 et
1629 4925 1873 5000 remissionem,

1132 5039 1227 5102 quarn
1265 5022 1359 5084 etiarn
1395 5017 1559 5080 animabus
1596 5017 1874 5094 christifidelium,

1132 5134 1213 5195 quae
1235 5116 1300 5176 Deo
1321 5115 1355 5174 in
1377 5111 1529 5174 charitate
1551 5111 1738 5172 coniunctae
1760 5111 1797 5174 ab
1819 5113 1877 5174 hac

1132 5210 1203 5272 luce
1219 5205 1442 5284 migraverint,
1453 5219 1512 5282 per
1523 5203 1656 5266 modum
1668 5204 1811 5282 suffragii
1826 5222 1877 5284 ap-

1132 5301 1241 5380 plicari
1273 5315 1364 5379 posse
1397 5297 1649 5360 misericorditer
1676 5297 1710 5359 in
1741 5295 1876 5360 Domino

1132 5394 1348 5458 concedimus.

1172 5489 1191 5564 ἓ
1211 5487 1240 5548 3.
1263 5486 1298 5548 ln
1320 5483 1517 5548 contrarium
1533 5484 1720 5547 facientibus
1735 5501 1800 5547 non
1823 5484 1876 5547 ob·
1895 5491 2040 5591 ι[3811131111111111Ι
2050 5501 2107 5536 cou-

1131 5581 1288 5643 stantibus
1297 5579 1565 5656 quibuscumque.
1575 5578 1797 5640 Praesentibus
1806 5595 1877 5657 per-

1133 5675 1237 5753 petuis
1258 5673 1375 5734 futuris
1396 5671 1596 5750 temporibus
1617 5671 1773 5732 valituris.

1173 5767 1286 5827 Datum
1308 5764 1436 5836 Romae,
1465 5765 1547 5841 apud
1577 5762 1607 5826 S.
1633 5764 1762 5826 llariam
1783 5763 1877 5828 Maio·

1132 5875 1214 5932 rem,
1238 5858 1297 5920 sub
1319 5856 1439 5918 annulo
1461 5857 1626 5918 Piscatoris
1650 5856 1700 5918 die
1721 5871 1789 5918 xix.
1806 5857 1877 5920 iulii

1134 5955 1346 6026 1111111111,
1370 5949 1570 6029 pontificatus
1592 5949 1693 6012 nostri
1714 5966 1797 6013 anno
1812 5965 1834 6016 1.

1817 602 1854 664 13
1904 601 1958 656 An.
1972 602 2002 656 0.
2024 592 2091 655 1831
