4828 6974
915 553 1090 599 annuemus
1111 553 1162 598 PP.
1187 552 1251 598 xv1.

313 683 384 730 nam
405 667 439 729 in
460 667 606 730 America
628 667 825 731 lleridionali
846 668 992 746 positam,
1009 669 1054 730 bi-

313 776 431 838 nasque
454 778 494 824 ex
515 779 551 824 ea
573 762 758 824 etlormasse
786 762 983 824 cathedrales
1006 780 1054 825 ec-

313 855 432 928 clesias,
450 872 586 933 quarum
608 873 670 919 una
686 855 850 927 Saltensis,
868 855 1054 920 Corduben-

312 950 354 1012 sis
375 949 473 1012 altera
493 949 647 1029 appellata
669 949 739 1012 luit.
764 948 842 1011 Huic
874 956 1054 1028 postremae

313 1041 462 1104 ecclesiae
483 1041 711 1120 amplissimam
726 1041 859 1120 insuper
873 1042 960 1104 idem
975 1043 1054 1106 Pon-

313 1133 389 1197 tifex
410 1135 554 1197 attribuit
581 1135 778 1214 provinciam
800 1136 840 1198 de
861 1135 951 1215 Enyo
973 1153 1054 1199 nun·

313 1233 467 1305 cupatam,
484 1243 579 1306 quam
595 1245 611 1288 a
625 1227 764 1290 dioecesi
779 1225 884 1289 Sancti
898 1229 1000 1290 iacobi
1015 1229 1055 1292 de

313 1319 403 1382 Chile
415 1329 632 1399 separaverat:
651 1336 715 1398 quo
728 1319 807 1382 lacto
822 1327 858 1382 ut
869 1321 1055 1385 Corduben·

313 1414 355 1476 sis
376 1413 531 1476 dioecesis
553 1431 600 1487 ea,
624 1429 686 1491 qua
707 1413 769 1476 1010
788 1419 882 1492 patet,
901 1415 1054 1477 territorii

313 1506 478 1569 latitudine
506 1507 677 1570 nonnullas
705 1509 956 1586 comprehendat
984 1525 1055 1588 pro-

312 1601 446 1672 vincias,
480 1616 562 1678 quae
594 1600 730 1662 diversis
759 1617 845 1662 nunc
872 1601 1054 1664 subduntur

314 1693 542 1772 temporalibus
554 1693 835 1765 dominationibus,
847 1709 1055 1773 unaquepro·

314 1787 414 1848 vincia
428 1787 468 1850 de
479 1787 570 1866 cuyo
585 1787 687 1849 tribus
702 1787 867 1860 distinctis,
881 1788 955 1850 licet
969 1796 1055 1851 arcto

312 1879 396 1942 inter
411 1897 446 1942 00
460 1881 592 1942 loedere
607 1879 784 1966 coniunctis
800 1885 924 1942 constet
939 1883 1054 1958 guber-

312 1974 382 2046 niis‚
407 1989 525 2052 nempe
547 1972 651 2035 Sancti
673 1971 809 2046 loannis,
833 1973 1005 2038 llendozae
1024 1981 1055 2036 et

313 2067 416 2130 Sancti
437 2066 559 2130 hloisii.

115 2171 293 2226 aros-aquam
351 2161 369 2235 ἓ
390 2160 419 2222 3.
444 2159 632 2238 Accepimus
653 2165 832 2238 praeterea,
858 2161 1054 2238 provinciam

73 2229 97 2268 ¹¹¹
112 2234 202 2279 supra.
312 2255 351 2316 de
372 2253 461 2332 111110
483 2253 516 2315 10
531 2259 676 2315 extrema
690 2253 783 2314 sitam
799 2269 869 2315 esse
884 2254 1055 2320 latissimae

310 2346 526 2409 Cordubensis
548 2346 701 2408 dioecesis
723 2353 823 2425 parte,
841 2353 873 2409 et
894 2365 911 2409 a
929 2349 1055 2413 civitate

310 2438 477 2502 Cordubae
499 2445 564 2500 1010
579 2439 676 2515 longe
691 2439 813 2514 abesse,
831 2447 866 2502 ut
881 2441 1055 2521 Episcopus

309 2534 434 2596 itineris
466 2533 650 2600 difficultate
677 2549 712 2594 ac
740 2533 865 2596 viarum
886 2536 1056 2614 asperitate

310 2627 513 2706 impediatur,
537 2625 710 2702 quominus
732 2625 808 2688 illuc
830 2628 867 2689 ad
888 2630 1055 2706 pastoralia

310 2735 446 2781 munera
467 2717 624 2795 explenda
644 2733 679 2778 se
700 2718 853 2790 conterat,
872 2725 903 2780 et
925 2727 1055 2785 mutuae

310 2811 606 2876 communicationis
629 2826 695 2873 non
716 2827 789 2874 raro
810 2812 892 2874 desit
911 2813 1053 2878 facultas.

309 2906 412 2980 Quare
433 2901 606 2981 spiritualis
628 2902 800 2964 necessitas
825 2903 969 2967 fidelium
990 2907 1056 2970 illic

311 2997 510 3075 degentium,
535 3012 675 3074 quorum
697 2996 765 3059 lere
793 3003 927 3061 centena
956 3001 1055 3064 millia

311 3097 535 3162 numerantur,
549 3091 691 3152 studium
703 3090 852 3153 excitavit
864 3109 989 3168 eorum,
1001 3095 1055 3172 qui

309 3185 429 3248 ibidem
458 3183 682 3256 dominantur,
706 3189 743 3244 ut
764 3182 979 3262 Apostolicam
1002 3187 1056 3250 Se·

311 3281 384 3343 dem
414 3279 666 3356 deprecarentur
688 3293 746 3356 pro
775 3293 857 3340 nova
883 3279 1055 3343 cathedrali

311 3373 443 3437 eeclesia
457 3373 490 3434 in
505 3387 561 3433 sua
576 3370 738 3449 provincia
754 3371 917 3448 erigenda,
936 3381 968 3436 et
984 3375 1056 3454 Epi-

311 3468 397 3548 scopi
415 3465 629 3530 residentialis
643 3464 856 3539 institutione,
874 3467 926 3529 vel
941 3469 1055 3532 saltem

310 3561 448 3624 titularis
469 3558 656 3622 necessariis
682 3558 797 3620 vicarii
819 3560 992 3638 apostolici
1014 3562 1055 3624 10-

311 3654 481 3717 cultatibus
518 3651 641 3714 00110111
677 3652 893 3730 deputatione.
930 3653 1055 3718 Oblatas

311 3749 385 3810 binc
400 3761 511 3826 preces
527 3751 657 3823 paterna
671 3744 824 3808 charitate
840 3749 1055 3826 complectens

311 3855 489 3904 10010010.
506 3838 571 3900 Leo
586 3837 643 3899 PP.
656 3837 722 3899 1111.
740 3838 823 3900 01101
837 3840 985 3903 decessor
1000 3859 1056 3904 no-

311 3943 378 3996 ster
404 3933 443 3994 ad
471 3931 687 4010 episcopatum
720 3931 993 3998 Thaumacensem
1022 3936 1055 3997 in

312 4025 453 4107 partibus
483 4022 664 4086 infidelium
697 4024 806 4086 evexit
834 4027 1055 4090 venerabilem

311 4122 444 4183 tratrem
472 4118 595 4180 lustum
624 4119 663 4179 de
693 4115 725 4179 S.
749 4117 844 4179 110110
870 4119 909 4181 de
931 4118 994 4183 Oro
1016 4139 1055 4186 ex

311 4213 429 4277 Ordine
450 4211 717 4284 Praedicatorum,
736 4226 876 4289 eumque
893 4214 1057 4276 constituit

312 4307 473 4370 vicarium
495 4305 726 4386 Apostolicum,
750 4311 786 4368 ut
807 4305 964 4384 spirituali
983 4325 1056 4386 pro-

312 4402 476 4466 curatione
491 4417 532 4464 011
546 4399 679 4462 Romani
695 4399 855 4462 Pontificis
870 4402 1056 4465 auctoritate

311 4495 480 4574 regionem
500 4493 588 4556 illam
609 4491 856 4555 administraret.

88 4595 220 4650 expositio
237 4607 294 4654 prs·
351 4593 370 4666 ἓ
391 4590 420 4650 d.
443 4586 623 4666 Apostolica
641 4586 826 4649 huiusmodi
842 4587 1055 4666 providentia,

77 4659 138 4694 Μ’
312 4699 347 4744 00
366 4681 474 4759 vigilis
495 4678 655 4741 Antistitis
684 4679 879 4756 praesentia,
907 4687 940 4742 et
961 4698 1057 4760 opera

312 4774 539 4838 vehementius
561 4771 660 4834 illecti
676 4772 858 4851 provinciae
872 4773 959 4836 illius
975 4776 1057 4838 chri·

312 4867 467 4932 stiiideles
506 4865 670 4928 communi
706 4866 839 4929 consilio
875 4873 1058 4932 statuerunt

311 4965 394 5026 hanc
413 4961 559 5025 Sanctam
576 4959 693 5023 sedem
709 4961 814 5024 denuo
830 4961 929 5034 adire,
947 4963 1057 5041 010111-

311 5057 446 5135 scopulis
461 5054 630 5117 cathedrae
643 5053 677 5116 in
693 5053 833 5132 Cuvensi
849 5055 1011 5133 provincia
1027 5071 1057 5117 0-

311 5149 490 5212 rectionem
502 5147 676 5228 postulare.
689 5145 887 5226 Quapropter
899 5164 957 5226 per
969 5165 1058 5211 eum-

312 5245 387 5306 dem
408 5241 570 5306 Vicarium
586 5239 805 5320 Apostolicum
821 5241 953 5304 nomine
967 5243 1056 5318 cleri,

311 5336 559 5414 magistratuum
581 5340 613 5396 01
633 5332 744 5412 populi
774 5333 917 5396 universi
939 5337 1058 5416 suppli-

312 5429 453 5491 cationes
471 5426 564 5489 nobis
586 5425 746 5488 exhibitae
761 5426 905 5501 luerunt,
922 5437 958 5490 ut
979 5445 1058 5508 opus

312 5541 329 5584 a
350 5523 520 5585 decessore
542 5527 654 5582 nostro
676 5520 784 5582 Leone
806 5520 870 5582 1111.
893 5522 1058 5601 inceptum

312 5616 488 5696 perticere,
518 5621 551 5678 et
580 5614 731 5692 gaudium
764 5613 920 5692 Guyensis
949 5617 1058 5694 populi

312 5711 447 5790 plenum
467 5710 605 5773 reddere
624 5709 844 5786 dignaremur.
861 5708 925 5770 Nus
940 5709 1058 5788 quippe

312 5804 537 5866 necessitatem
567 5801 806 5878 utilitatemque
835 5801 911 5864 novi
940 5802 1058 5880 episco-

312 5902 406 5975 patus
426 5895 512 5958 illico
533 5893 770 5974 conspeximus,
788 5911 822 5958 ac
839 5895 1059 5961 Romanorum

1783 528 1838 590 1ss
1890 529 1942 582 nn.
1958 531 1987 582 G.
2011 530 2079 584 1834

1112 668 1300 732 Pontificum
1311 665 1594 745 praedecessorum
1607 671 1794 728 nostrorum
1805 679 1859 724 ve-

1111 761 1203 838 stigia
1225 765 1393 832 sectantes,
1411 759 1490 821 datis
1507 758 1610 820 literis
1626 759 1663 820 ad
1680 755 1858 834 praelatum

1112 853 1274 916 vicarium
1296 851 1515 930 apostolicum
1537 851 1783 928 significandum
1803 849 1859 912 du-

1111 947 1229 1018 ximus,
1253 953 1322 1009 tum
1345 945 1477 1007 demum
1493 961 1551 1006 nos
1567 945 1698 1007 illorum
1714 943 1797 1005 votis
1812 961 1859 1004 as·

1112 1055 1274 1111 sensuros,
1292 1053 1365 1100 cum
1389 1039 1495 1100 omnia
1509 1039 1547 1100 ad
1561 1037 1791 1100 instituendam
1808 1053 1858 1098 or-

1112 1133 1346 1210 dinandamque
1369 1148 1485 1194 novam
1504 1131 1677 1200 dioecesim
1693 1131 1857 1209 pertinen-

1113 1227 1153 1290 tia
1175 1227 1266 1290 nobis
1288 1233 1434 1306 prompta
1456 1243 1490 1288 ac
1512 1231 1618 1304 parata
1641 1241 1711 1288 esse
1734 1225 1857 1286 11001111-

1113 1322 1261 1385 ciaretur.

1152 1418 1171 1491 ἓ
1192 1416 1221 1478 5.
1238 1415 1404 1494 Guyenses
1420 1431 1543 1486 omnes,
1557 1429 1630 1476 cum
1644 1414 1785 1492 primum
1803 1431 1857 1476 no·
1897 1422 1989 1468 Eadem
2005 1426 2035 1469 ut
2049 1433 2089 1468 su·

1112 1516 1193 1572 01100
1222 1509 1407 1571 huiusmodi
1436 1508 1545 1570 literas
1578 1515 1780 1586 acceperunt,
1811 1509 1858 1570 in·
1877 1487 1931 1532 Ρη·

1114 1601 1200 1678 genti
1224 1601 1337 1679 gaudio
1360 1599 1566 1662 laetabundos
1596 1615 1708 1661 manus
1730 1618 1802 1662 suas
1824 1600 1857 1663 in

1113 1695 1224 1757 Sancta
1245 1695 1369 1757 levasse
1398 1692 1591 1766 audivimus,
1616 1699 1648 1756 et
1669 1693 1734 1756 1100
1756 1695 1858 1757 01001-

1112 1787 1235 1866 potenti
1253 1787 1407 1848 maximas
1422 1785 1651 1863 solemnesque
1667 1786 1772 1862 egisse
1789 1803 1858 1863 gra·

1112 1881 1180 1942 tias.
1207 1879 1266 1953 Qui
1291 1895 1370 1942 vero
1399 1893 1559 1940 summam
1590 1885 1701 1942 tenent
1732 1879 1859 1958 imperii

1112 1989 1175 2036 una
1196 1989 1268 2036 cum
1291 1972 1468 2036 venerabili
1488 1973 1586 2035 tratre
1601 1973 1687 2034 lusto
1703 1973 1859 2052 Episcopo

1113 2067 1342 2130 Thaumacensi
1354 2067 1478 2129 vicario
1491 2065 1673 2145 apostolico
1685 2068 1859 2130 assentien-

1112 2160 1197 2223 tibus
1213 2162 1400 2239 proceribus
1417 2161 1589 2222 llendozae
1605 2167 1637 2222 et
1653 2159 1757 2222 Sancti
1774 2162 1858 2223 hlei-

1112 2253 1160 2326 sii,
1178 2255 1269 2316 initas
1292 2255 1431 2317 invicem
1446 2253 1676 2316 conventiones
1692 2255 1784 2317 nobis
1801 2256 1859 2317 hu·
1876 2301 1879 2308 »

1113 2346 1232 2409 militer
1261 2348 1494 2430 extribuerunt,
1519 2362 1597 2424 quas
1619 2347 1678 2425 ipsi
1701 2357 1859 2427 perpetuo

1111 2457 1146 2502 ac
1160 2441 1298 2503 fideliter
1314 2458 1348 2503 00
1364 2441 1397 2504 10
1410 2447 1578 2519 posterum
1593 2448 1779 2504 servaturos
1792 2443 1858 2520 pol-

1112 2533 1308 2606 licebantur,
1339 2540 1371 2596 et
1395 2547 1532 2611 quarum
1562 2534 1730 2612 praecipua
1759 2534 1858 2613 capita

1113 2626 1296 2689 haecsunt:

1152 2723 1171 2796 ᾖ
1192 2718 1221 2781 6.
1241 2721 1442 2784 Gubernium
1457 2721 1640 2784 iuramento
1655 2737 1690 2784 se
1706 2721 1859 2798 obligavit
1926 2723 2091 2798 C⁰p1¹i²t⁰¹¹e⁵

1112 2828 1195 2874 anno
1218 2813 1390 2876 millesimo
1414 2814 1681 2891 octingentesimo
1700 2815 1859 2891 vigesimo
1879 2782 2091 2892 111ῗέ1ῗὲ11ῧῖἢῖ

1113 2905 1259 2983 00111100,
1285 2908 1370 2970 etin
1399 2908 1653 2986 praesentiarum
1682 2908 1801 2970 iterum
1824 2927 1859 2971 se
1878 2884 2092 2984 ssgflssssqssfssgllssss

1113 2998 1243 3075 obligat,
1260 3000 1298 3062 ad
1313 3001 1465 3062 tuendam
1487 3006 1645 3079 perpetuo
1660 3000 1694 3063 in
1709 3001 1859 3063 universa

1113 3093 1276 3170 provincia
1297 3092 1437 3172 Cuyensi
1459 3094 1652 3171 religionem
1673 3095 1859 3157 catholicam

1113 3186 1316 3265 apostolicam
1338 3187 1527 3260 itomanam,
1552 3189 1666 3265 quovis
1687 3189 1748 3251 alio
1771 3190 1859 3252 cultu

1113 3279 1240 3357 penitus
1262 3287 1367 3342 amoto
1388 3286 1419 3342 et
1433 3297 1563 3359 semper
1578 3281 1720 3354 excluso,
1738 3299 1773 3344 00
1787 3299 1859 3361 pro-

1113 3379 1222 3451 pterea
1237 3373 1270 3435 iu
1286 3373 1460 3452 gymnasiis
1477 3380 1548 3436 tum
1563 3374 1698 3452 publicis
1715 3381 1784 3438 tum
1796 3377 1858 3454 pri-

1112 3465 1204 3544 vatis,
1229 3471 1298 3529 tum
1320 3465 1402 3529 circa
1421 3467 1569 3543 dogmata
1584 3481 1680 3544 quam
1696 3469 1777 3532 circa
1792 3486 1859 3532 mo-

1113 3560 1200 3640 ralia,
1218 3575 1254 3620 ea
1269 3561 1414 3622 tradetur
1436 3559 1589 3632 doctrina,
1607 3576 1703 3638 quam
1720 3562 1859 3625 Ecclesia

1113 3653 1252 3716 Romana
1281 3654 1468 3732 profitetur,
1500 3653 1660 3730 dirigente
1682 3671 1716 3716 ac
1737 3657 1859 3736 prospi-

1113 3748 1217 3810 ciente
1240 3747 1396 3826 Episcopo
1417 3745 1576 3824 Cuyensi;
1605 3762 1667 3824 qua
1688 3748 1721 3810 in
1742 3765 1779 3811 re
1801 3766 1859 3828 per

1114 3842 1310 3920 gubernium
1339 3839 1585 3916 diligentissime
1612 3841 1793 3915 cavebitur,
1818 3859 1859 3906 ne

1112 3937 1145 3997 in
1167 3952 1203 3997 ea
1224 3933 1387 4013 provincia
1410 3932 1633 4006 conficiantur,
1658 3941 1713 3997 aut
1733 3935 1766 3997 in
1789 3952 1859 4006 eam

1112 4028 1315 4098 inducantur,
1333 4025 1406 4087 libri
1421 4025 1474 4088 vel
1496 4025 1612 4104 scripta
1627 4027 1859 4106 cuiuscumque

1114 4120 1242 4200 generis
1264 4120 1417 4182 adversus
1447 4119 1610 4196 dogmata,
1636 4121 1793 4184 moralem
1815 4123 1859 4185 di-

1113 4213 1278 4293 sciplinam
1300 4218 1332 4274 01
1353 4211 1450 4274 decus
1473 4209 1605 4273 Sanctae
1627 4213 1860 4277 11001οΕ0010-

1113 4308 1177 4370 siae
1193 4307 1327 4384 eiusque
1342 4305 1577 4378 ministrorum,
1595 4304 1796 4384 proindeque
1807 4325 1859 4369 au-

1113 4399 1259 4464 ctoritate
1290 4397 1501 4460 ecclesiastica
1532 4399 1724 4475 postulante,
1758 4400 1860 4462 civilis

1113 4500 1252 4574 potestas
1281 4492 1476 4570 scriptorum
1504 4507 1539 4551 00
1563 4491 1722 4554 librorum
1751 4493 1861 4555 editio-

1114 4603 1189 4651 nem
1217 4587 1271 4648 vel
1299 4583 1573 4648 introductionem
1603 4585 1730 4662 penitus
1761 4585 1861 4664 impe·

1114 4682 1196 4754 diet,
1228 4680 1300 4742 illos
1333 4678 1510 4741 coercendo
1544 4695 1578 4740 ac
1607 4677 1721 4740 debitis
1750 4680 1861 4757 poenis

1114 4774 1297 4844 adiciendo,
1331 4771 1386 4849 qui
1416 4769 1474 4832 hac
1501 4786 1599 4849 super
1628 4787 1665 4832 re
1687 4771 1861 4849 deliquisse

1114 4869 1198 4931 torte
1219 4864 1514 4943 deprehendantur.

1153 4963 1172 5036 ἓ
1194 4959 1222 5022 7.
1240 4957 1428 5021 immunitas
1445 4956 1656 5020 ecclesiastica
1672 4959 1860 5036 personalia,
1881 4979 1950 5024 roem
1966 4981 1996 5024 ut
2007 4989 2091 5035 supra.

1114 5054 1208 5118 realis
1231 5061 1263 5116 et
1284 5051 1393 5114 localis
1415 5051 1503 5112 iuxta
1521 5067 1688 5114 sacrorum
1703 5067 1862 5116 canonum

1115 5148 1284 5212 constituta
1306 5143 1548 5222 religiosissime
1570 5145 1763 5207 servabitur.
1780 5145 1862 5208 Foro

1115 5241 1329 5305 ecclesiastico
1341 5256 1408 5318 1101
1431 5239 1635 5315 magistratus
1657 5239 1800 5317 aliosque
1815 5240 1862 5303 iu-

1115 5337 1199 5398 dices
1222 5334 1400 5396 saeculares
1423 5331 1528 5396 debita
1555 5331 1757 5394 observantia
1779 5349 1862 5394 sem-

1115 5446 1172 5509 per
1201 5427 1420 5499 adhibebitur,
1451 5441 1591 5504 quorum
1614 5426 1675 5488 erit
1696 5431 1862 5504 praeterea

1116 5528 1333 5601 opportunum
1364 5519 1556 5598 praesidium
1586 5518 1790 5596 suppeditare
1812 5535 1861 5580 00-

1115 5614 1307 5678 010010011000
1329 5611 1477 5691 potestati
1498 5611 1578 5673 illud
1600 5610 1736 5687 roganti,
1755 5617 1792 5672 ut
1806 5627 1862 5672 sua

1116 5709 1242 5771 decreta
1258 5706 1426 5785 proprium
1443 5710 1681 5782 consequantur
1697 5705 1859 5767 ellectum.

1155 5803 1174 5878 5
1194 5799 1223 5863 8.
1247 5801 1423 5880 Episcopus
1445 5797 1547 5860 libere
1564 5797 1728 5860 exercebit
1743 5813 1779 5859 00
1795 5814 1861 5859 010-
1927 5815 2094 5871 prosequitur

1115 5895 1176 5970 uia,
1201 5910 1282 5978 quae
1303 5892 1363 5972 ipsi
1384 5896 1572 5973 competunt
1586 5889 1711 5957 ratione
1726 5891 1776 5956 sui
1792 5906 1862 5956 mu.
1881 5871 2010 5924 utsupra.
