4788 6980
891 603 1066 654 cunooulus
1088 604 1138 654 PP.
1162 605 1228 654 XVI.

286 721 319 784 iu
335 721 520 786 discrimine
535 723 654 804 positae
670 725 911 804 prospicientes,
925 727 1034 788 decre·

287 821 417 878 verunt.
445 816 480 879 ld
505 833 581 880 sane
610 817 728 880 lactum
755 823 804 880 est
824 835 897 882 cum
925 817 978 880 vel
1000 818 1033 879 in

288 906 438 970 Sinarum
452 909 564 988 llegno
575 910 629 972 vel
642 910 675 972 in
691 911 860 974 Peninsula
871 911 1032 974 indiarum

286 1007 375 1062 trans
396 1001 538 1080 Gangem
560 1003 670 1082 plures
692 1003 729 1066 ab
750 1005 930 1084 Apostolica
952 1002 1033 1067 Sede

288 1091 404 1155 Vicarii
432 1095 596 1158 constituti
622 1105 708 1168 sunt,
738 1097 829 1174 queis
856 1096 1034 1159 iurisdictio

286 1185 320 1247 in
334 1188 486 1264 regiones
501 1188 539 1251 ab
557 1189 789 1270 episcopalibus
805 1190 865 1252 sub
879 1190 971 1267 regio
983 1205 1034 1269 pa·

287 1284 417 1342 trouatu
439 1281 621 1345 constitutis
643 1283 819 1346 subtractas
840 1284 954 1346 tradita
973 1289 1032 1344 est.

287 1372 320 1435 ld
339 1373 372 1434 iu
388 1375 558 1437 Peninsula
575 1391 704 1454 quoque
718 1375 880 1439 indiarum
895 1376 938 1438 cis
955 1375 1034 1438 Gan·

288 1482 363 1543 gem
392 1467 596 1542 factumest,
626 1468 755 1531 cumin
784 1468 948 1531 llalabaria
976 1485 1033 1530 seu

288 1559 439 1639 Verapoli
461 1567 493 1624 et
514 1561 692 1640 Bombayae
718 1560 835 1624 Vicarii
860 1560 1035 1641 Apostolici

288 1654 454 1716 constituti
474 1661 560 1716 sunt.

89 1757 207 1820 privilege
221 1755 271 1802 col
327 1745 397 1822 53.
421 1746 465 1808 Ea
486 1748 586 1825 igitur
608 1748 714 1810 omnia
742 1763 800 1811 uos
830 1763 904 1827 prae
933 1747 1033 1811 oculis

80 1813 122 1910 ii}
138 1821 270 1910 niins'i'n}
289 1838 460 1903 habuimus
481 1840 520 1903 ab
542 1857 580 1903 eo
601 1849 763 1920 tempore,
795 1855 858 1918 quo
880 1841 982 1904 licet
975 1855 1034 1902 rm-

80 1918 270 2026 {gmdssgflgllfssis
288 1941 453 1996 merentes
468 1951 502 1996 ac
516 1933 587 1996 Divi
602 1935 688 1997 Petri
702 1934 930 2013 Apostolorum
946 1935 1034 1997 Prin-

80 2023 239 2070 0⁰⁰⁵⁰¹l²¹¹l¹⁸
288 2027 365 2106 cipis
394 2027 577 2090 cathedram
606 2029 710 2090 evecti
730 2028 866 2104 luimus;
894 2043 1033 2104 cumque

287 2121 423 2184 iniuncti
445 2119 536 2183 nobis
552 2121 723 2183 universae
738 2121 890 2184 ecclesiae
905 2137 1033 2200 pascen-

288 2215 346 2276 dae
367 2231 401 2276 ac
423 2214 651 2292 gubernandae
666 2215 811 2277 muneris
833 2231 904 2278 esse
926 2231 1033 2279 sense·

287 2308 400 2380 rimus,
416 2313 454 2370 ut
468 2307 613 2386 fidelium
633 2308 727 2370 saluti
749 2309 846 2370 etiam
866 2309 900 2370 in
915 2309 1033 2371 dissitis

287 2400 579 2478 remotissimisque
606 2400 794 2478 regionibus
816 2401 883 2480 pari
903 2417 978 2464 cura
999 2419 1033 2464 ac

288 2495 394 2558 studio
415 2494 657 2574 prospiciamus,
680 2494 712 2556 id
733 2493 902 2556 statuimus
923 2501 960 2556 ut
981 2511 1033 2557 eo·

288 2603 362 2649 rum
388 2587 520 2665 quidem
546 2587 705 2648 rationem
731 2585 924 2648 haberemus
952 2601 1033 2663 quae

288 2679 1033 2760 sapienticonsilioapraedecessoribusnostris

287 2773 497 2836 benemeritis
519 2773 559 2836 de
579 2773 738 2850 religione
760 2772 956 2850 principibus
971 2772 1033 2836 col·

287 2866 347 2928 lata
369 2874 455 2939 sunt,
479 2867 536 2928 sed
557 2866 598 2928 ita
620 2871 657 2927 ut
677 2865 841 2944 apostolici
862 2865 1034 2927 uostrimi-

288 2959 412 3022 nisterii
435 2959 554 3022 officiis'
572 2975 631 3022 nec
652 2959 764 3022 deesse
790 2965 959 3037 propterea
981 2959 1034 3021 de-

287 3053 455 3126 beremus,
485 3069 544 3114 nec
566 3067 606 3114 ex
628 3052 666 3112 iis
693 3067 774 3128 quae
795 3052 833 3114 ad
860 3051 1033 3113 utilitatem

287 3151 412 3208 tantum
434 3151 467 3207 et
487 3145 609 3206 bonum
631 3144 798 3222 religionis
819 3151 934 3206 statuta
959 3151 1035 3206 sunt

288 3245 320 3301 et
330 3254 491 3310 concessa,
505 3237 737 3300 detrimentum
749 3237 873 3314 Religio
885 3237 951 3317 ipsa
962 3254 1034 3300 sen-

286 3333 374 3396 tirel.

101 3439 269 3504 procernen-
326 3430 397 3506 gi.
420 3429 629 3508 Quapropter,
661 3444 697 3490 ea
725 3443 806 3506 quae
834 3427 867 3490 in
899 3425 1034 3490 vicaria-

79 3496 269 3592 iii⁰⁵noii‘3³'i?r'.
287 3529 380 3585 tuum
403 3523 663 3602 Apostolicorum
689 3521 853 3584 erectione
875 3526 944 3582 tum
967 3521 1035 3584 Cal·

79 3599 115 3654 ³¹¹·
287 3623 391 3678 cultae
419 3621 489 3678 tum
518 3613 746 3692 Madrsspatani
770 3613 832 3676 iarn
863 3613 1032 3690 gessimus,

14 3719 15 3722 ’
287 3723 434 3786 quaeque
459 3707 535 3780 tibi,
559 3706 674 3770 dilecte
696 3706 755 3779 lili,
779 3708 841 3768 iam
871 3713 1034 3785 comperta

287 3810 372 3874 sunt,
397 3802 541 3864 animum
567 3800 741 3863 adiecimus
762 3799 877 3862 utalia
904 3815 1033 3876 quoque

286 3895 319 3956 in
329 3894 518 3956 vastissimis
530 3892 692 3956 indiarum
707 3892 860 3954 tractibus
875 3907 933 3970 pro
948 3891 1033 3954 bono

287 3994 319 4052 et
332 3986 436 4050 salute
451 3986 595 4050 fidelium
611 3986 895 4048 constitueremus.
918 3984 1033 4048 Dolen-

286 4089 334 4144 tes
363 4080 524 4158 siquidem
553 4079 749 4158 accepimus,
777 4077 1030 4152 florentissimas,

286 4175 403 4237 exactis
415 4174 478 4235 iam
490 4172 702 4252 temporibus,
716 4171 864 4234 ecclesias
876 4171 944 4233 sive
959 4172 1032 4233 mis-

286 4269 392 4331 siones
406 4267 539 4346 Ceylani
553 4265 690 4338 insulae,
708 4265 865 4336 lladurae,
879 4264 1030 4342 Tanjorii,

286 4361 429 4424 llaravae
452 4367 484 4423 et
505 4360 624 4422 llisorii
646 4359 679 4421 in
702 4359 769 4422 dies
791 4359 929 4420 delicere
951 4365 983 4420 et
998 4359 1032 4420 fi-

286 4454 374 4517 deles
396 4454 434 4516 iis
455 4454 489 4516 in
514 4451 703 4530 regionibus
732 4449 939 4521 constitutos,
963 4451 1032 4512 sive

285 4549 549 4610 ministrororum
565 4559 729 4607 sacrorum
744 4543 860 4620 inopia,
877 4542 946 4604 sive
961 4559 1032 4621 per-

197 4661 208 4670 ·
284 4639 638 4704 versorumbominum
659 4635 869 4700 fraudulentis
890 4635 1031 4697 consiliis

285 4742 318 4797 et
338 4734 460 4798 artibus
475 4733 508 4795 in
523 4748 641 4810 magno
656 4729 749 4792 saluti
761 4729 945 4792 discrimine
959 4743 1031 4792 ver-

284 4828 357 4889 sari.
382 4825 546 4890 sentimus
559 4839 689 4903 quoque
710 4839 745 4884 ac
766 4822 859 4900 plane
880 4821 1031 4901 perspici-

283 4935 367 4993 mus,
391 4920 604 4982 humanarum
627 4931 738 4979 rerum
754 4913 973 4977 vicissitudine
988 4914 1031 4976 la-

267 5019 371 5082 ctum
394 5027 465 5074 esse
476 5017 513 5072 ut
527 5010 621 5087 llegis
644 5009 824 5071 Lusitaniae
845 5013 1029 5086 patronatus

282 5105 411 5169 nullum
432 5105 466 5168 in
487 5102 648 5183 praesenti
669 5101 853 5164 discrimine
874 5099 1029 5162 auxilium

282 5216 316 5262 ac
337 5199 487 5262 levamen
508 5197 641 5276 perditis
663 5210 762 5273 prope
784 5193 975 5256 missionum
994 5193 1030 5255 il-

282 5292 387 5356 larum
408 5292 506 5355 rebus
527 5291 643 5354 alierre
664 5287 774 5394 possit.

87 5397 267 5446 colossicam
322 5387 393 5463 55.
416 5382 528 5448 Omnia
549 5383 627 5445 baec
654 5381 761 5444 animo
789 5385 975 5459 reputantes
997 5387 1030 5443 et

78 5449 241 5508 ””·””’
283 5481 425 5544 serinac
452 5483 578 5540 mature
607 5474 860 5555 perpendentes,
892 5475 930 5537 de
959 5473 1026 5536 Vll.

283 5573 341 5636 FF.
364 5570 431 5635 NN.
456 5569 487 5634 S.
501 5569 537 5632 ll.
553 5568 590 5632 Ε.
614 5567 830 5632 cardinalium
852 5567 1029 5647 Propagan-

322 5769 351 5828 ll)
367 5773 404 5815 Ex
424 5771 488 5816 note
509 5767 651 5826 marginali
672 5767 778 5823 liegesu
799 5767 961 5812 desumimus
978 5767 1027 5813 sub

282 5839 373 5884 eadem
383 5836 488 5894 signata
498 5837 540 5881 die
551 5837 575 5880 b.
585 5847 623 5892 op.
633 5835 714 5880 fuisse
725 5835 873 5890 expeditam
884 5833 989 5880 vicariis
999 5834 1027 5878 in

284 5903 364 5959 siam,
374 5907 540 5960 dranganon,
554 5903 680 5959 Meliapor
694 5905 721 5947 et
736 5902 852 5956 coccino,
866 5901 908 5946 bis
921 5904 1027 5946 tantum

284 5969 371 6018 verbis
385 5971 548 6018 immutatis:
558 5985 570 6014 α
579 5972 609 6016 ut
620 5978 760 6026 cognoscas
770 5969 908 6025 regionum
918 5968 1027 6013 illarum

1758 587 1813 655 181
1864 591 1918 648 An.
1932 592 1962 648 (i.
1983 593 2054 648 1837

1089 724 1146 787 dae
1169 725 1256 787 Fidei
1282 725 1420 804 negotiis
1448 727 1704 805 praepositorum
1732 727 1834 789 consi-

1089 817 1143 890 lio,
1161 819 1240 881 duos
1256 817 1397 881 Vicarios
1409 818 1606 898 Apostolicos
1621 820 1832 896 instituimus3

1088 925 1192 972 unum
1214 911 1355 988 quidem,
1380 912 1431 974 cui
1452 928 1510 991 per
1531 912 1634 976 Breve
1663 930 1757 976 xxru.
1781 914 1834 976 de-

1089 1003 1227 1065 cembris
1256 1004 1354 1083 elapsi
1383 1005 1456 1068 anni
1492 1003 1570 1068 Cum
1598 1006 1640 1070 ed
1662 1006 1834 1087 Religionis

1089 1093 1205 1158 bouum
1233 1097 1461 1176 amplissimam
1487 1097 1718 1176 Ceylauensem
1745 1099 1834 1163 lusu-

1088 1187 1151 1250 lam
1173 1190 1393 1252 commisimus
1414 1191 1624 1269 spiritualiter
1653 1192 1834 1269 gubernan-

1089 1281 1161 1343 dam
1181 1288 1275 1359 atque
1297 1283 1334 1344 ad
1353 1281 1413 1345 boc
1428 1298 1546 1345 munus
1562 1283 1715 1346 dilectum
1730 1285 1833 1346 lilium

1090 1373 1295 1438 vincentium
1308 1375 1347 1438 de
1362 1375 1492 1438 llosarie
1510 1376 1738 1455 presbyterum
1752 1377 1833 1440 Gon·

1090 1467 1285 1544 gregationis
1317 1466 1453 1531 Oratorii
1484 1468 1609 1532 Goanao
1638 1468 1669 1531 S.
1698 1469 1834 1550 Philippi

1089 1557 1177 1621 Nerii
1192 1559 1446 1638 designavimus3
1463 1561 1601 1624 alterum
1615 1576 1695 1624 vero
1710 1563 1760 1624 cui
1776 1578 1834 1641 per

1088 1651 1192 1714 Breve
1207 1651 1388 1716 Gotltolicoe
1404 1653 1563 1718 Ecclesiae
1579 1655 1629 1718 die
1643 1656 1722 1717 item
1737 1672 1831 1718 xxru.

1088 1746 1267 1812 decembris
1288 1747 1464 1826 superioris
1485 1747 1559 1810 anni
1580 1748 1654 1810 alias
1676 1765 1834 1812 memora-

1088 1845 1135 1900 tas
1156 1840 1318 1917 regiones,
1342 1845 1441 1903 totam
1468 1857 1537 1903 eam
1559 1841 1680 1905 scilicet
1707 1843 1832 1922 plagam

1088 1932 1124 1993 ad
1147 1933 1316 1994 meridiem
1346 1934 1533 2013 peninsulae
1558 1935 1602 1996 cis
1629 1934 1772 2011 Gangem
1794 1935 1833 1996 si-

1090 2031 1164 2098 tam,
1193 2041 1275 2103 quae
1296 2026 1333 2088 ad
1361 2025 1526 2089 Orientem
1556 2027 1713 2090 Montium
1741 2027 1833 2090 (lates

1087 2119 1195 2196 vergit
1217 2125 1249 2180 et
1269 2135 1285 2180 a
1306 2119 1440 2180 llumine
1454 2118 1600 2199 Gbavery
1622 2121 1660 2183 ad
1681 2121 1834 2184 Promon-

1088 2212 1207 2274 lorium
1236 2225 1340 2290 usqne
1367 2210 1577 2275 Gomorinum
1610 2214 1832 2291 protenditur,

1088 2305 1349 2367 administrandas
1361 2305 1518 2383 spirituali
1532 2305 1753 2370 iurisdictione
1767 2324 1834 2370 cre-

1089 2398 1243 2472 didimus,
1275 2404 1370 2476 atque
1391 2399 1428 2460 ad
1451 2399 1512 2460 boc
1533 2415 1651 2461 munus
1680 2400 1833 2463 dilectum

1088 2491 1190 2554 filium
1221 2490 1393 2570 losepbum
1421 2490 1577 2554 Bertrand
1605 2493 1833 2574 presbyterum

1089 2581 1120 2644 S
1143 2583 1166 2645 l.
1190 2584 1425 2662 deputavimus.

1127 2676 1146 2751 5
1166 2674 1195 2736 6
1220 2675 1305 2738 Hanc
1316 2676 1489 2739 voluntatis
1505 2683 1633 2741 nostrae
1654 2679 1833 2759 dispositio·
1886 2690 1937 2735 Vir
1954 2690 2064 2754 capitor.

1088 2785 1174 2842 nem,
1199 2769 1271 2842 libi,
1300 2769 1415 2832 dilecte
1443 2770 1500 2842 nli,
1524 2771 1774 2848 significavimus
1796 2777 1834 2836 ui
1852 2743 2066 2852 pi²iinsiiliii

1088 2879 1257 2943 cognoscas
1272 2863 1307 2925 iit
1328 2863 1471 2943 regiones
1491 2864 1566 2927 iilos
1584 2871 1674 2929 tuom
1694 2867 1760 2929 sive
1775 2867 1833 2928 Ar·
1852 2860 1897 2896 ¹¹⁶⁵
1909 2850 2050 2897 opservare

1088 2955 1326 3037 clispiacopoiis
1347 2955 1435 3018 Sedis
1457 2955 1552 3018 iuius
1568 2957 1833 3040 Metropoliticom

1088 3048 1343 3110 iurisdictionem
1361 3065 1495 3130 prorsus
1516 3067 1651 3114 cessasse
1679 3058 1774 3133 etque
1794 3052 1832 3118 ob

1088 3142 1256 3222 episcopali
1286 3142 1352 3204 siue
1379 3143 1642 3225 orciiepiscopoli
1667 3145 1833 3228 Graiaque-

1088 3235 1222 3305 vrensis,
1245 3235 1310 3296 siue
1332 3235 1480 3317 Episcopi
1502 3237 1752 3320 Melioporeosis,
1768 3243 1833 3303 sive

1089 3327 1236 3409 Episcopi
1254 3327 1452 3391 Coccioeosis
1467 3331 1688 3396 iurisdictione
1704 3335 1833 3414 pertitus

1088 3427 1248 3503 coemptos
1273 3422 1383 3502 [cisse.
1415 3423 1587 3504 Speramus
1615 3443 1695 3490 vero
1716 3435 1749 3491 te
1774 3446 1832 3508 pro

1089 3516 1194 3578 debita
1222 3533 1298 3594 erga
1330 3516 1545 3596 Apostolicam
1578 3519 1694 3584 Sedem
1723 3523 1833 3586 obser-

1087 3611 1192 3672 vantia
1213 3611 1294 3673 hauc
1315 3611 1510 3674 auctoritatis
1529 3619 1657 3677 nostrae
1679 3617 1832 3680 constitu-

1087 3703 1210 3766 tionem
1223 3704 1310 3766 omni
1322 3704 1537 3768 submissione
1549 3713 1582 3768 el
1593 3707 1748 3785 obsequio
1763 3707 1833 3772 lore

1088 3804 1315 3876 excepturum
1342 3797 1408 3859 imo
1430 3799 1621 3862 confidimus
1648 3817 1779 3864 omnem
1800 3808 1833 3864 te

1088 3905 1218 3969 operam
1239 3891 1464 3970 impensurum
1480 3899 1516 3954 ut
1529 3892 1760 3972 impedimenta
1774 3895 1833 3958 tol-

1087 3983 1193 4045 lantur
1215 3984 1253 4046 ad
1274 3983 1401 4062 plenam
1423 3984 1567 4048 eiusdem
1593 3988 1830 4061 executionem,

1086 4082 1133 4148 ut,
1151 4077 1206 4154 qui
1220 4076 1375 4155 relragari
1396 4077 1464 4139 ausi
1478 4078 1610 4153 luerint,
1628 4097 1683 4143 eos
1698 4083 1833 4144 auctori-

1086 4177 1150 4234 tate
1179 4178 1233 4233 tua
1261 4171 1425 4234 deterreas
1451 4179 1546 4250 atque
1574 4190 1766 4253 compescas,
1797 4182 1834 4238 ut

1087 4263 1241 4326 nimirum
1263 4270 1472 4344 paternoque
1494 4273 1526 4328 te
1548 4268 1775 4346 prosequimur
1790 4269 1833 4330 al-

1087 4355 1196 4430 lectui,
1219 4362 1382 4435 tamquam
1408 4358 1718 4438 obsequentissimus
1746 4360 1832 4423 lilius

1086 4449 1182 4529 plene
1203 4452 1408 4529 respondeas.

1126 4542 1194 4618 §i
1225 4543 1443 4606 Decerneutes
1476 4545 1531 4607 has
1564 4553 1750 4625 praesentes
1782 4547 1832 4611 lit·
1878 4560 1987 4622 nerogar
2006 4569 2063 4605 con-

1085 4642 1168 4697 teras
1190 4637 1309 4708 firmas,
1332 4635 1451 4700 validas
1473 4644 1506 4699 et
1527 4638 1668 4702 efficaces
1690 4640 1832 4702 existere
1850 4613 1944 4658 ¹¹⁸¹⁵¹⁸

1085 4745 1118 4790 ac
1140 4728 1221 4800 lore,
1245 4745 1386 4807 suosque
1405 4729 1565 4808 plenarios
1581 4739 1614 4794 et
1627 4733 1771 4810 integros
1787 4735 1831 4796 el-

1085 4820 1187 4883 lectus
1209 4822 1318 4884 sortiri
1334 4828 1367 4884 et
1381 4822 1539 4898 obtinere,
1554 4842 1588 4887 ac
1609 4825 1682 4888 illos
1697 4827 1734 4889 ad
1750 4841 1830 4905 quos

1085 4921 1206 4992 spectat
1227 4921 1259 4976 et
1280 4915 1435 4993 spectabit
1456 4916 1517 4979 hoc
1538 4917 1723 4997 futurisque
1750 4926 1831 4982 tem-

1085 5007 1227 5084 poribus,
1246 5004 1431 5085 plenissime
1452 5008 1631 5087 sullragari.
1655 5009 1830 5073 Contrariis

1085 5116 1149 5162 nou
1172 5099 1371 5161 obstantibus
1393 5101 1661 5180 quibuscumque.

1123 5194 1237 5255 Datum
1259 5192 1377 5255 Romae
1398 5194 1481 5272 apud
1497 5193 1528 5256 S.
1546 5195 1677 5258 Petrum
1696 5197 1756 5258 sub
1778 5213 1830 5260 an-

1083 5285 1337 5348 nuloPiscatoris
1354 5286 1446 5349 diex.
1460 5289 1567 5350 martii
1582 5305 1828 5366 uncccxxxvu.,

1083 5381 1283 5460 pontificatus
1304 5381 1406 5441 nostri
1427 5395 1511 5443 anuo
1532 5395 1589 5444 vu.
1612 5381 1668 5463 (l).

1510 5543 1588 5552 Ἰ--σ--ιι

1081 5771 1184 5824 partem
1200 5769 1328 5814 hacteuus
1350 5765 1529 5814 iurisdictioni
1545 5767 1618 5815 Sedis
1633 5769 1713 5815 huius
1728 5767 1832 5815 ordina·

1082 5835 1138 5880 riae
1154 5835 1300 5881 subiectam
1315 5836 1347 5880 ob
1358 5837 1404 5882 tua
1414 5835 1545 5892 istiusque
1556 5836 1638 5891 Sedis,
1648 5837 1718 5882 sicut
1728 5841 1755 5882 et
1764 5839 1832 5882 alias

1082 5907 1172 5958 partes
1194 5899 1228 5947 ab
1251 5902 1367 5948 aliarum
1391 5902 1578 5959 episcopalium
1601 5903 1703 5949 sedium
1726 5903 1832 5951 iurisdi·

1082 5968 1169 6013 ctione
1184 5967 1292 6024 penitus
1307 5971 1441 6026 exemptas
1456 5969 1564 6016 fuisse».
