1290 1823
573 194 606 205 mn.
618 194 664 205 Pom.
676 194 696 205 uz
707 194 721 205 Ρ.
733 194 748 205 11.
760 193 802 205 PARS
813 194 824 205 1.

393 223 506 243 Popayanensi,
513 223 553 239 illud
561 223 609 239 etiam
617 223 686 239 animad-

389 250 411 264 ur,
422 251 441 262 ex
452 246 594 262 dismembratione
602 251 619 262 ac
626 247 686 262 unione

389 270 393 285 Ι
408 270 451 285 aliud
467 270 547 285 oriturum
563 271 626 289 praeter
637 270 687 285 eccle-

389 293 476 312 ·ayanensis
490 293 654 312 redintegrationem3
666 293 687 308 ita

389 316 413 331 illi
419 316 515 332 redderetur
521 316 636 332 iurisdictionis
644 320 686 336 pars,

389 343 394 354 ι
405 339 494 357 fruebatur.
503 341 519 355 et
530 343 577 359 quam
586 339 687 359 Popayanen-

389 366 432 382 zopus
442 363 545 378 solummodo
555 363 574 378 ad
586 364 650 382 tempus
656 363 687 378 An⁴

389 386 446 401 uitensi
462 386 568 402 exercendam
585 386 688 402 commiserat

389 409 482 425 tenuissimas
493 409 510 425 in
521 413 539 425 ea
546 409 651 429 sylvestrium
659 409 687 425 hu-

389 432 492 450 incursiones.
504 432 562 452 quihus
573 434 629 448 mutua
636 434 687 452 pasio-

395 459 445 475 grege
455 456 548 471 communio
559 455 686 475 impediebatur;

390 483 398 495 c
408 483 453 494 causa
464 479 528 499 penitus
539 479 605 497 sublata.
617 483 686 498 aequum

389 513 391 517 ,
401 504 471 518 cessaret
486 506 551 521 quoque
562 502 633 518 effectus.
645 502 686 518 Cum

389 529 397 541 c
407 529 455 545 super
467 529 484 541 re
494 525 538 541 nulla
546 525 638 541 interfuerit
645 525 686 545 Apo-

389 548 434 566 Sedis
445 549 535 567 auctoritas,
548 549 591 564 nulla
600 550 653 568 potest
660 549 687 564 fir-

389 572 454 587 anonica
461 572 502 587 ratio
509 572 578 588 inveniri
585 576 614 591 pro
620 572 687 588 ecclesia

389 595 418 611 ,in
432 595 548 611 detrimentum
563 595 685 614 Popayanensis.

389 620 413 634 rte
420 618 482 634 iuribus
490 622 523 634 non
530 619 593 637 poterat
599 618 686 637 Episcopus

389 641 442 657 [fultus
453 641 538 661 apostolica
546 641 619 657 facultate
627 645 686 657 renun-

389 668 425 684 ique
440 664 517 680 iacturam
528 664 554 680 vel
568 664 652 680 minimam
663 664 686 680 in-

400 688 474 703 eamdem
482 688 512 703 ivit
519 688 614 703 sententiam
623 688 686 703 moder-

389 715 444 731 scopus
459 711 575 731 Popayanensis
589 715 618 730 per
632 711 686 727 literas

389 734 424 750 latas
435 734 461 750 die
471 734 527 753 quinta
538 734 591 750 martii
600 734 686 750 millesimo

390 757 448 773 tesimo
464 757 548 777 trigesimo
564 757 618 775 tertio,
629 757 686 773 iisdem

390 781 440 796 causis
445 781 559 800 rationumque
566 780 652 796 momentis
658 784 686 796 uo-

389 807 434 819 orum
444 804 472 823 qui
485 803 572 819 ditionibus
584 803 638 819 Novae
649 803 686 819 Gra-

389 828 450 845 aesnnt,
461 827 535 846 superius
546 827 621 846 expositis
631 826 686 842 simili-

389 854 414 865 tus
425 850 511 870 praefatam
521 850 685 868 dismembrationem,

389 873 507 893 ntegrationem
521 875 603 892 tamquam
613 873 649 888 iure
660 873 686 888 de-

389 896 480 916 :spirituali
491 896 564 912 fidelium
575 896 622 912 saluti
630 898 647 911 et
654 900 686 911 me-

389 920 441 936 zlesiae
452 923 508 935 rerum
519 920 535 936 in
546 919 564 935 iis
576 920 614 935 locis
624 919 686 935 ordina-

389 943 452 959 identer
465 943 523 959 utilem
537 943 604 963 supplici
615 943 687 959 ohsecra-

389 966 442 985 rtehat.
457 966 558 986 urgebamus
573 966 686 984 vehementer.

389 994 430 1010 uper
440 989 544 1005 commodum
555 990 613 1005 exinde
622 988 687 1005 manare

400 1013 442 1032 quod
453 1013 508 1028 civiles
524 1013 588 1028 (litionis
600 1013 639 1028 flues
650 1017 687 1028 cum

389 1036 411 1051 nis
422 1036 500 1051 limitibus
511 1035 656 1051 conformarentur.

389 1063 412 1075 am
423 1061 458 1075 tum
474 1059 546 1078 profecto
562 1063 591 1078 pro
607 1059 686 1078 pastorali,

401 1086 466 1098 omnem
477 1082 549 1101 gerimus
557 1082 649 1100 Ecclesiam.
657 1082 688 1098 sol-

389 1109 403 1124 e,
415 1105 529 1125 cogitationem
540 1109 627 1125 curamque
642 1105 688 1121 inivi-

389 1129 433 1144 iusce
447 1128 476 1146 rei.
488 1132 525 1144 cum
539 1131 579 1143 veru
594 1128 612 1143 ah
623 1128 648 1146 iis.
660 1129 688 1147 qui

390 1152 430 1167 icam
444 1152 463 1167 ab
476 1151 567 1171 Aequatore
581 1153 688 1171 nuncupatam

389 1175 505 1193 ministrabant,
521 1174 567 1190 nobis
580 1174 687 1194 significatum

389 1198 439 1214 {litam
446 1198 547 1214 avulsionem
555 1200 571 1213 et
578 1198 656 1214 unionem
663 1202 688 1214 re-

389 1222 435 1237 2ensis
446 1221 523 1237 dioecesis
531 1221 566 1237 fore
574 1221 671 1240 obfuturam,
680 1226 687 1237 a

389 1245 467 1260 ontissciae
475 1245 585 1264 providentiae
592 1245 654 1260 ratione
660 1245 688 1260 du-

389 1268 498 1286 bstinendum.
510 1268 561 1284 donec
571 1272 620 1284 verus
632 1272 687 1284 rerum

389 1292 446 1307 )ertius
457 1291 572 1309 innotesceret,
580 1295 653 1310 quaeque
661 1291 688 1307 ob-

389 1315 464 1330 lehantur
474 1314 575 1330 difficultates
586 1314 649 1334 penitus
660 1314 688 1330 eli-

390 1339 422 1353 tur.
434 1337 494 1353 Accidit
505 1338 576 1355 interim.
584 1339 603 1353 ut
613 1342 629 1353 in
637 1338 688 1353 consi—

389 1361 429 1377 abito
440 1361 466 1377 die
476 1361 554 1380 vigesima
562 1365 603 1377 nona
611 1361 645 1377 iulii
653 1361 688 1376 mil-

389 1384 521 1404 )ctingentesimo
535 1384 619 1404 trigesimo
633 1384 687 1403 tertio,

390 1408 449 1423 uitensi
456 1408 532 1423 ecclesiae
540 1407 636 1427 Episcopum
644 1408 688 1423 dare-

389 1431 477 1447 nerahilem
493 1431 560 1446 fratrem
574 1431 657 1446 Nicolaum
668 1431 688 1447 de

389 1454 426 1474 quin
437 1454 470 1470 ulla
481 1454 527 1470 nohis
541 1454 597 1474 petitio
611 1456 656 1470 antea
667 1454 688 1470 fa-

389 1480 398 1493 =t
413 1478 433 1493 (le
449 1477 545 1493 reservanda
559 1478 605 1493 nohis
620 1478 635 1493 in
650 1478 688 1493 actis

389 1501 451 1517 *ialibus
459 1503 475 1516 et
486 1501 502 1516 in
510 1501 600 1521 apostolicis
609 1501 659 1517 literis
667 1501 688 1516 {a-

389 1524 472 1540 iioecesim
482 1524 526 1540 illam
538 1525 554 1540 in
566 1526 649 1544 posterum
657 1525 687 1540 dis-

714 223 820 241 membrandi.
835 226 927 242 novamque
942 223 974 238 illis
988 223 1089 238 circumseri>

714 246 786 266 ptiouem
798 246 890 266 peragendi.
901 246 953 265 Quare
964 246 1043 262 canonicis
1054 250 1088 261 sau-

714 269 793 285 ctionihus
805 269 912 288 inhaerentes,
924 274 941 285 uc
952 269 1025 289 vestigiis
1033 269 1088 285 Roma-

715 296 773 308 norum
789 293 885 308 Pontificum
903 292 1045 312 praedecessorum
1061 296 1088 308 no-

714 318 786 332 strorum
800 316 893 332 insistentes
908 316 978 331 electum
993 316 1088 335 Episcopum

714 339 807 358 Quitensem
819 339 849 355 hoc
858 343 907 359 super
915 339 981 358 negotio
988 339 1086 358 rogavimus,

715 363 754 378 datis
766 362 784 378 ad
795 366 833 378 enm
848 362 899 378 literis
913 362 939 378 die
954 362 1032 382 vigesima
1044 363 1088 377 sexta

714 386 768 405 aprilis
775 385 864 405 superioris
872 385 909 401 anni
917 385 999 401 millesimi
1006 385 1088 404 octingen-

716 409 768 424 tesimi
784 409 863 428 trigesimi
879 409 938 428 quarti,
950 409 1020 424 celerem
1036 409 1088 428 quoad

715 432 750 448 fieri
761 434 816 452 posset
826 432 949 452 responsionem
960 432 979 447 ab
989 432 1024 452 ipso
1035 434 1088 451 postu-

715 456 771 471 lantes*
783 455 827 471 llanc
836 459 874 471 sane
885 455 943 475 agendi
954 455 1032 471 rationem
1042 455 1088 471 nobis

715 479 801 494 ineundam
809 479 902 494 censuimus
910 483 942 494 non
950 478 1003 494 solum
1011 479 1048 498 quia
1055 479 1088 498 ipsa

715 502 738 517 rei
749 502 818 521 gravitas
826 502 847 517 ita
855 502 957 522 expostulare
965 502 1054 520 videbatur,
1061 506 1088 517 ve-

715 529 751 541 rum
762 525 811 541 etiam
822 527 840 541 ut
850 525 877 540 illa
892 525 950 543 omnia.
965 529 1006 544 quae
1020 525 1088 544 praesidi

715 550 813 565 memoratae
826 548 924 568 reipublicae
938 548 957 564 ab
968 548 1059 567 Aequatore
1070 549 1088 564 li-

715 572 753 588 teris
764 572 796 588 diei
807 572 864 587 tertiae
871 572 935 591 augusti
943 572 1030 587 millesimo
1038 572 1087 587 octin-

715 595 805 615 gentesimo
820 595 903 614 trigesimo
918 595 966 610 tertio
977 599 1005 610 nos
1019 595 1087 610 facturos

715 618 848 636 nuntiaverimus,
860 618 936 637 religiose
947 622 1055 633 servaremus.

734 642 744 660 ἓ
755 641 769 657 7.
780 641 833 660 Quum
844 645 883 657 vero
895 641 938 657 nulla
949 641 995 657 nohis
1004 641 1056 657 adhuc
1063 645 1087 657 re-

714 665 779 685 sponsio
790 664 851 680 reddita
862 664 883 680 sit
893 669 901 679 a
911 664 984 683 Quiteusi
993 664 1044 680 electo
1052 664 1087 684 Epi-

714 692 768 708 scopo.
782 688 807 703 nui
818 687 871 703 fuerat
884 687 993 706 commissum,
1007 689 1025 703 ut
1037 691 1055 703 ea
1068 688 1087 703 de

714 716 732 727 re
743 713 799 731 ageret
809 714 846 726 cum
861 711 897 729 illis,
911 714 981 730 quorum
992 711 1086 730 interesset;

714 735 778 750 aliunde
794 738 834 750 vero
844 734 915 750 creverit
925 734 941 750 iu
953 734 986 749 dies
1001 734 1087 753 spiritualis

714 758 786 774 fidelium
803 757 897 775 necessitas·
914 761 934 772 ex
949 761 968 773 eo
983 757 1086 777 praesertim.

714 781 757 801 quod
768 781 788 796 ob
800 785 848 796 novas
859 784 915 796 rerum
925 780 998 796 civilium
1009 780 1087 796 vicissitu-

714 805 759 821 dines
770 804 842 820 nondum
853 804 924 824 potuerit
934 804 977 819 idem
989 804 1049 819 electus
1057 804 1088 819 An-

714 828 759 844 tistes
767 832 810 843 sacra
817 827 937 843 consecratione
945 827 1044 846 inaugurari.
1051 827 1088 843 hino

714 853 738 867 est
748 851 791 870 quod
801 855 829 866 nos
837 850 888 866 officio
896 852 951 866 nostro
959 850 1015 866 deesse
1022 850 1088 866 arbitra-

714 878 776 892 remur,
787 874 801 889 si
811 874 906 893 apostolicae
922 874 1032 893 providentiae
1042 878 1088 889 curas

715 898 779 917 longius
791 897 929 917 protraheremus.

734 922 743 940 ἓ
753 921 768 936 8.
780 920 813 936 Nos
829 920 882 940 itaque
898 924 954 936 rerum
970 922 1012 936 statu
1027 923 1088 937 matura

714 944 842 960 consideratione
858 944 955 963 ponderato,
972 944 1088 964 perpensisque

715 968 787 984 locorum
797 971 814 983 ac
822 969 914 987 temporum
922 967 1006 985 adiunctis.
1015 968 1088 983 caeteris-

715 995 747 1011 que
762 991 836 1006 omnibus
851 994 892 1010 quae
906 992 952 1006 erant
965 991 1008 1006 serio
1021 991 1089 1010 diligen-

715 1016 773 1034 terque
784 1013 864 1033 pensanda
874 1013 947 1033 (consilio
958 1015 1012 1029 tamen
1023 1014 1043 1029 de
1052 1018 1089 1030 con>

715 1037 797 1053 formitate
808 1037 864 1052 finium
880 1036 952 1052 civilium
963 1040 1000 1052 cum
1011 1037 1088 1053 limitibus

715 1060 813 1076 dioecesanis
824 1060 890 1075 omnino
898 1060 963 1078 reiecto,
972 1061 1028 1079 utpote
1035 1060 1089 1076 Eccle

716 1084 747 1099 siae
758 1083 876 1101 consuetudini,
888 1083 981 1102 disciplinae
992 1085 1008 1098 et
1018 1083 1089 1099 libertati

716 1107 762 1126 plane
773 1106 866 1126 contrario).
877 1110 896 1121 ex
907 1107 950 1121 certa
961 1106 1032 1124 scientia,
1044 1108 1088 1122 motu

716 1130 786 1150 proprio,
799 1129 851 1149 deque
862 1129 957 1149 apostolicae
967 1129 1049 1149 potestatis
1057 1130 1089 1149 ple>

716 1153 798 1171 nitudine,
813 1152 894 1168 defectum
908 1156 995 1168 consensus
1010 1153 1088 1172 partium,

716 1180 784 1196 quarum
792 1176 866 1194 interest,
873 1175 972 1195 supplentes.
979 1176 1058 1195 illumque
1065 1176 1089 1192 uti

716 1200 785 1215 libenter
797 1199 856 1217 datum,
865 1199 891 1214 vel
902 1199 936 1214 sine
947 1203 985 1215 cura
992 1199 1089 1219 denegatum

716 1223 798 1240 hahentes.
810 1227 818 1238 a
833 1222 902 1238 dioecesi
915 1222 988 1240 Ouitensi
1002 1222 1018 1238 in
1029 1222 1090 1238 ditione

716 1245 825 1265 Aequatoriali
836 1245 915 1265 paroecias
926 1247 944 1261 ut
954 1249 1002 1265 supra
1009 1249 1090 1265 nuncupa-

716 1271 739 1285 tas
750 1269 770 1285 de
781 1269 856 1287 Tnmaco,
868 1268 888 1284 de
898 1268 990 1286 Barhacoas.
999 1269 1018 1284 de
1026 1268 1090 1288 lsquan-

716 1292 742 1311 do,
754 1292 773 1308 de
784 1292 834 1311 Guapi
845 1292 860 1307 in
872 1292 926 1307 littore
938 1292 1007 1307 fluminis
1017 1292 1089 1307 eiusdem

716 1316 791 1333 nominis.
804 1315 823 1331 de
838 1315 909 1334 lrapiche
925 1315 943 1331 ad
955 1315 1005 1334 ripam
1020 1315 1089 1330 fluminis

716 1339 766 1358 vulgo
777 1338 832 1358 Mic-ay.
844 1338 897 1354 Sancti
907 1338 971 1358 losephi
982 1340 1000 1354 ut
1007 1340 1064 1354 vocant
1071 1339 1089 1354 ad

716 1362 767 1378 lacum
783 1361 867 1381 Simhiqui.
883 1361 903 1377 de
917 1361 958 1381 Zajia
972 1361 1018 1377 etde
1034 1361 1088 1381 blicay,

716 1389 746 1401 nec
763 1388 795 1400 non
813 1384 892 1404 paroecias
910 1388 966 1400 omnes
983 1384 1089 1404 ecclesiasque

716 1408 777 1424 eisdem
788 1408 895 1423 inservientes
905 1407 932 1423 vel
940 1407 1042 1427 opitulantes.
1051 1411 1089 1427 quas

716 1431 775 1447 idcirco
785 1431 870 1446 auxiliares
881 1430 967 1450 appellant,
977 1430 1014 1446 sitas
1025 1431 1041 1446 in
1052 1431 1090 1446 civi*

716 1456 748 1470 tate
758 1458 787 1470 seu
798 1454 879 1474 provincia
892 1454 943 1473 vulgo
954 1454 973 1469 de
984 1453 1029 1469 Pastu
1044 1454 1089 1469 ditio-

717 1478 741 1493 nis
752 1477 806 1493 Novae
816 1477 898 1495 Granatae,
909 1477 995 1496 omniaque
1003 1478 1019 1492 et
1026 1477 1089 1497 singula

716 1501 753 1520 ipsis
764 1500 866 1516 adhaerentia
877 1502 955 1520 perpetuo
963 1501 1055 1519 dividimus,
1064 1505 1089 1516 se-

715 1524 798 1544 iungimus
812 1528 829 1539 ac
843 1523 940 1542 divellimus.
956 1528 1014 1543 easque
1027 1529 1035 1539 a
1046 1524 1088 1540 dioe-

1105 189 1131 203 ιλιι.
1139 190 1154 203 0.
1166 190 1206 203 18³5

1104 646 1151 657 tuusne
1160 646 1176 657 au
1186 646 1211 657 «¹22

1097 660 1174 671 cernendam
1191 662 1210 670 n-

1098 672 1150 684 nlonum
1161 672 1211 687 impul>

1098 686 1143 697 innius*

1107 927 1149 937 'rs-m
1156 929 1210 938 conces-

1098 940 1142 951 sionis.
