1290 1823
178 174 205 188 An>
212 175 227 188 C.
238 175 272 189 18³⁶

185 306 202 317 ou
209 306 244 321 statu
251 305 278 317 uni-

172 320 278 346 ffl?;”3„}‚'},0¹„⁴::

170 516 278 540 ,ἧὶθῧέἶιῖἱῖιῗηῗ

171 542 184 553 αι
191 542 217 553 vie.
226 542 278 557 Aposto-

170 819 277 844 Ρὲὗῖξῖἱέἓᾞί

170 847 229 858 moenum
235 846 251 857 de
257 846 277 857 de·

170 859 241 874 pendenti·
250 859 277 871 bur,

178 872 247 888 opulorum
260 872 277 884 un

170 886 277 914 „maffia-‘3⁶

175 1356 239 1368 vicuium
244 1356 275 1370 xpo-

168 1369 228 1381 sioucnm
240 1369 275 1381 ιιιιιι-

168 1383 218 1407 tuta
225 1383 275 1408 ὲἚ-ῗιῖἑ

168 1409 275 1435 suasur-

299 174 328 190 168

288 208 350 224 exitum
360 212 410 228 prope
421 208 470 228 elapsi
480 208 540 224 saeculi
551 212 580 228 per
588 208 662 228 apostoli-

287 236 314 247 cos
324 231 369 247 viros
380 232 452 247 eiusdem
464 231 546 248 Societatis
556 235 604 251 quam
612 231 662 247 Xavo-

287 255 321 270 rius
333 255 396 270 ornavit
406 255 479 271 excultae
486 255 613 275 copiosissimam
621 259 662 271 mes-

287 282 322 294 sem
333 278 370 294 fidei
381 280 397 294 et
407 278 494 294 sanctitatis
506 278 571 294 dedere.

307 302 316 320 5
328 301 341 317 Δ.
353 301 464 317 Vehementer
475 302 541 321 quidem
552 302 640 318 commovit
647 306 662 317 a-

287 324 350 340 nimum
361 326 435 340 nostrum
446 325 537 341 tristissima
547 329 595 345 quam
603 325 662 345 accepi-

287 352 323 363 mus
334 348 354 364 de
365 348 468 364 eeclesiarum
478 348 542 364 illarum
550 350 591 364 statu
599 349 661 367 relatio.

286 371 342 387 fideles
353 371 414 387 scilicet
424 372 452 391 qui
463 372 558 392 populosam
574 372 617 388 illam
629 376 662 388 me-

286 396 358 410 moratae
365 395 460 411 Peninsulae
468 397 530 415 partem
536 395 614 414 incolunt.
621 399 662 415 quae

287 418 306 434 ad
316 418 399 434 Orientem
410 418 488 434 Montium
499 419 546 434 Gales
557 419 616 439 vergit.
627 421 644 435 et
654 424 662 435 a

286 441 354 457 flumine
363 441 436 462 Cliavery
444 442 463 458 ad
470 442 602 458 Promontorium
610 447 662 462 usque

286 464 392 481 Comorinum
400 465 508 485 protenditur,
515 470 574 485 magno
582 466 599 482 in
606 466 662 482 salutis

287 490 361 504 aeternae
372 488 465 504 discrimine
475 489 543 505 versari.

307 512 316 530 5
326 511 341 527 2.
353 511 405 530 Quare
419 512 439 528 de
453 512 521 528 consilio
535 512 568 528 VV.
584 513 613 528 FF.
627 513 660 529 NN.

287 534 303 550 S.
315 534 333 550 R.
345 534 362 550 E.
374 535 483 551 cardinalium
497 535 630 555 Congregationis
641 536 661 552 de

287 558 389 578 Propaganda
400 558 438 574 Fide
449 559 518 578 negotiis
526 559 660 579 praepositorum,

287 583 303 597 et
313 583 376 597 matura
390 582 506 598 deliberatione
519 584 573 598 nostra
586 583 661 599 iudicavi-

287 608 322 620 mus
333 605 350 620 in
361 607 394 621 toto
405 605 433 621 illo
444 607 496 621 tractu
510 606 582 625 regionis
594 606 661 622 vicaria-

287 629 321 643 tum
329 628 439 648 Apostolioum
447 632 482 644 esse
489 629 626 648 constituendum,
635 634 661 646 cn-

286 651 311 667 ius
321 651 410 667 iurisdictio
420 656 471 671 regna
482 652 541 671 omnia,
553 653 587 669 sive
597 654 661 673 provin-

286 675 317 690 cias
328 675 369 690 intra
380 675 420 691 flues
431 675 462 691 iam
476 675 565 696 descriptos
578 678 661 692 contentas

286 702 315 714 seu
326 698 405 716 Madurae,
418 698 493 718 Tanjorii,
506 699 577 715 Maravae
588 702 604 715 et
615 700 661 716 Miso-

286 721 306 737 rii
316 722 432 741 complectatur
442 726 460 737 ac
470 722 537 738 idoneos
548 723 614 738 omnino
625 723 661 739 mis-

286 745 363 761 sionarios
376 745 469 763 vicariatus,
484 745 519 761 sive
533 746 629 762 missionum
643 747 661 762 il—

286 768 340 784 lorum
351 768 484 784 administrationi
496 770 512 784 et
522 773 570 785 curae
581 769 661 786 destinau—

286 791 315 807 dos
325 796 367 807 esse.

306 815 315 834 5
326 815 340 830 3.
352 814 393 830 Cum
404 819 444 831 vero
455 815 531 831 bactenus
542 816 618 836 regiones
626 817 661 836 illas

286 838 393 854 iurisdictioni
399 840 434 854 tum
438 838 558 859 Archiepiscopi
562 840 616 858 Goani,
622 842 661 856 tam-

287 865 334 881 quam
349 862 472 882 Metropolitaui.
484 864 519 878 tum
534 863 613 879 ordinaria
623 864 661 879 alio-

286 889 323 900 rum
329 885 446 905 Episcoporum
452 885 532 901 subiectas
540 890 575 902 esse
581 890 661 906 cognove-

286 909 337 924 rimus
348 909 367 924 iis
378 913 419 928 quae
429 913 438 924 a
449 909 476 925 iel.
488 913 520 925 rec.
535 910 661 929 praedecessori-

285 932 315 948 bus
326 932 386 948 nostris
401 932 449 948 Paulo
462 932 487 948 lv.
500 933 615 949 constitutione
626 934 661 950 Etsi

285 956 343 971 sancta
353 960 375 971 w.
387 955 463 971 februarii
477 960 539 972 notvn.
551 957 571 972 de
582 957 661 977 Metropo-

285 978 324 994 litici
335 978 455 999 Archiepiseopi
465 979 515 995 Goani
529 980 601 999 iuribus;
612 980 661 997 Paulo

285 1001 325 1017 item
335 1001 361 1017 iv.
373 1002 488 1018 constitutione
501 1002 533 1018 Pro
544 1004 627 1019 excellenti·
638 1008 660 1020 iv.

285 1025 363 1041 februarii
376 1030 444 1045 totvm
456 1025 540 1042 Clemente
552 1026 591 1042 Vlll.
603 1028 661 1043 consti-

285 1049 349 1064 tutione
359 1048 378 1064 Ιπ
385 1053 457 1069 supremo
465 1053 487 1065 w.
495 1050 560 1069 augusti
568 1054 613 1069 numm
622 1051 661 1067 Pau-

285 1073 301 1089 lo
312 1073 331 1088 V.
343 1073 457 1089 constitutione
471 1077 494 1088 ix>
506 1073 583 1089 februarii
598 1078 660 1093 nncvi..

286 1098 302 1112 et
316 1096 430 1112 constitutione
444 1096 490 1112 Alios
502 1098 587 1117 postquam
602 1102 623 1113 vi.
639 1098 661 1113 fe-

285 1119 346 1135 bruarii
356 1123 424 1135 uocxvr.
433 1119 452 1135 de
460 1120 519 1135 finibus
527 1122 543 1136 et
550 1120 661 1137 iurisdictione

285 1143 406 1163 episcopatuum
420 1142 563 1162 emmaum-ensis,
574 1143 661 1160 Cocciuen-

285 1166 312 1184 sis.
324 1166 444 1186 Meliaporensis
450 1168 548 1185 statuerunt,
556 1171 633 1187 expresse
641 1168 661 1184 de

285 1189 385 1209 plenitudine
394 1190 477 1210 potestatis
484 1192 549 1206 nostrae
556 1190 660 1210 derogamus.

285 1213 380 1228 Memoratas
394 1215 479 1233 propterea
493 1214 569 1233 regiones
584 1218 640 1230 omues
652 1219 660 1230 a

285 1236 401 1255 cuiuscumque
412 1240 432 1252 ex
443 1237 537 1252 memoratis
548 1237 574 1253 vel
590 1238 606 1253 in
617 1238 661 1254 India

285 1259 391 1275 existentibus
405 1259 487 1280 Episeopis
501 1260 612 1277 iurisdictione
625 1265 661 1281 per-

285 1284 334 1302 petuo
348 1283 444 1298 eximentes.
456 1283 509 1299 Solius
524 1283 581 1299 Vicarii
594 1284 661 1304 Aposto-

285 1305 311 1321 lici
322 1308 338 1321 et
349 1306 422 1322 eiusdem
433 1310 546 1323 successorum
554 1307 660 1324 iurisdietioni

285 1329 351 1345 subesse
362 1329 378 1345 in
389 1331 473 1350 posterum
484 1331 591 1347 decernimus.

305 1354 314 1372 5
325 1353 339 1369 4.
352 1353 433 1369 Vicarium
447 1358 512 1374 quoqne
523 1354 633 1374 Apostolicum
644 1357 661 1372 et

285 1381 386 1393 successores
399 1377 433 1393 eius
444 1382 452 1393 a
466 1379 520 1393 nostra
531 1380 548 1394 et
561 1378 660 1398 Apostolicae

285 1400 330 1416 Sedis
338 1400 432 1416 auctoritate
438 1401 531 1417 immediate
537 1401 628 1421 dependere
634 1402 660 1418 de-

285 1424 369 1440 claramus.
381 1424 406 1440 Ad
416 1424 446 1440 hoc
460 1426 514 1440 autem
526 1424 583 1440 Vicarii
594 1425 661 1445 Aposto-

284 1447 311 1463 lici
321 1451 381 1463 munus
391 1447 466 1467 eligimus
474 1447 551 1463 dilectum
559 1448 610 1464 silium
618 1448 660 1464 Iose-

284 1470 336 1490 phum
351 1470 430 1486 Bertrand
446 1471 560 1491 presbyterum
577 1471 660 1487 Soeietatis

284 1493 321 1509 lesu
331 1494 385 1510 virum
394 1494 457 1514 pietate.
466 1494 543 1513 doctrina,
552 1495 637 1515 prudentia
644 1497 661 1511 et

285 1517 369 1537 religionis
380 1517 416 1533 zelo
426 1517 516 1538 plurimum
523 1518 659 1536 commendatum.

548 179 581 190 mn.
593 179 639 190 ΡοΝτ,
651 179 672 190 ΠΕ
683 179 697 190 1'.
710 179 725 190 ν.
737 179 779 190 nnus
790 179 801 190 1.

690 208 738 228 eique
747 208 814 224 dilectos
821 208 860 224 alios
868 212 877 224 e
885 208 922 224 Soci

690 236 760 251 quorum
771 231 817 247 nobis
828 233 923 251 perspectus

690 259 738 275 quam
754 255 828 271 laborum
845 255 896 271 socios
902 267 906 273 ,

690 278 792 294 subiicientes
800 278 908 298 adiungimus.
917 278 923 294 1

690 303 745 321 pterea
755 302 898 322 praedecessorum
912 306 922 317 n

690 325 716 344 tis,
727 329 778 345 eaque
785 325 899 341 confirmantes
907 329 923 345 qt

690 349 729 364 tioni
741 349 760 365 de
771 349 873 369 Propaganda
882 349 921 365 Fide

690 372 735 388 nium
750 372 814 392 negotia
828 374 923 392 pertractant

690 395 752 411 Vicario
763 395 855 416 Apostolieo
870 397 886 411 et
896 400 923 411 suc

689 419 769 437 iubemus,
781 421 800 434 ut
810 419 892 435 facultates
902 423 922 435 ex

690 442 786 458 necessarias
800 444 817 458 et
832 444 922 462 opportuna

689 465 837 485 Congregationem
843 466 914 486 recipiat,
921 472 923 480 ⁴

689 489 752 505 sionem
762 489 871 509 spectantibus
882 493 919 505 cum

689 516 720 532 qua
730 513 744 528 si
755 513 794 532 quid
805 513 851 528 novis
862 513 880 528 ad
892 513 923 528 ssde

690 536 810 552 decernendum
823 538 850 552 aut
860 535 991 552 'constitu-anuum
1002 544 1028 554 sn.
1037 544 1064 552 ιω-

689 558 713 574 bis
721 563 738 574 ac
744 559 864 575 successoribus
872 559 931 575 uostris
938 559 1026 575 reseretur.
1034 559 1065 575 Per

689 582 730 598 banc
740 584 794 598 autem
805 582 892 598 voluntatis
906 584 970 598 nostrae
986 582 1065 602 signitica-

689 606 750 621 tionem
761 610 794 621 non
804 605 904 621 intendimus
918 607 1027 621 memoratum
1038 606 1064 622 Vi-

689 629 749 645 earium
760 629 871 649 Apostolieum
884 629 903 645 ab
914 629 1006 645 obedientia
1020 633 1064 649 prae-

689 653 736 672 positi
742 653 823 672 generalis
829 652 912 669 Soeietatis
918 653 954 669 lesu
961 653 1063 671 subtrahere,

689 680 742 696 neque
753 678 838 696 propterea
849 676 868 692 ab
878 676 948 692 instituti
958 677 984 692 sui
993 676 1063 696 legibus,

689 703 706 715 ac
716 704 724 715 a
735 699 817 715 reddenda
827 699 880 715 eidem
892 700 983 719 praeposito
994 700 1014 715 de
1022 704 1040 715 se
1048 702 1063 716 et

689 722 782 738 ministeriis
792 723 826 738 suis
836 723 899 738 ratione
911 723 1003 738 eximimus.

708 746 718 765 5
728 746 743 761 ὅ.
755 745 842 766 Speramus
853 749 893 762 vero
903 746 943 762 etin
951 746 1019 762 Domino
1027 750 1063 762 con-

689 769 753 785 fidimus
763 769 798 785 tore
809 771 827 785 ut
838 769 877 785 baec
887 773 928 789 quae
939 773 968 789 pro
979 770 1063 789 religionis

689 792 775 808 catholicae
785 792 896 808 incolumitate
903 794 920 808 et
928 793 1030 809 incremento
1037 793 1063 809 de-

689 816 776 834 crevimus,
789 816 808 832 ad
819 820 854 832 eam
865 816 960 836 erigendam
970 818 987 832 et
997 817 1064 836 amplifi>

688 839 754 855 eandam
765 843 805 855 vere
818 839 912 858 conducant.
927 843 958 855 nec
972 840 1063 856 dubitamus

689 863 728 882 quin
738 863 835 879 salutaribus
846 863 890 879 hisce
900 863 963 879 statutis
972 867 1002 883 pro
1010 863 1064 879 obser-

689 886 741 902 vantia
749 886 849 906 Apostolicae
857 886 894 902 Sedi
902 886 955 902 debita
962 887 1024 902 lubenti
1032 887 1064 903 ani-

689 914 716 926 mo
726 914 782 926 omnes
794 910 909 926 obsecundent.
918 910 1028 926 Decernentes
1035 910 1064 926 has

689 935 781 953 praesentes
792 933 853 949 litteras
864 933 923 952 firmas.
935 934 994 949 validas
1005 936 1021 949 et
1031 934 1063 950 effl-

689 961 732 972 caces
743 957 814 972 existere
825 958 841 972 et
852 956 892 975 tore.
902 960 973 976 suosque
984 957 1064 977 plenarios

689 982 705 996 et
715 981 788 1000 integros
799 980 865 996 enectus
872 980 928 996 sortiri
935 982 952 996 et
959 980 1039 999 obtinere,
1047 985 1064 997 ac

689 1003 725 1019 illos
734 1003 752 1019 ad
760 1007 801 1023 quos
808 1005 868 1023 spectat
876 1005 892 1019 et
899 1003 977 1023 spectabit
984 1004 1014 1020 hoc
1022 1004 1064 1020 iutu-

689 1027 744 1046 risque
754 1027 855 1047 temporibus
866 1026 960 1046 plenissime
973 1027 1063 1047 suffragari.

688 1050 776 1066 Contrariis
782 1054 815 1066 nou
821 1050 921 1066 obstantibus
927 1050 1062 1070 quibuscumque.

708 1074 765 1089 Datum
776 1073 836 1089 Romae
846 1073 888 1093 apud
900 1073 915 1089 S.
922 1073 993 1089 -Petrum
1000 1074 1030 1090 sub
1037 1078 1064 1090 an-

688 1097 727 1113 nulo
733 1097 817 1113 Piscatoris
823 1097 849 1113 dio
853 1101 900 1113 xxm.
906 1097 940 1113 dec.
945 1101 1062 1116 uncccxxxvr..

689 1120 789 1141 pontificatus
801 1120 852 1136 nostri
863 1124 905 1136 anno
914 1125 936 1136 v1.

857 1214 896 1230 Clx.

689 1261 743 1281 Erigit
755 1261 854 1277 vicariatum
862 1261 969 1282 Apostolicum
980 1262 998 1277 in
1009 1262 1065 1278 insuta

710 1284 769 1304 Geylan
775 1284 840 1300 sublati}
847 1285 941 1304 cuicumque
950 1284 1037 1301 Ordinarin
1046 1285 1064 1301 in

708 1312 743 1324 eam
757 1308 829 1323 insulam
844 1308 956 1324 iurisdictione
959 1314 966 1326 ;
983 1308 1064 1324 Vivarium

709 1332 762 1347 autem
770 1331 877 1351 Apostolicum
886 1331 964 1351 ins-‘antri
971 1331 1064 1347 charactere

708 1355 799 1375 episcopali,
807 1356 822 1370 et
833 1359 843 1370 a
854 1354 892 1370 Sede
899 1355 990 1375 Apostolicd
999 1356 1063 1371 tantum

706 1378 775 1398 pendere
785 1378 862 1394 decernit.

776 1420 886 1438 (influamus
897 1421 927 1437 ΡΡ.
940 1420 975 1437 ΧῊ.

748 1451 766 1468 ad
778 1453 865 1472 perpetuam
876 1451 898 1468 rei
910 1452 1002 1469 memoriam.

709 1495 732 1511 Ex
743 1499 812 1511 munere
823 1495 906 1515 pastoralis
913 1496 1000 1512 ministerii
1007 1500 1063 1516 snper-

688 1519 708 1535 na
718 1519 747 1535 Dei
757 1519 858 1539 providentia
865 1519 938 1535 humeris
946 1519 1005 1535 nostris
1012 1520 1063 1541 impo-

1086 749 1104 760 nx
1113 751 1150 760 nova
1162 749 1199 760 vre-

1073 762 1116 776 Apost.
1127 762 1200 774 insutu-

1074 775 1201 814 ᾙῖιῖἕᾞιέζ
