4864 6994
108 1574 327 1628 8333333333-

93 1627 325 1684 tuserzelesiarum

94 1689 121 1720 33
165 1679 326 1740 regionibus

93 1733 245 1777 Americae.

950 607 1124 653 exsecutus
1146 607 1197 652 1³1³.
1221 607 1286 654 xvl.

345 729 416 799 tius,
440 727 521 788 nihil
542 725 724 797 iucundius,
743 724 911 803 optabilius
927 725 1007 786 nihil
1024 741 1091 786 esse

345 835 436 898 posse
457 835 554 895 quam
570 827 606 880 ut
620 825 768 880 aeternae
784 817 929 878 bdelium
945 818 1090 878 omnium

344 913 438 976 saluti
467 913 652 976 omnimode
681 911 896 983 consulamus,
921 927 1001 986 quos
1023 911 1091 986 qui-

345 1008 417 1068 dem
441 1021 552 1067 omnes
575 1013 607 1066 et
624 1005 781 1081 singulos,
799 1005 873 1066 licet
893 1021 909 1064 a
932 1003 1022 1066 nobis
1039 1005 1091 1064 vel

345 1099 600 1161 disiunctissimis
623 1099 717 1160 terris
739 1097 912 1168 seiunctos,
929 1103 1090 1173 tamquam

345 1193 523 1254 carissimos
545 1193 578 1254 in
600 1190 728 1253 Christo
748 1191 830 1252 tilios
846 1197 980 1268 paterno
996 1205 1091 1251 verae

345 1284 505 1347 charitatis
516 1282 1089 1361 sensuperamantercomplectimur,

346 1383 377 1439 et
398 1393 463 1438 non
485 1377 649 1454 diligimus
670 1377 787 1448 solum,
811 1391 927 1438 verum
946 1375 1042 1436 etiam
1057 1375 1090 1435 in

344 1471 415 1532 sinu
437 1479 532 1547 atque
555 1470 655 1532 oculis
678 1476 850 1546 gestamus.

384 1564 452 1638 §2
477 1563 635 1640 Equidem
657 1563 737 1624 illud
759 1562 791 1624 in
814 1562 925 1641 primis
948 1561 1037 1622 nobis
1056 1559 1089 1619 in

344 1656 451 1717 animo
473 1655 543 1726 luit,
567 1663 711 1718 mentem
727 1655 1020 1732 cogitationemque
1035 1669 1089 1714 no-

344 1753 441 1808 stram
464 1748 501 1810 ad
524 1755 570 1809 tot
598 1748 840 1810 florentissimas
872 1748 948 1809 olim
971 1747 1004 1809 in
1026 1763 1089 1809 am·

345 1840 495 1918 piissimis
524 1840 690 1902 Americae
721 1840 909 1917 regionibus
941 1840 1088 1902 ecclesias

344 1933 410 1994 suis
423 1933 565 1995 viduatas
574 1934 753 2012 pastoribus
765 1936 967 2002 convertere,
979 1934 1089 2010 eisque

345 2026 432 2086 nuilla
453 2026 641 2104 interposita
662 2042 751 2088 mora
780 2027 893 2103 dignos
917 2027 1089 2104 praeficere

344 2118 527 2196 Episcopus,
552 2121 606 2196 qui
629 2121 830 2182 commissam
859 2120 990 2182 illorum
1014 2121 1089 2182 lide-

345 2211 423 2272 lium
446 2227 555 2273 curam
587 2213 680 2274 alacri
703 2212 881 2288 libentique
906 2213 1012 2274 animo
1038 2229 1089 2273 su-

345 2303 525 2381 scipientes,
540 2305 744 2366 continenter
758 2304 940 2380 vigilarent,
956 2305 1089 2366 excuba-

344 2403 418 2458 rent
438 2413 478 2457 333
502 2411 582 2473 grex
604 2413 718 2458 eorum
735 2398 809 2460 fidei
825 2398 1026 2459 concreditus
1042 2397 1089 2458 lu-

345 2503 461 2566 porum
483 2495 569 2550 esset
590 2490 704 2567 praeda
727 2491 897 2568 rapacium,
922 2491 977 2552 sed
1002 2491 1089 2552 omni

346 2598 405 2659 ope
426 2589 458 2643 et
480 2598 577 2660 opera
597 2583 690 2644 illum
713 2584 750 2644 ab
771 2585 938 2645 venenatis
967 2586 1088 2662 pascuis

344 2674 538 2736 abducentes
560 2676 597 2736 ad
619 2675 768 2736 salutaria
791 2677 1021 2754 propellerent,
1039 2693 1089 2755 pa-

344 2776 471 2829 scerent
492 2768 525 2828 in
548 2767 711 2830 montibus
733 2769 840 2840 lsrael,
861 2776 956 2846 atque
979 2771 1090 2832 edoce-

344 2867 417 2921 rent
446 2861 478 2922 in
507 2861 565 2922 viis
594 2861 720 2922 Domini
749 2863 924 2935 ambulare,
956 2865 1089 2940 eiusque

343 2968 473 3015 servare
495 2955 650 3026 mandata,
676 2962 708 3016 et
729 2971 875 3017 crescere
895 2957 927 3017 in
944 2957 1043 3033 gratia
1059 2965 1090 3019 et

343 3048 528 3123 cognitione
560 3048 687 3110 Domini
720 3049 827 3110 Nostri
857 3057 889 3111 et
918 3050 1089 3112 Salvatoris

343 3140 413 3201 lesu
436 3139 565 3201 Christi.
590 3139 712 3203 Verum
740 3142 772 3203 in
799 3143 943 3204 eiusdem
966 3143 1089 3205 Ameri-

342 3251 395 3294 cae
419 3233 566 3295 ecclesias
589 3241 716 3296 nostros
739 3236 944 3298 coniicientes
967 3237 1087 3308 oculos,

343 3327 484 3388 maximo
506 3345 539 3388 33
561 3343 643 3405 3333
666 3327 845 3390 incredibili
868 3329 964 3390 animi
987 3331 1089 3391 nostri

343 3421 454 3482 dolore
483 3421 719 3498 perspeximus,
744 3437 806 3489 eas.
831 3437 912 3499 quae
942 3423 1089 3484 Peruvia-

344 3529 402 3575 nae
425 3513 553 3576 ditionis
569 3513 724 3576 limitibus
740 3515 957 3586 continentur,
976 3533 1089 3594 magna

344 3625 384 3669 ex
406 3615 495 3686 parte
516 3608 582 3669 suis
607 3607 730 3670 orbatas
753 3623 821 3669 esse
844 3610 1032 3686 pastoribus
1058 3618 1090 3672 et

345 3717 479 3778 gregem
500 3701 619 3778 absque
634 3702 714 3762 duee
730 3702 895 3762 desertum
911 3717 1027 3780 vepres
1042 3705 1088 3764 in-

345 3804 394 3856 ter
416 3800 448 3856 et
468 3793 573 3871 spinas
593 3793 710 3854 misere
733 3801 901 3870 vagantem
917 3803 1089 3857 venenatas

344 3887 440 3948 etiam
459 3888 629 3964 depascere
644 3885 771 3958 herbas,
789 3893 821 3947 et
836 3903 931 3964 aquas
947 3905 1011 3950 non
1027 3889 1088 3949 iam

344 3981 383 4042 de
405 3979 547 4040 lontibus
570 3978 752 4050 Salvatoris,
769 3980 824 4040 sed
845 3997 942 4059 super
958 3983 1090 4044 llumina

344 4072 525 4150 Babylonis,
540 4073 754 4144 haurientem,
770 4074 975 4151 praecipitem
991 4077 1028 4136 ad
1043 4077 1089 4137 in-

345 4165 477 4226 teritum
505 4181 614 4226 ruere.
646 4165 791 4228 Vidimus
822 4171 854 4228 et
875 4167 1089 4232 vehementer

344 4258 563 4334 ingemuimus
591 4274 697 4320 333333
729 4259 841 4320 deesse
873 4261 1087 4332 administros,

344 4351 511 4428 religiosas
533 4349 666 4412 familias
686 4367 768 4429 pene
783 4353 1024 4426 intermortuae,
1042 4373 1090 4416 ec-

343 4443 532 4506 clesiasticae
554 4443 738 4522 disciplinae
759 4446 966 4522 splendorem
989 4449 1090 4510 extin-

344 4543 442 4608 ctum,
467 4537 516 4614 pia
540 4551 687 4613 quaeque
715 4537 859 4600 instituta
888 4539 1033 4616 collapsa,
1059 4549 1090 4603 et

345 4629 456 4690 fideles
478 4645 590 4690 omnes
612 4629 645 4690 in
661 4631 800 4692 maximo
815 4637 964 4694 aeternae
981 4633 1089 4695 salutis

343 4721 528 4784 discrimine
549 4724 754 4784 continenter
775 4726 909 4796 versari,
930 4743 1003 4788 cum
1026 4729 1089 4788 rari

343 4815 418 4886 sint,
443 4816 497 4892 qui
516 4815 588 4878 illos
610 4816 702 4877 verbi
725 4816 781 4877 Dei
804 4819 973 4894 praeconio
996 4837 1029 4880 ac
1045 4821 1089 4882 di-

343 4909 436 4970 vinae
458 4909 539 4986 legis
562 4911 839 4987 praeceptionibus
854 4910 1025 4984 instruant,
1043 4931 1089 4974 sa-

342 5009 583 5064 cramentorum
604 5002 879 5065 administratione
902 5011 934 5065 et
949 5007 1089 5083 paternis

342 5096 473 5158 monitis
492 5113 525 5157 33
544 5088 736 5157 salutaribus
748 5097 1025 5161 exhortationibus
1040 5101 1090 5162 ad-

340 5190 465 5261 iuvent,
490 5189 607 5251 divinis
636 5189 761 5251 auxiliis
792 5191 958 5264 roborent,
983 5201 1018 5254 ut
1039 5209 1089 5270 ap-

341 5281 446 5361 prime
468 5281 629 5343 addiscant
654 5282 762 5358 legem
784 5283 921 5355 Domini,
946 5287 1090 5348 mandata

341 5377 411 5437 eius
441 5375 626 5446 observent,
651 5381 683 5436 et
703 5376 813 5438 salutis
842 5378 904 5438 iter
931 5380 1087 5442 insistant.

340 5467 431 5541 Quod
452 5474 560 5529 autem
583 5467 792 5528 amantissimi
807 5470 908 5530 nostri
923 5473 1020 5532 animi
1036 5473 1090 5534 do·

341 5561 445 5622 lorem
468 5561 695 5623 vehementius
724 5562 821 5634 auxit,
845 5563 925 5624 illud
948 5566 1090 5642 prolecto

342 5653 403 5714 luit
431 5653 558 5715 nullum
587 5653 679 5715 nobis
708 5654 830 5716 aditum
859 5663 968 5733 patere
995 5659 1090 5720 adea

341 5747 481 5808 ineunda
503 5747 643 5820 consilia,
669 5763 750 5824 quae
778 5748 897 5810 iamdiu
926 5753 1090 5830 suscipere

341 5839 425 5900 votis
448 5839 597 5901 omnibus
620 5841 817 5918 optabamus,
841 5847 877 5903 ut
897 5842 1018 5905 afflictis
1048 5852 1090 5906 33-

343 5947 407 6010 333
421 5933 588 6011 3333333333
604 5933 736 5996 illorom
749 5935 894 5998 fidelium
906 5936 1003 5998 rebus
1016 5955 1089 6000 con·

366 6146 374 6158 ,
448 6077 501 6124 lar.
519 6079 589 6126 Pont.
605 6079 635 6126 de
650 6081 724 6141 Prop.
743 6082 803 6128 Fida
817 6083 898 6129 Partis
913 6086 931 6130 1.
947 6084 1000 6129 vol.
1016 6086 1042 6128 V.

1147 724 1266 796 sulere,
1284 739 1402 800 eosque
1424 723 1462 784 ab
1478 728 1525 784 tot
1541 721 1700 798 tantisque
1717 721 1808 782 malis
1824 719 1893 780 vin-

1148 817 1252 880 dicare
1275 833 1452 896 possemus.
1470 817 1537 878 Etsi
1553 816 1638 878 enim
1655 816 1777 892 aliquos
1794 814 1893 876 inter-

1148 911 1224 971 dum
1240 911 1369 972 nuntios
1384 909 1573 988 accepimus,
1588 909 1643 986 qui
1659 909 1771 971 damna
1787 907 1893 968 omnia

1147 1019 1228 1080 quae
1250 1006 1369 1064 misere
1392 1003 1453 1063 iam
1476 1001 1688 1072 invaluerant,
1706 1001 1744 1061 ad
1759 1015 1817 1061 nos
1840 999 1893 1060 de-

1147 1096 1303 1168 tulerunt,
1327 1103 1540 1172 nostrumque
1563 1110 1714 1172 praesens
1736 1093 1891 1154 auxilium

1147 1189 1376 1265 efflagitamus
1394 1195 1501 1250 tamen
1515 1187 1700 1248 huiusmodi
1716 1185 1824 1248 nuncii
1838 1185 1891 1246 vel

1146 1282 1260 1348 serius.
1285 1297 1380 1358 quam
1409 1298 1465 1359 par
1494 1287 1570 1352 erat,
1595 1281 1632 1340 ad
1655 1295 1712 1342 nos
1735 1293 1892 1357 pervene-

1146 1381 1232 1446 runt,
1257 1392 1290 1436 ac
1312 1381 1482 1452 propterea
1503 1374 1683 1436 timendum
1706 1373 1766 1433 luit
1781 1388 1821 1432 ne
1836 1387 1891 1433 no-

1146 1473 1210 1528 stra
1231 1468 1363 1530 consilia
1378 1468 1417 1528 ob
1432 1468 1570 1544 aliquam
1586 1482 1697 1528 rerum
1713 1465 1890 1527 novitatem

1148 1562 1280 1622 minime
1309 1568 1417 1623 essent
1444 1561 1688 1631 accommodata,
1712 1559 1765 1620 vel
1793 1559 1892 1620 iidem

1146 1656 1205 1733 ipsi
1228 1656 1335 1716 nuncii
1358 1671 1422 1716 non
1440 1655 1515 1715 satis
1530 1660 1674 1717 accurate
1690 1651 1780 1714 nohis
1795 1651 1892 1727 signi-

1147 1750 1291 1820 ficarunt,
1309 1764 1389 1824 quae
1405 1748 1607 1826 potissimum
1623 1753 1730 1808 essent
1744 1745 1893 1806 salutaria

1146 1842 1323 1904 adhibenda
1335 1842 1487 1913 remedia,
1498 1841 1551 1902 vel
1564 1839 1704 1917 graviori
1717 1839 1813 1899 etiam
1826 1854 1892 1899 mo·

1146 1935 1236 1996 lestia
1272 1952 1306 1996 ac
1335 1934 1551 1996 sollieitudine
1583 1949 1639 1994 nos
1676 1931 1889 2008 exagitarunt.

1145 2027 1290 2104 Namque
1311 2044 1350 2088 ex
1366 2029 1403 2088 iis
1419 2027 1630 2104 cognovimus
1647 2032 1764 2086 tautam
1780 2039 1892 2084 rerum

1146 2121 1320 2183 novitatem
1342 2127 1437 2196 atque
1464 2119 1741 2198 perturbationem
1763 2117 1796 2178 in
1817 2117 1892 2177 istas

1146 2213 1314 2289 irrepsisse
1343 2213 1504 2289 regiones
1530 2219 1564 2272 ut
1593 2211 1730 2288 plurima
1759 2210 1797 2271 ah
1823 2225 1892 2270 san-

1145 2305 1292 2366 ctissimis
1322 2305 1480 2367 Ecclesiae
1512 2304 1638 2380 legibus
1666 2303 1731 2364 sint
1760 2317 1891 2380 prorsus

1145 2398 1257 2468 aliena,
1275 2398 1312 2458 iis
1328 2399 1422 2459 etiam
1439 2395 1696 2467 conniventibus,
1710 2397 1765 2471 qui
1779 2401 1892 2472 utpote

1146 2491 1356 2552 ecclesiastica
1371 2491 1558 2552 auctoritate
1575 2489 1733 2567 pollentes
1749 2487 1829 2548 nihil
1845 2488 1891 2548 in-

1146 2571 1258 2646 ausum
1291 2585 1436 2662 nihilque
1465 2585 1672 2660 inexpertum
1704 2582 1892 2658 relinquere

1147 2678 1343 2748 debuissent,
1375 2685 1421 2748 ut,
1448 2683 1646 2754 opponentes
1672 2689 1803 2736 murum
1834 2690 1891 2751 pro

1146 2771 1242 2832 domo
1264 2771 1371 2842 lsrael,
1395 2786 1452 2848 pro
1474 2769 1598 2830 viribus
1626 2767 1792 2843 religionis
1822 2783 1891 2828 oau-

1146 2880 1212 2924 sam
1235 2865 1456 2934 delenderent,
1482 2862 1724 2924 ecclesiasticam
1755 2861 1891 2939 discipli-

1146 2973 1218 3018 nam
1234 2956 1428 3018 mcolumem
1444 2955 1695 3030 inviolatamque
1710 2960 1888 3026 servarent,

1146 3059 1178 3113 33
1199 3050 1356 3128 spirituali
1378 3049 1521 3110 fidelium
1551 3049 1635 3110 hono
1658 3049 1888 3126 prospicerent.

1143 3145 1224 3206 llinc
1246 3143 1388 3221 prolecto
1410 3143 1481 3203 iure
1498 3142 1679 3218 meritoque
1695 3141 1786 3204 nobis
1802 3141 1891 3203 dubi-

1146 3238 1277 3300 tandum
1299 3237 1360 3298 luit
1381 3251 1495 3298 eorum
1517 3236 1591 3298 lidei
1607 3241 1638 3297 et
1653 3251 1747 3297 curae
1763 3242 1891 3297 nostrae

1145 3331 1339 3393 concredere
1368 3329 1509 3400 consilia,
1533 3345 1614 3405 quae
1636 3329 1674 3390 ad
1696 3334 1743 3390 tot
1772 3329 1890 3405 gravis-

1144 3427 1224 3486 sima
1245 3423 1326 3484 mala
1348 3421 1514 3482 evellenda
1536 3427 1728 3498 spectarent.

1184 3520 1202 3592 §
1226 3516 1254 3578 3.
1278 3517 1358 3578 Cum
1381 3517 1488 3591 itaque
1510 3531 1561 3576 res
1584 3514 1626 3576 ita
1648 3531 1682 3576 se
1698 3514 1844 3588 habeant,
1862 3534 1891 3578 a·
1910 3529 2011 3628 siffiism
2026 3540 2124 3575 concas-

1145 3611 1241 3673 cerho
1272 3625 1348 3670 sane
1381 3608 1491 3670 dolore
1524 3608 1577 3670 vel
1607 3624 1756 3670 moerore
1785 3609 1890 3686 potius

1145 3703 1343 3773 conficimur,
1367 3702 1514 3763 videntes
1538 3707 1583 3761 tot
1604 3700 1748 3762 fidelium
1771 3701 1890 3762 animas

1145 3796 1267 3857 aeterni
1290 3793 1423 3872 pastoris
1445 3793 1602 3868 sanguine
1617 3808 1779 3870 respersas
1796 3801 1890 3870 atque

1145 3891 1326 3966 redemptas
1349 3887 1567 3948 miserandum
1589 3887 1623 3947 in
1644 3887 1777 3949 modum
1792 3885 1829 3948 ab
1845 3887 1891 3949 iu·

1144 3983 1248 4044 stitiae
1269 3980 1383 4042 semita
1401 3980 1597 4050 aberrantes,
1615 3980 1802 4057 praecipites
1818 3995 1890 4042 rue·

1145 4093 1191 4148 re,
1216 4077 1253 4138 ad
1276 4083 1395 4137 terram
1417 4089 1497 4136 vere
1513 4073 1716 4135 tenebrosam
1733 4079 1765 4134 et
1780 4089 1891 4152 perpe-

1146 4178 1218 4230 tuae
1233 4175 1377 4247 opertam
1392 4167 1505 4230 mortis
1517 4167 1663 4242 ealigine.
1677 4165 1891 4238 Quamobrem

1145 4262 1309 4340 apostolici
1330 4261 1432 4322 nostri
1451 4259 1621 4321 ministerii
1637 4260 1765 4321 muneri
1780 4260 1891 4322 deesse

1145 4357 1344 4426 videremur,
1367 4356 1394 4416 si
1417 4355 1504 4416 omni
1520 4371 1580 4432 ope
1596 4360 1627 4415 et
1642 4360 1756 4415 conatu
1771 4359 1890 4416 tantam

1145 4449 1324 4510 animarum
1347 4447 1533 4525 perniciem,
1558 4447 1681 4518 3333333,
1700 4461 1760 4522 333
1783 4462 1891 4524 33333-

1146 4557 1227 4612 mus,
1252 4547 1377 4602 333333
1398 4539 1504 4600 studio
1526 4554 1590 4600 non
1612 4539 1823 4600 amovendam
1839 4555 1891 4602 cu-

1145 4649 1302 4696 raremus.
1326 4633 1366 4694 Et
1393 4647 1586 4709 quamquam
1619 4631 1674 4693 ubi
1705 4647 1776 4692 sese
1799 4631 1890 4694 nobis

1146 4727 1262 4789 obtulit
1284 4726 1415 4797 occasio,
1440 4725 1520 4786 nihil
1542 4731 1630 4786 certe
1654 4725 1831 4796 omisimus,
1856 4733 1892 4786 ut

1145 4820 1249 4896 aliqua
1264 4835 1303 4880 ex
1319 4825 1408 4895 parte
1424 4834 1459 4880 ea
1474 4818 1649 4895 spiritualia
1661 4818 1890 4894 praeberemus

1145 4913 1271 4984 auxilia,
1296 4927 1377 4988 quae
1399 4929 1414 4972 a
1436 4911 1527 4972 nobis
1557 4910 1824 4986 requirebantur3
1849 4919 1891 4974 ta-

1146 5021 1221 5068 men
1250 5005 1427 5082 peculiares
1457 5003 1642 5064 uuiusmodi
1670 5004 1891 5080 providentiae

1146 5107 1273 5162 nostrae
1312 5099 1451 5160 rationes
1484 5097 1657 5172 tranquillo
1693 5114 1749 5159 nos
1785 5099 1891 5160 animo

1146 5209 1216 5254 esse
1239 5193 1371 5254 omnino
1394 5207 1458 5252 non
1481 5191 1601 5262 sinunt,
1622 5206 1695 5252 cum
1711 5192 1778 5253 istis
1794 5193 1826 5252 in
1842 5209 1891 5254 re·

1146 5286 1294 5361 gionihus
1317 5283 1558 5361 religiosissima
1580 5298 1726 5360 quaeque
1746 5285 1891 5346 instituta

1145 5380 1178 5440 in
1194 5385 1278 5440 tanta
1298 5385 1427 5454 tamque
1443 5378 1527 5439 tristi
1542 5379 1754 5439 conversione
1769 5395 1802 5440 33
1821 5395 1891 5456 333-

1145 5473 1327 5534 turbatione
1340 5479 1524 5533 versentur.
1538 5471 1695 5545 Quaedam
1708 5479 1815 5533 autem
1827 5487 1891 5534 vox

1146 5573 1270 5627 nostras
1292 5566 1499 5644 pervenitad
1521 5581 1626 5636 aures,
1650 5572 1745 5642 atque
1766 5567 1799 5626 in
1822 5583 1891 5628 eam

1145 5675 1236 5737 spem
1259 5675 1316 5719 nos
1339 5659 1470 5720 adduxit
1491 5659 1571 5730 lore,
1595 5667 1631 5720 ut
1652 5660 1707 5736 qui
1729 5660 1816 5721 civili
1837 5660 1891 5721 Pe·

1145 5753 1297 5814 ruvianae
1310 5751 1439 5813 ditionis
1450 5751 1602 5828 regimini
1615 5760 1777 5830 praesunt,
1792 5753 1892 5830 probe

1145 5851 1314 5908 noscentes
1347 5851 1502 5922 quantum
1535 5861 1592 5922 pro
1622 5846 1766 5906 mortalis
1796 5847 1891 5908 etiam

1145 5941 1279 6003 huiusce
1299 5939 1384 6002 vitae
1405 5938 1556 6001 felicitate
1578 5945 1610 6001 et
1631 5939 1733 6002 civilis
1761 5940 1892 6003 societa-

1773 6092 1786 6132 8

1835 581 1875 646 57
1925 581 1979 636 An.
1994 581 2023 633 O.
2045 583 2114 634 1832
