4788 6980
361 516 414 570 ιιι.
429 518 458 570 c.
481 517 550 572 1840
600 515 660 580 250
1102 538 1167 583 run.
1191 539 1283 584 nour.
1307 539 1348 584 ns
1370 539 1399 584 r.
1423 541 1453 585 r.
1478 541 1561 586 rans
1582 541 1604 586 1.

581 660 705 717 nostras
735 661 878 734 gerente,
903 663 934 718 te
956 656 1109 736 peculiari
1134 657 1329 720 benevolen-
1425 661 1444 734 ἓ
1467 660 1494 720 l.
1518 659 1627 737 ltaque
1649 673 1722 722 cum
1744 661 1782 722 ad
1803 659 2041 738 Abyssinorum
2061 675 2137 736 gen-

581 745 623 809 tia
644 749 814 812 catholicos
847 749 1065 812 missionarlos
1094 756 1126 811 et
1147 749 1253 828 ipsum
1276 765 1329 812 ex·
1384 759 1451 815 tem
1473 753 1506 815 in
1522 753 1785 816 communionem
1801 753 1960 817 Ecclesiae
1974 753 2138 816 Romanae

580 842 713 920 cepisse,
737 843 865 905 muneri
888 851 999 907 nostro
1026 844 1138 906 deesse
1160 844 1329 907 arbitrare·
1384 847 1504 910 iterum
1526 847 1744 910 adducendam
1765 847 2019 925 catholicamque
2039 848 2138 910 fidem

580 950 663 1007 mur,
681 935 707 997 si
728 935 877 1000 redeunti
900 937 933 1000 in
952 937 1127 1016 imperium
1144 943 1237 1000 tuum
1251 953 1326 1000 ven.
1384 941 1416 1014 ip
1448 941 1511 1003 illis
1546 941 1734 1018 regionibus
1770 941 1863 1004 latius
1898 941 2138 1020 propagandam

579 1027 669 1090 iratri
691 1045 755 1092 non
777 1030 1065 1104 committeremus,
1083 1038 1119 1093 ut
1135 1032 1216 1109 grati
1231 1033 1329 1094 animi
1383 1035 1476 1098 valde
1509 1041 1726 1114 opportunum
1759 1035 1850 1098 nobis
1880 1037 1985 1098 visum
2016 1035 2135 1106 luerit,

578 1122 844 1199 significationem
866 1124 924 1187 tibi
945 1130 1057 1188 nostro
1086 1125 1218 1188 nomine
1240 1127 1328 1188 exhi·
1383 1135 1419 1191 ut
1446 1129 1523 1190 illuc
1551 1128 1697 1192 mittatur
1722 1127 1897 1208 Episcopus
1922 1129 2003 1191 ritus
2030 1127 2135 1208 Copti,
2210 1194 2213 1200 Δ

577 1215 679 1278 berei.
693 1217 792 1280 Pauca
808 1219 915 1296 itaque
930 1225 1110 1282 nostratum
1126 1220 1243 1282 artium
1259 1237 1328 1300 spe·
1384 1235 1481 1298 quem
1503 1222 1603 1284 ritum
1629 1221 1732 1284 lerme
1759 1229 1941 1300 sequuntur
1963 1220 2136 1301 hbpssini3

577 1309 692 1372 cimina
725 1311 852 1385 habeto,
876 1321 913 1376 ut
933 1314 966 1375 in
987 1314 1026 1375 iis
1049 1319 1175 1391 gratum
1199 1329 1275 1391 erga
1298 1321 1329 1376 te
1384 1315 1423 1377 do
1441 1330 1538 1378 venn.
1556 1315 1692 1378 fratrum
1709 1322 1895 1378 nostrorum
1912 1314 1943 1378 S.
1957 1315 1992 1378 ll.
2007 1316 2045 1378 E.
2064 1315 2139 1378 Car-

576 1403 719 1468 animum
732 1413 881 1470 nostrum
894 1407 1127 1488 deprehendas.
1138 1407 1235 1470 Nobis
1247 1423 1327 1471 vero
1383 1408 1537 1471 dinalium
1553 1409 1691 1487 negotiis
1708 1409 1931 1488 Propagandae
1944 1409 2034 1472 Fidei
2047 1425 2138 1488 prae-

576 1497 622 1560 nil
637 1507 785 1578 superest
799 1501 895 1575 aliud,
913 1517 1009 1579 quam
1025 1509 1061 1564 ut
1075 1501 1245 1565 catholicos
1261 1518 1328 1564 orn-
1383 1501 1562 1579 positorum
1574 1501 1718 1576 consilio,
1734 1501 1919 1565 huiusmodi
1932 1519 2052 1566 munus
2067 1501 2135 1576 trbi,

577 1607 634 1654 nes
655 1592 785 1673 imperii
809 1595 866 1668 tui,
885 1611 964 1674 quos
979 1595 1183 1659 fidelissimos
1199 1611 1328 1676 semper
1383 1610 1456 1657 ven.
1488 1595 1603 1666 irater,
1634 1595 1902 1658 committendum
1928 1597 2136 1670 censuimus,

576 1687 689 1765 tuique
710 1689 945 1752 amantissimos
963 1691 1151 1769 experieris,
1170 1691 1328 1753 maiestati
1383 1689 1438 1766 qui
1453 1688 1621 1766 religionis
1638 1689 1720 1760 zelo,
1735 1690 1915 1768 prudentii,
1929 1689 2075 1762 scientia,
2091 1690 2138 1752 in·

576 1787 650 1843 tuae
673 1784 768 1846 etiam
797 1791 893 1862 atque
922 1786 1018 1848 etiam
1048 1786 1326 1859 commendemus,
1382 1783 1532 1861 tegritate
1554 1799 1762 1862 summopere
1782 1789 1932 1862 praestas,
1950 1785 2075 1862 quique
2090 1803 2138 1846 ca-

576 1891 796 1956 rogemusque
829 1881 1036 1958 praesertim,
1068 1885 1104 1942 ut
1133 1881 1326 1943 redeuntem
1383 1877 1578 1940 tholicorum
1600 1877 1777 1957 Coptorurn
1797 1878 1832 1940 in
1853 1878 1999 1958 Aegypto
2023 1895 2137 1942 curam

575 1966 796 2048 Apostolicum
812 1971 985 2039 vicariurn.
1000 1989 1063 2035 una
1078 1989 1152 2037 cum
1168 1975 1237 2036 eius
1253 1974 1327 2036 mis·
1382 1970 1501 2034 iamdiu
1524 1971 1744 2034 demandatam
1766 1973 1917 2034 sustines.

574 2063 732 2136 sionariis,
757 2065 897 2144 benigne
922 2066 1072 2145 suscipias
1095 2085 1128 2129 ac
1151 2068 1326 2145 patrocinio
1422 2065 1491 2140 52.
1514 2064 1728 2138 Quamobrem
1757 2067 1911 2145 peculiari
1935 2074 1967 2129 te
1992 2068 2138 2130 benevo-

576 2161 631 2218 tuo
663 2157 860 2222 validissimo
892 2160 1023 2222 tuearis.
1047 2159 1086 2221 lli
1108 2161 1240 2238 quidem
1263 2177 1327 2238 quo
1383 2158 1480 2220 lentii
1510 2165 1755 2237 prosequentes,
1786 2167 1819 2222 et
1846 2176 1862 2221 a
1889 2161 2059 2238 quibusvis
2083 2179 2138 2224 ex-

575 2249 669 2313 latius
701 2251 794 2316 istius
827 2253 957 2332 imperii
989 2253 1125 2332 populos
1154 2255 1327 2332 perlustra·
1384 2254 1698 2326 communicationis,
1728 2254 1949 2333 suspensionis
1971 2263 2009 2318 et
2035 2257 2137 2318 inter-

575 2341 665 2416 hunt,
690 2363 728 2408 eo
750 2347 924 2410 viridiores
946 2347 980 2408 iu
1002 2347 1116 2409 animis
1143 2347 1328 2410 excitabunt
1383 2345 1468 2419 dicti,
1492 2347 1627 2424 aliisque
1651 2347 1871 2410 ecclesiasticis
1887 2350 2047 2422 censuris
2064 2367 2137 2412 sen-

575 2452 629 2498 cos
652 2438 852 2503 obedientiae
884 2447 979 2520 atque
1002 2441 1120 2503 amoris
1142 2457 1219 2519 erga
1241 2441 1327 2520 prin·
1382 2440 1491 2500 tentiis
1507 2447 1539 2502 et
1554 2441 1666 2520 poenis
1683 2441 1798 2518 quovis
1815 2443 1910 2504 modo
1930 2449 1962 2504 et
1981 2459 2137 2522 quacum-

574 2530 678 2608 cipem
700 2547 825 2606 sensus,
850 2550 929 2612 quos
956 2538 1040 2598 ssrba
1061 2535 1180 2598 Christi
1201 2535 1326 2614 Religio
1382 2548 1445 2611 que
1467 2534 1506 2596 de
1528 2551 1620 2596 causa
1642 2535 1724 2608 latis,
1748 2536 1775 2596 si
1797 2551 1874 2612 quas
1896 2537 1980 2600 lorte
1994 2539 2137 2600 incurri·

574 2625 735 2688 catholicis
758 2627 908 2691 omnibus
930 2631 1074 2709 apprime
1096 2630 1260 2709 praecipit.
1277 2631 1326 2694 ln·
1380 2627 1432 2699 sti,
1456 2627 1552 2690 huius
1575 2635 1698 2692 tanturn
1721 2629 1769 2690 rei
1799 2631 1898 2706 gratia
1927 2630 2137 2696 absolventes

574 2725 661 2781 terea
683 2720 763 2783 illud
785 2739 843 2802 pro
866 2730 1031 2801 comperto
1049 2724 1164 2786 habeat
1179 2725 1325 2788 maiestas
1381 2727 1414 2783 et
1435 2721 1618 2784 absolutum
1639 2723 1709 2785 lore
1728 2729 1908 2797 censentes,
1925 2725 2013 2788 hisce
2031 2726 2137 2788 literis

575 2819 637 2887 tua,
670 2831 782 2878 omnes
811 2817 849 2879 ad
877 2833 980 2880 unum
1009 2818 1121 2882 lldeles
1154 2819 1326 2883 catholicos
1380 2815 1568 2877 auctoritate
1596 2815 1704 2878 nostri
1732 2817 1901 2895 apostolici
1923 2819 2136 2894 adnostrum

574 2907 666 2970 nobis
688 2910 794 2972 animo
816 2927 850 2974 ao
872 2912 1001 2975 caritate
1023 2913 1211 2976 coniunctos
1230 2913 1326 2976 fervi·
1381 2909 1524 2976 ethuius
1540 2908 1740 2987 Apostolicae
1757 2909 1847 2972 Sedis
1867 2911 2039 2974 arbitrium
2055 2919 2089 2975 te
2103 2913 2137 2975 in

574 3000 628 3062 das
651 3002 818 3065 nobiscum
841 3005 1046 3082 assiduasque
1070 3005 1233 3069 oblaturos
1256 3023 1326 3069 esse
1381 3001 1571 3080 Delegatum
1590 3020 1623 3065 ao
1640 3002 1840 3066 visitatorem
1858 3003 2083 3083 Apostolicum
2099 3007 2137 3068 ad

574 3109 686 3172 preces
708 3101 840 3159 aeterno
861 3103 956 3175 atque
976 3099 1033 3160 uni
1049 3098 1125 3172 Deo,
1144 3101 1199 3178 qui
1214 3116 1325 3162 rorum
1381 3094 1615 3174 Abyssinorum
1639 3103 1770 3173 gentem
1786 3097 1949 3174 eligimus,
1967 3100 2137 3163 constitui·

573 3189 720 3250 omnium
743 3190 924 3253 dominator
946 3191 1103 3255 existitac
1123 3209 1239 3271 regum
1255 3209 1324 3267 rex,
1381 3203 1452 3251 mus
1475 3197 1507 3252 et
1529 3190 1719 3268 deputamus
1742 3207 1816 3252 oum
1843 3191 1992 3254 omnibus
2014 3200 2051 3254 et
2072 3193 2136 3256 sin-

572 3289 609 3342 ut
631 3282 786 3344 maiestati
815 3290 888 3346 tuae
916 3283 1102 3348 diuturnam
1132 3287 1325 3366 felicemque
1382 3283 1465 3360 gulis
1477 3281 1687 3356 facultatibus,
1701 3283 1836 3356 iuribus,
1852 3299 1932 3361 quae
1945 3286 2136 3349 huiusmodi

572 3375 670 3437 vitam
693 3377 858 3453 largiatur,
883 3394 917 3441 ac
939 3377 994 3440 tibi
1010 3378 1091 3442 illud
1106 3396 1325 3460 securumque
1380 3376 1508 3455 ilr⁰liiif¹
1529 3382 1605 3438 ⁸¹¹¹st
1627 3377 1782 3450 muniris.
1806 3377 1892 3439 ssili
1913 3385 2033 3441 limem
2051 3397 2135 3442 sem·

571 3469 634 3531 iter
656 3471 812 3543 ostendat,
837 3473 923 3549 quod
945 3473 983 3534 ad
998 3487 1109 3536 veram
1126 3481 1221 3554 atque
1236 3475 1325 3539 inde·
1380 3486 1436 3548 per
1458 3471 1491 3532 in
1517 3470 1700 3548 praemissis
1729 3471 1916 3535 auctoritate
1947 3472 2135 3552 Congrege-

574 3561 736 3625 ticientem
759 3563 946 3626 beatitatem
968 3567 1124 3644 perducit.
1379 3563 1474 3624 tionis
1497 3563 1688 3626 eorumdem
1709 3563 1937 3628 cardinalium.

611 3658 726 3720 Datum
748 3657 868 3720 Rornae
883 3658 916 3720 in
933 3658 1049 3737 palatio
1064 3661 1238 3739 apostolico
1253 3661 1326 3736 Qui·
1420 3659 1438 3732 5
1459 3657 1488 3718 3.
1513 3657 1697 3720 blandamus
1720 3663 1781 3720 etc.

571 3751 665 3814 rinali
687 3751 738 3814 die
760 3767 813 3813 xv.
837 3749 907 3814 iulii
930 3767 1104 3828 annocum,
1122 3755 1324 3834 pontificatus
1418 3751 1533 3813 Datum
1554 3750 1592 3812 ab
1614 3749 1695 3814 Arce
1724 3749 1905 3831 Gandulphi
1927 3753 1986 3816 sub
2008 3756 2133 3819 annulo

572 3845 675 3908 nostri
696 3863 780 3910 anno
802 3863 834 3910 x.
1379 3845 1545 3908 Piscatoris
1568 3845 1619 3906 die
1641 3861 1729 3908 rrmv.
1750 3846 1819 3908 iulii
1836 3863 2008 3922 unocurt,
2027 3851 2135 3928 ponti-

504 3935 510 3948 “
1379 3940 1488 4003 ficatus
1510 3937 1613 3999 nostri
1633 3954 1717 4001 anno
1739 3956 1770 4001 x.

833 4009 1073 4020 *n--n——n

869 4131 1029 4196 dlxxiii.

1671 4225 1833 4289 CLXXIV.

574 4315 758 4400 Deleqctum
780 4325 809 4382 et
830 4317 1032 4384 Visitatorcm
1046 4321 1262 4402 Apostolicum
1275 4321 1324 4383 io-

613 4414 701 4476 loitu
726 4413 800 4495 fidei
824 4414 1056 4499 propcqoodoc
1084 4415 1125 4478 od
1154 4412 1323 4494 Abycciaos
1377 4409 1529 4490 Deplorat
1550 4411 1722 4492 impiorum
1737 4419 1871 4476 coactos
1887 4413 2130 4496 odreliqicnem

612 4508 712 4570 mittit
731 4508 926 4570 Theodorum
939 4507 1117 4573 Abulccrt'm
1134 4507 1323 4590 Episcopum
1417 4505 1629 4579 evellendum
1652 4508 1796 4570 colinum
1817 4513 1943 4570 recreat
1962 4525 2060 4570 soum
2081 4527 2129 4571 re-

610 4602 807 4673 ltaliecsem,
838 4602 891 4664 cui
919 4603 985 4666 iam
1014 4603 1182 4666 commisso
1211 4602 1322 4683 fuerat
1417 4599 1545 4662 colenda
1575 4600 1734 4664 Ecclesiae
1764 4601 1942 4682 triumphos
1967 4619 2026 4683 per
2055 4621 2129 4684 upo-

612 4711 693 4758 curc
715 4694 947 4758 catholicorum
972 4696 1142 4778 Coptorum
1158 4696 1299 4778 Aepppti.
1416 4693 1542 4756 stoliccs
1564 4697 1746 4774 operarios;
1773 4695 1954 4759 societatem
1968 4713 2128 4778 propequ-

1417 4788 1514 4850 tioru'a
1528 4787 1602 4869 fidei
1613 4787 1762 4869 Luqduor'
1777 4789 1961 4854 instituto-m
1976 4789 2128 4854 laudibus

627 4881 796 4950 venerabili
818 4883 906 4950 tratri
930 4881 1088 4951 lheodoro
1112 4883 1269 4950 abularm
1414 4882 1635 4961 prosequitur,-
1662 4881 1830 4946 Proeootas
1856 4883 2008 4947 bortatur
2029 4883 2128 4948 iuius

683 4976 834 5061 Episcopo
858 4974 990 5044 tralucet
1014 4975 1099 5043 llllus
1122 4975 1215 5060 Gopli,
1416 4975 1577 5038 societatis
1598 4975 1798 5040 incremento
1817 4976 1924 5056 secere
1944 4982 2002 5040 ctc.

752 5161 969 5230 essecutus
993 5164 1052 5231 ΡΡ.
1075 5163 1146 5231 xvi.
1550 5157 1769 5228 resecemus
1794 5160 1854 5227 ΡΡ.
1879 5159 1951 5229 xvi.

786 5352 977 5422 venerabilis
1000 5354 1108 5434 trater,
1577 5349 1776 5420 venerabiles
1798 5352 1925 5432 iratres,

604 5447 733 5518 salutem
756 5453 789 5516 et
811 5448 1010 5534 apostolicam
1037 5449 1286 5516 benedictionem.
1409 5443 1538 5512 salutem
1561 5451 1593 5513 cl
1615 5446 1822 5529 apostolicam·
1838 5445 2090 5514 benedictionem.

610 5641 769 5704 Pastorale
799 5640 939 5704 cilicium
969 5639 1060 5702 nobis
1083 5639 1208 5703 exalto
1234 5656 1320 5702 oom—
1415 5637 1483 5714 51.
1508 5639 1610 5702 Probe
1637 5639 1747 5712 nostis,
1771 5637 1974 5704 venerabiles
1997 5639 2120 5708 iratres,

571 5735 706 5798 missum
728 5735 867 5815 postulat
888 5741 983 5813 atque
1012 5734 1173 5812 efflagitat,
1197 5741 1233 5796 ut
1254 5735 1320 5796 ani·
1375 5732 1500 5810 quantis
1522 5733 1664 5810 undique
1690 5733 1919 5796 calamitatibus
1942 5733 2121 5796 tristissimo

571 5843 697 5890 marum
718 5829 813 5892 saluti
839 5845 966 5892 summa
993 5828 1168 5907 vigilantia,
1192 5845 1266 5892 cura
1289 5833 1321 5889 et
1374 5827 1435 5888 hoo
1458 5834 1605 5907 tempore
1626 5835 1791 5906 urgentur,
1813 5833 1845 5890 et
1860 5843 1955 5906 quam
1971 5827 2121 5890 miseran·

569 5921 675 5984 studio
697 5938 754 6002 pro
776 5923 899 5984 viribus
921 5923 1138 5986 consulemus.
1375 5921 1450 5982 dum
1473 5921 1506 5982 in
1528 5922 1661 5984 modum
1683 5921 1842 5984 Catholica
1865 5929 2002 5984 vexetur
2017 5919 2120 5984 Eccle-
