4828 6974
915 551 1090 600 3111333133
1112 553 1163 600 rr.
1187 551 1252 600 xrr.
1784 533 1839 597 1113
1890 535 2079 589 1331334

310 665 558 744 suifragantibus
573 666 697 732 meritis
712 666 750 728 ad
765 666 834 727 eius
849 667 1054 731 1133313131-
1113 675 1221 732 torum
1243 677 1433 742 annuentes,
1458 685 1498 732 ex
1520 675 1604 732 certa
1630 667 1771 738 scientia,
1796 683 1859 728 ma-

311 759 354 820 ris
377 761 546 836 gerendas,
563 761 618 838 qui
634 760 794 836 gloriosus
809 768 923 837 regnat
938 763 970 824 in
986 779 1055 825 coe·
1113 771 1183 824 tura
1205 764 1447 836 deliberatione,
1472 764 1576 840 deque
1599 761 1789 840 apostolicae
1806 776 1859 838 po-

311 851 360 924 lis,
375 854 611 916 vocatiluimus
624 855 754 916 laetiora
770 855 867 916 etiam·
881 861 912 917 et
927 856 1056 918 indubia
1113 857 1233 918 testatis
1256 857 1456 934 plenitudine
1486 857 1523 916 ad
1546 854 1774 933 omnipotentis
1803 853 1860 914 Dei

310 945 350 1006 de
371 953 586 1008 sacrosanctae
608 947 779 1008 catholicae
809 949 882 1010 fidei
905 965 1056 1028 propaga·
1084 1002 1086 1065 ἱ
1114 950 1260 1027 gloriam,
1285 945 1436 1028 Deiparae
1459 949 1597 1020 laudem,
1616 964 1649 1009 ac
1665 946 1739 1008 fidei
1756 946 1859 1008 catho-

312 1038 409 1110 tione,
433 1039 537 1116 deque
566 1039 802 1102 venerabilium
825 1040 961 1102 fratrum
984 1041 1056 1120 Epi·
1112 1045 1190 1106 licae
1213 1044 1439 1107 exaltationem
1468 1044 1587 1105 limites
1617 1043 1800 1103 dioecesum
1826 1039 1859 1100 in

310 1147 481 1210 scoporum
503 1133 682 1206 concordia,
699 1133 805 1196 studio
821 1141 852 1196 31
867 1151 942 1196 3313
957 1135 989 1196 13
1006 1152 1056 1214 33-
1113 1137 1259 1199 Amorion
1283 1137 1443 1200 foederata
1464 1138 1497 1198 in
1513 1136 1609 1206 hunc,
1628 1135 1683 1211 qui
1699 1133 1856 1210 sequitur,

310 1225 436 1286 scendis
463 1242 496 1286 ac
517 1225 669 1302 regendis
691 1226 804 1288 ovibus
827 1228 886 1288 sibi
908 1230 1056 1290 commis·
1083 1228 1085 1239 “
1113 1232 1245 1292 modum
1278 1231 1476 1308 assignamus
1499 1238 1530 1292 et
1552 1227 1856 1296 circumscribimus,

91 2055 212 2108 expositio
229 2066 290 2112 pre-

13 2129 15 2172 l
81 2120 138 2152 rtrm.

103 5151 179 5212 ¹lepor
192 5161 294 5196 conces·

91 5213 168 5248 113313.

310 1319 365 1389 sis,
388 1317 562 1394 divinoque
584 1317 672 1380 cultu
694 1320 842 1396 augendo
858 1320 950 1382 nobis
965 1321 1055 1383 allata

311 1417 386 1472 sunt
407 1409 600 1472 testimonia.
619 1408 856 1489 supramodum
872 1414 978 1491 itaque
994 1414 1055 1476 lae-

1113 1341 1233 1402 eosque
1255 1325 1293 1386 ab
1317 1325 1465 1387 omnibus
1486 1329 1654 1402 perpetuo,
1671 1337 1705 1382 ac
1727 1320 1859 1382 inviola-

1113 1419 1220 1480 biliter
1242 1418 1365 1480 serrari
1382 1417 1532 1479 iubemus
1547 1423 1642 1492 atque
1657 1414 1856 1483 mandamus,

312 1503 378 1564 titia
392 1503 630 1581 perfundimur,
648 1521 683 1566 ac
697 1505 763 1566 lieo
779 1506 899 1584 optimo
915 1509 1055 1570 maximo
1083 1488 1085 1571 l
1112 1513 1282 1574 nimirum:

310 1596 471 1658 bonorum
493 1597 638 1658 onmium
668 1598 812 1674 largitori
843 1600 962 1662 debitas
985 1617 1056 1679 per·
1083 1574 1085 1605 Ι

311 1690 466 1752 solvimus
487 1691 613 1767 gratias,
631 1691 793 1768 simulque
810 1709 921 1770 preces
936 1695 1055 1772 suppli-

312 1783 515 1860 cationesque
545 1790 668 1846 nostras
700 1785 913 1858 effundimus,
944 1789 1055 1866 utqui

312 1876 415 1954 coepit
443 1892 523 1954 opus
551 1877 684 1948 bonnm,
708 1877 776 1955 ipse
803 1880 955 1956 perficiat,
981 1896 1055 1956 gau-

311 1967 465 2045 diumque
487 1974 634 2030 nostrum
657 1969 768 2031 reddat
789 1971 933 2047 plenum.

351 2064 368 2137 g
390 2061 419 2122 3.
443 2061 507 2122 Nos
523 2061 644 2123 1313133
654 2064 852 2129 eorumdem
868 2065 1055 2128 antistitum

312 2153 577 2236 postulationibus
599 2156 828 2228 obsecundare,
847 2165 879 2219 et
900 2158 1055 2220 (1111131111-

310 2248 432 2310 delium
461 2247 589 2310 utilitati
618 2256 774 2326 quantum
803 2267 843 2312 ex
872 2251 935 2313 alto
965 2253 1055 2314 nobis

310 2343 418 2404 datum
448 2349 497 2404 est
524 2343 708 2420 prospicere
737 2345 902 2416 volentes,
937 2346 1055 2408 limites

310 2435 494 2497 dioecesum
517 2436 550 2496 in
572 2437 758 2500 memoratis
780 2438 968 2514 regionibus
990 2440 1055 2500 exi-

310 2527 463 2590 stantium
493 2527 680 2604 singillatim
713 2529 940 2592 describendos
969 2539 1055 2609 puta-

310 2637 394 2692 mus,
418 2627 454 2682 nt
475 2621 646 2691 catholicae
666 2622 833 2699 religionis
849 2625 976 2701 negotia
991 2625 1056 2687 lau-

311 2713 468 2776 dabilibus
490 2713 523 2774 in
545 2713 613 2774 dies
635 2715 757 2792 possint
779 2716 936 2793 prolicere
954 2717 1056 2780 incre-

310 2807 439 2879 mentis,
463 2824 498 2867 ac
520 2807 559 2867 de
581 2807 727 2884 proiectu
746 2816 930 2872 sanctorum
946 2812 1055 2873 otium

310 2899 529 2962 haurientium
552 2914 648 2977 aquas
670 2901 703 2962 in
726 2902 841 2978 gaudio
861 2903 899 2965 de
915 2903 1056 2967 lontibus

311 2991 483 3054 Salvatoris
505 2993 558 3054 liat
580 3009 696 3054 corona
717 2994 991 3059 immarcescibilis
1006 3015 1056 3077 pa-

310 3091 447 3146 storum.
464 3085 592 3146 Etenim
608 3085 645 3146 ad
660 3102 754 3148 aures
769 3095 893 3149 nostras
909 3091 1057 3166 pervenit

312 3193 351 3238 ex
373 3178 516 3256 plurium
538 3177 663 3239 sedium
680 3178 908 3257 episcopalium
924 3183 1057 3244 erectio-

311 3287 352 3332 ne
373 3271 457 3332 haud
479 3271 578 3348 longo
599 3286 758 3333 annorum
778 3272 916 3336 decursu
932 3276 1057 3353 expleta

312 3365 352 3426 ob
374 3379 546 3442 inagnum,
571 3365 657 3441 quod
679 3365 798 3444 accepit
818 3363 1001 3430 Orthodcxa
1022 3372 1057 3432 li-

312 3459 368 3520 des
397 3459 430 3520 in
452 3457 598 3518 hmerica
626 3457 787 3519 foederata
819 3459 1057 3525 incrementum

311 3557 437 3614 vetusta
448 3552 632 3613 dioecesum
645 3551 781 3612 confinia
796 3554 935 3616 evasisse
950 3555 1057 3618 minus

312 3644 545 3707 accommodata
567 3643 620 3704 vei
641 3644 772 3716 incerta,
797 3645 998 3725 proindeque
1020 3651 1057 3712 ad

312 3754 443 3800 omnem
466 3751 596 3815 quoque
617 3737 822 3800 dubitationis
845 3747 876 3802 31
891 3743 1057 3804 anxietatis

313 3831 487 3893 tollendam
511 3829 721 3902 occasionem,
746 3845 827 3908 quae
856 3832 937 3895 circa
964 3835 1057 3897 iuris-

312 3924 459 3988 dictionis
474 3923 704 3986 ecclcsiasticae
720 3925 910 3988 exercitium
925 3943 1057 3991 venera-

312 4017 393 4079 biles
414 4017 530 4079 lratres
557 4015 740 4094 Episcopos,
765 4035 799 4080 ac
820 4019 953 4081 dilectos
975 4021 1057 4084 filios

312 4110 519 4190 presbyteros
542 4108 575 4170 in
597 4109 650 4171 illa
678 4110 792 4173 vineae
820 4112 947 4176 Domini
970 4123 1058 4193 parte

312 4210 376 4266 tam
405 4205 530 4266 naviter
555 4220 589 4264 ac
616 4211 681 4266 tam
710 4220 864 4283 prospere
889 4208 1058 4272 adiuvante

313 4296 448 4358 Domino
470 4296 650 4358 laborantes
670 4297 870 4374 perturbare,
896 4308 927 4362 et
948 4301 1058 4364 vincu-

313 4390 381 4452 lum
407 4391 577 4462 charitatis,
602 4391 721 4467 quoin
743 4390 879 4454 Domino
908 4394 1058 4471 colligan-

313 4492 376 4557 tur,
400 4484 595 4562 obrnmpere
619 4491 735 4561 posset,
761 4501 831 4546 esse
854 4488 986 4549 omnino
1004 4503 1058 4550 nc-

313 4577 505 4649 cessarium‚
529 4582 564 4638 ut
587 4577 681 4648 certi,
714 4577 924 4658 locorumque
953 4581 1059 4643 condi-

313 4671 392 4734 tioni
414 4677 631 4747 congruentes
659 4669 788 4732 illarum
816 4672 1000 4735 dioecesum
1023 4673 1059 4736 li-

313 4765 408 4827 mites
430 4780 489 4843 per
510 4763 723 4842 Apostolicam
754 4764 887 4838 Sedem,
911 4781 992 4844 quae
1015 4768 1059 4830 di-

312 4857 432 4920 vinitus
454 4871 551 4934 snper
573 4856 648 4917 alias
671 4871 783 4918 omncs
803 4858 951 4920 ecclesias
967 4859 1060 4920 iuris-

312 4949 460 5011 dictionis
483 4949 605 5012 obtinet
626 4949 809 5028 primatum,
834 4957 1013 5014 statuantur
1028 4959 1061 5014 31

313 5043 545 5106 describantur.

352 5137 372 5211 5
392 5136 421 5198 1.
444 5135 643 5215 Quapropter
673 5154 731 5199 nos
754 5139 809 5215 3111
837 5153 905 5200 rem
930 5141 1060 5202 univer·

313 5246 379 5291 sam
402 5229 652 5307 congregationi
673 5231 908 5295 venerabilium
924 5234 1059 5297 lratrum

313 5328 499 5384 nostrorum
523 5321 555 5384 S.
572 5323 607 5385 R.
622 5323 657 5384 E.
675 5323 903 5398 Cardinalium
921 5327 1059 5404 negotiis

313 5416 538 5495 Propagandac
550 5416 638 5479 Fidei
654 5418 911 5497 praepositorum
924 5436 1059 5499 perpen-

314 5510 450 5572 dendam
471 5509 702 5582 commisimus,
721 5512 910 5574 eorumdem
927 5513 1060 5576 consilio

313 5601 545 5675 adhaerentes,
579 5609 674 5680 atque
707 5605 801 5666 etiam
828 5604 1059 5684 Episccpcrum

312 5697 396 5757 uotis
418 5697 452 5758 in
470 5697 593 5775 synodo
609 5697 796 5775 provinciali
811 5697 1060 5762 Balthimorensi

313 5804 426 5852 mense
449 5789 571 5852 octobri
592 5789 767 5869 superioris
799 5790 873 5852 anni
895 5791 1060 5855 millesimi

314 5882 574 5963 octingentesimi
595 5883 755 5961 trigesimi
777 5883 864 5948 tertii
886 5899 1059 5964 congrega-

1152 1609 1170 1682 5
1191 1606 1220 1666 5.
1245 1603 1498 1667 Archidioecesis
1517 1601 1758 1664 Baltimorensis
1774 1615 1858 1661 com·
1878 1661 1900 1706 d,
1937 1610 2090 1657 31333330

1113 1701 1271 1778 313313131
1293 1705 1390 1760 131313
1420 1695 1632 1774 llarylandiae
1662 1693 1858 1773 provinciam
1897 1675 1993 1709 ’Μ
2025 1699 2029 1708 ·

1113 1808 1186 1854 3313
1209 1791 1353 1854 districtu
1376 1789 1529 1852 loederali
1551 1786 1749 1850 Cclnmhiae.

1152 1885 1419 1964 archiepiscopus
1442 1889 1607 1961 praeterea
1626 1879 1859 1941 Balthimoren-

1113 1979 1155 2040 sis
1177 1977 1390 2056 episcopalem
1412 1975 1523 2037 sedem
1552 1973 1857 2043 Richmondensem,

1113 2073 1215 2134 113333
1236 2071 1329 2132 311131
1344 2088 1360 2130 3
1376 2069 1407 2130 S.
1427 2067 1511 2130 Sede
1526 2067 1744 2148 provideatur,
1762 2065 1860 2127 admi-

1113 2165 1293 2226 nistratoris
1321 2161 1415 2224 titulo
1444 2160 1641 2238 procurabit,
1666 2165 1761 2235 atque
1783 2159 1860 2218 haec

1114 2257 1267 2320 dioecesis
1289 2255 1453 2333 virginiae
1470 2253 1668 2332 provinciam
1684 2253 1859 2314 subiectam

1113 2351 1252 2414 habebit.

1152 2443 1311 2504 Dicecesis
1347 2440 1566 2502 Bostoniensis
1607 2436 1860 2516 comprehendet

1113 2554 1169 2600 sex
1192 2535 1381 2614 provincias,
1406 2550 1487 2610 qnae
1516 2533 1615 2608 vulgo
1642 2547 1724 2594 nova
1746 2529 1860 2607 Anglia

1114 2635 1334 2708 nuncupatur,
1359 2627 1441 2689 idest
1468 2625 1712 2696 llassachnscts,
1737 2624 1857 2695 113133,

1113 2721 1428 2800 Neu-Stampshire,
1459 2717 1706 2788 Rhode-island,
1735 2716 1860 2779 Genne-

1113 2817 1219 2886 cticut,
1245 2815 1410 2876 Varmont.

1153 2909 1313 2970 Dicecesis
1334 2905 1572 2969 Novi-Eboraci
1595 2905 1772 2967 continebit
1788 2919 1860 2982 pro-

1113 3003 1250 3064 vinciam
1266 3000 1411 3062 ciusdem
1427 2998 1687 3074 dominicaque
1704 2997 1860 3058 31131313-

1114 3095 1242 3156 milatus
1263 3094 1297 3155 in
1317 3092 1481 3172 provincia
1496 3091 1706 3168 Neu-lersey
1723 3091 1860 3152 existen·

1113 3195 1161 3250 tes
1176 3187 1296 3250 scilicet
1309 3185 1439 3256 Sussex,
1454 3185 1592 3262 Bergen‚
1608 3183 1732 3256 llorris
1747 3184 1858 3256 Essex,

1115 3281 1289 3352 Somcrset,
1314 3280 1489 3342 lliddlesex
1512 3286 1543 3340 et
1564 3279 1764 3340 llcnmouth.

1154 3373 1314 3435 Dicecesis
1324 3371 1561 3449 Philadelphiae
1574 3370 1729 3432 constabit
1738 3386 1777 3432 ex
1789 3385 1861 3448 313-

1114 3465 1226 3526 1133113
1256 3463 1523 3541 Pernsylraniae,
1556 3469 1588 3524 et
1614 3462 1776 3524 lielaware
1799 3478 1861 3523 nna

1115 3573 1188 3620 cum
1207 3557 1417 3634 sequentibus
1433 3556 1634 3617 comitatibus
1649 3556 1682 3617 in
1698 3557 1861 3634 provincia

1114 3649 1322 3728 Neu-Sersy,
1347 3649 1408 3710 hoc
1430 3655 1478 3710 est
1500 3649 1700 3720 llunterdon‚
1724 3647 1859 3721 Varren,

1114 3745 1317 3821 Burlington,
1342 3742 1540 3813 Gloncester,
1565 3740 1681 3813 Salem,
1706 3741 1861 3804 (lumber-

1115 3838 1187 3900 land
1209 3843 1241 3898 31
1261 3835 1447 3913 Cape-May.

1153 3929 1313 3992 Dicecesis
1329 3927 1618 4006 Carolinopolitana
1630 3927 1862 4006 complectetur

1114 4023 1293 4104 provincias
1315 4020 1496 4084 carolinam
1526 4020 1782 4094 Meridionalem‚
1807 4021 1862 4083 Ga-

1114 4117 1251 4180 rolinam
1274 4114 1566 4194 septentrionalem
1588 4121 1620 4177 et
1638 4115 1820 4192 Georgiam.

1154 4209 1314 4272 Dicecesis
1346 4208 1543 4270 ltlobiliensis
1572 4209 1793 4271 efformabitur
1822 4225 1862 4270 ex

1115 4303 1287 4384 provinciis
1310 4301 1478 4364 hlabamae
1501 4301 1766 4364 3111311131313.

1155 4395 1315 4458 Dicecesis
1344 4393 1452 4456 Novae
1473 4393 1623 4456 Aureliae
1648 4395 1862 4457 constituetur

1116 4505 1155 4551 ex
1178 4488 1350 4567 provinciis
1373 4486 1540 4548 Luisianae
1563 4493 1594 4548 et
1615 4487 1772 4565 Missisipi.

1155 4582 1315 4644 Dicecesis
1327 4579 1580 4642 Cincinnatensis
1596 4582 1771 4644 continebit
1782 4581 1862 4645 Ohio

1116 4674 1323 4754 provinciam.
1480 4739 1481 4742 Ἴ
1765 4721 1769 4728 .

1156 4767 1316 4829 Dicecesis
1357 4765 1568 4828 lletroitensis
1610 4769 1863 4847 comprehendet

1116 4860 1277 4923 territoria
1306 4859 1480 4936 llichigan‚
1512 4865 1543 4920 et
1565 4858 1779 4934 Nord-Ovest
1804 4879 1861 4925 sen

1116 4953 1218 5016 North
1240 4951 1401 5014 Western.

1155 5044 1316 5108 Dicecesis
1338 5044 1506 5106 Bardensis
1529 5044 1657 5108 habebit
1684 5048 1863 5126 provincias

1116 5137 1257 5200 llentnki
1280 5143 1310 5199 et
1333 5136 1515 5199 lennessae.

1156 5231 1316 5293 Dicecesis
1338 5229 1444 5291 Sancti
1463 5230 1616 5292 Ludovici
1632 5232 1863 5312 complectetur

1117 5323 1314 5403 provinciam
1343 5321 1492 5384 111333311
1513 5340 1576 5385 333
1598 5341 1671 5386 cum
1698 5326 1863 5388 territorio

1118 5419 1199 5480 dicto
1223 5416 1393 5489 1111133333,
1419 5425 1451 5478 31
1476 5418 1577 5480 donec
1605 5419 1691 5482 alind
1713 5438 1729 5480 a
1752 5419 1862 5482 Sancta

1118 5510 1200 5573 Sede
1228 5517 1402 5583 statuatur,
1433 5511 1563 5573 habebit
1584 5527 1714 5589 quoque
1737 5513 1862 5575 territo·

1117 5605 1201 5667 rium
1232 5605 1269 5666 ad
1301 5603 1531 5666 occidentalem
1563 5605 1687 5684 plagam
1722 5607 1862 5669 fluminis

1118 5697 1274 5776 Missisipi.

1155 5791 1315 5853 Dicecesis
1368 5791 1507 5868 denique
1557 5787 1864 5872 Vinceirnopolitana

1117 5885 1371 5965 comprehendet
1402 5885 1599 5966 provinciam
1631 5886 1779 5952 lndianae
1800 5904 1864 5952 una
