4864 6994
336 561 390 616 An.
404 563 433 614 C.
455 563 524 614 1832
574 559 614 624 110
2134 557 2186 612 An.
2201 563 2231 614 C.
2255 561 2328 611 1832

1073 579 1137 623 11111.
1161 577 1252 624 Pons.
1277 578 1317 622 DE
1339 579 1369 624 P.
1393 578 1422 623 F.
1447 578 1530 624 PARS
1552 579 1573 624 1.

555 697 721 768 adnexam,
739 697 950 773 iunctumque
964 696 1164 768 viridarium,
1182 702 1214 757 et
1233 711 1299 757 cae·
1396 695 1464 771 §8-
1490 695 1571 758 Haec
1600 695 1825 758 constituimus
1856 700 1950 771 atque
1976 695 2102 756 manda·
2141 705 2342 752 3131313333-

556 795 640 852 13133
662 791 755 852 33133
771 791 803 852 in
819 797 994 852 memorata
1016 789 1164 867 superius
1185 789 1300 850 13113113
1357 804 1441 860 mua,
1465 789 1676 858 decernentes
1699 789 1754 850 bas
1775 787 1882 849 literas
1905 788 2027 858 11111133,
2051 803 2103 847 va·
2122 758 2176 858 {XX
2195 760 2340 860 iiiiii*

557 883 741 961 descriptas,
758 889 790 944 et
812 899 923 944 omnes
946 899 1056 944 aarum
1077 888 1181 960 partes
1204 882 1301 960 perti·
1358 881 1434 944 lidas
1457 889 1488 943 et
1510 883 1650 944 efficaces
1680 883 1830 953 existere,
1861 881 2016 958 nulloque
2045 899 2103 942 un-

557 981 671 1039 nentes
692 983 783 1038 antea
804 977 842 1038 ad
864 975 1038 1054 capitulum
1060 975 1206 1037 basilicae
1226 973 1301 1037 San·
1358 989 1453 1051 quani
1469 981 1648 1053 praetextu,
1670 975 1817 1036 etiamen
1834 991 1872 1036 33
1888 975 1974 1050 quod
1991 975 2103 1052 iiquo-

556 1069 598 1130 311
615 1069 699 1130 Petri
714 1068 747 1130 in
763 1067 923 1140 Vaticano,
942 1085 1027 1130 nunc
1043 1084 1132 1140 vero,
1150 1069 1300 1145 quemad·
1359 1083 1432 1129 rum
1454 1068 1582 1130 intersit
1603 1067 1635 1130 in
1658 1068 1830 1146 praemissa
1853 1084 1917 1130 non
1934 1085 2103 1130 consense-

557 1162 689 1225 modum
712 1163 922 1224 constitutum
941 1167 990 1224 est
1004 1177 1110 1239 supra,
1136 1161 1174 1223 ad
1195 1177 1253 1222 nos
1270 1166 1301 1222 31

557 1253 594 1315 31
615 1253 828 1332 Apostolicam
855 1253 972 1317 Sedem
998 1261 1140 1316 evocatas
1161 1270 1234 1316 cum
1256 1270 1301 1313 sa-

557 1363 608 1410 313
627 1347 780 1410 ecclesiae
798 1347 884 1410 illius
904 1347 1137 1426 suppellectile,
1154 1362 1301 1409 seucum

557 1440 654 1502 rebus
672 1441 821 1503 omnibus
841 1441 985 1503 eiusdem
1008 1441 1159 1502 ecclesiae
1175 1440 1248 1502 usui
1271 1446 1303 1502 31

557 1542 747 1597 ornamento
768 1535 910 1608 addictis,
934 1535 1080 1613 legitimo
1103 1532 1303 1595 1113111313-

557 1627 604 1690 nis
627 1628 683 1689 bac
705 1628 738 1690 in
755 1628 834 1690 urbe
857 1629 1048 1705 degentibus
1065 1628 1176 1699 113131,
1194 1628 1301 1705 ibique

558 1735 672 1782 eorum
682 1721 869 1800 hospitium.
880 1721 966 1800 quod
977 1723 1131 1783 hactenus
1145 1728 1212 1783 erat
1220 1722 1302 1800 apud

558 1813 704 1876 Sanctam
726 1814 854 1876 Mariam
877 1815 1121 1894 Aegyptiacam,
1146 1821 1302 1894 perpetuo

558 1923 631 1969 cum
644 1908 793 1970 omnibus
805 1909 929 1971 iuribus
946 1918 978 1972 et
992 1911 1170 1988 privilegiis
1182 1928 1216 1972 33
1229 1927 1303 1972 one-

557 1999 647 2061 ribus
662 2016 757 2079 supra
772 2003 957 2064 memoratis
973 2004 1109 2066 collocet
1120 2011 1215 2082 atque
1230 2020 1302 2066 con-

557 2093 677 2156 stiluat.

326 2197 540 2296 &muscampis
599 2189 617 2262 ἓ
639 2187 666 2248 7.
692 2187 754 2251 Sed
770 2190 927 2271 quoniam
950 2207 1016 2253 non
1038 2207 1134 2270 pauca
1161 2191 1304 2253 existunt

326 2303 447 2349 33313333
472 2305 539 2348 san-
558 2295 730 2343 missarum
763 2298 871 2353 onera,
902 2284 1038 2360 quaein
1068 2284 1226 2362 praedicta
1256 2301 1303 2346 ec-

326 2359 380 2402 ctao
393 2356 485 2402 1131133
497 2359 539 2402 Ae·

324 2409 464 2466 gyptiacao.

558 2373 653 2460 alesia
676 2373 806 2438 Sanctae
829 2376 943 2438 Mariae
964 2378 1177 2457 Aegyptiacae
1206 2379 1303 2440 adim-

559 2467 673 2546 plenda
696 2474 797 2540 erant,
823 2470 1011 2547 3113113333
1039 2471 1135 2533 etiam
1163 2472 1304 2533 inveniri

559 2561 701 2638 contigat
724 2563 773 2640 pia
794 2563 852 2624 alia
868 2563 981 2640 legata,
998 2565 1067 2624 sive
1083 2580 1141 2642 pro
1156 2565 1224 2626 aliis
1240 2565 1304 2643 pie-

558 2654 631 2716 tatis
660 2654 810 2733 operibus
832 2655 861 2716 31
888 2656 1040 2718 333133133
1070 2657 1210 2730 31133113,
1240 2657 1304 2720 Ν33

559 2747 701 2826 praelato
721 2747 881 2811 Cardinali
909 2750 1070 2827 praelecto
1092 2767 1198 2814 sacrae
1224 2751 1305 2814 Gon-

560 2839 756 2917 gregationis
778 2840 866 2904 Fidei
882 2842 1105 2920 Propagandae
1120 2843 1248 2922 plenam
1264 2845 1305 2906 la·

559 2933 662 2997 cimus
690 2941 893 3012 potestatem,
918 2943 953 2998 ut
981 2937 1049 3015 ipse
1077 2937 1110 2999 in
1139 2939 1305 3002 ecclesiam

561 3025 666 3090 Sancti
687 3027 781 3089 Blasii
808 3029 984 3090 transferre
1013 3031 1112 3108 possit
1135 3047 1232 3093 onera
1253 3033 1307 3094 illa

560 3137 633 3182 cum
649 3121 779 3183 adnexis
794 3121 930 3195 iuribus,
954 3130 1009 3184 aut
1024 3125 1129 3186 omnia
1143 3124 1304 3198 videlicet,

560 3219 614 3275 aut
627 3213 760 3276 illorum
776 3221 911 3293 partem,
930 3223 1026 3294 prout
1037 3215 1070 3277 in
1082 3217 1218 3280 Domino
1234 3235 1306 3280 cen-

560 3306 663 3368 suerit
678 3307 841 3385 expedire.
859 3308 994 3387 insuper
1008 3316 1078 3371 tuin
1090 3309 1249 3372 Cardinali
1264 3311 1306 3372 ei-

561 3400 646 3472 dem,
670 3405 737 3462 tum
767 3399 926 3463 Cardinali
954 3402 1246 3482 archipresbytero
1261 3421 1307 3465 sa-

561 3499 742 3555 crosanctae
755 3494 971 3571 patriarchalis
983 3495 1128 3558 basilicae
1140 3496 1307 3561 vaticanae

561 3587 810 3660 committimus,
836 3595 873 3648 ut
900 3589 993 3650 ambo
1021 3590 1135 3663 simul,
1166 3593 1307 3654 consiliis

561 3680 647 3742 inter
668 3695 703 3741 se
725 3679 857 3752 collatis,
874 3697 910 3742 ea
931 3688 1080 3755 statuant,
1099 3700 1180 3761 quae
1201 3685 1234 3747 in
1254 3703 1308 3764 po-

561 3779 686 3834 sterum
708 3774 864 3836 servanda
879 3782 975 3836 erunt
987 3774 1067 3837 circa
1081 3776 1197 3838 similia
1213 3793 1307 3855 quae-

562 3880 701 3943 cumque
724 3881 831 3938 onera,
849 3881 930 3944 quae
945 3867 1098 3931 ecclesiae
1113 3868 1219 3933 Sancti
1241 3871 1307 3934 Bla-

562 3957 601 4019 sii
623 3957 744 4019 addicta
765 3965 851 4030 sunt,
875 3966 970 4036 atque
992 3967 1029 4022 ut
1049 3963 1237 4024 auctoritate
1253 3980 1307 4026 no-

562 4057 627 4112 stra
649 4051 802 4113 deliniant
823 4067 863 4114 31
884 4051 969 4115 bono
985 4060 1017 4114 31
1031 4071 1133 4132 aequo
1150 4057 1308 4132 quaestio·

1359 1161 1434 1232 rint‚
1458 1163 1570 1223 autad
1592 1163 1645 1224 illa
1666 1164 1770 1224 vocati
1792 1179 1857 1224 non
1872 1163 1946 1234 sint,
1971 1164 2010 1224 13
2031 1163 2104 1224 sub-

1359 1255 1514 1332 reptionis
1542 1256 1595 1318 vel
1625 1255 1821 1334 obreptionis
1851 1257 1947 1328 vitio,
1971 1273 2029 1318 seu
2058 1256 2104 1318 in·

1359 1348 1511 1410 tentionis
1534 1355 1661 1410 nostrae
1683 1349 1809 1410 delectu
1831 1349 2014 1427 impugnari
2035 1365 2105 1428 pos-

1360 1457 1409 1516 se3
1427 1442 1535 1518 sicque
1558 1443 1590 1503 in
1606 1442 1788 1520 praemissis
1805 1458 1862 1521 per
1884 1457 2105 1520 quoscumque

1360 1534 1480 1596 iudices
1496 1535 1672 1597 ordinarios
1685 1541 1716 1596 31
1731 1535 1905 1611 delegatos,
1924 1535 2019 1597 etiam
2035 1553 2105 1598 cau-

1360 1643 1467 1692 sarum
1490 1629 1595 1706 palatii
1617 1629 1719 1690 nostri
1745 1628 1909 1706 apostolici
1931 1629 2103 1701 auditores,

1360 1721 1492 1784 iudicari
1514 1729 1546 1783 et
1567 1721 1695 1784 definiri
1717 1723 1846 1794 debere,
1871 1739 1905 1782 ac
1923 1721 2052 1783 irritum
2075 1729 2107 1783 31

1360 1815 1465 1886 inane,
1483 1815 1509 1875 si
1523 1831 1614 1876 secus
1637 1831 1734 1892 super
1757 1815 1806 1876 bis
1822 1833 1838 1876 a
1854 1829 2015 1892 quoquam
2031 1831 2106 1892 qua-

1361 1906 1408 1967 vis
1441 1907 1628 1970 auctoritate
1659 1908 1799 1970 scienter
1831 1908 1884 1969 vel
1917 1908 2105 1984 ignoranter

1361 2002 1534 2077 contigerit
1554 2002 1714 2063 attentari.

1400 2093 1469 2168 §9-
1493 2094 1563 2156 Non
1586 2094 1785 2157 obstantibus
1808 2096 1847 2158 de
1869 2096 1940 2158 iure
1962 2097 2106 2172 quaesito
2138 2099 2342 2200 ffissfflwn'

1362 2202 1426 2248 non
1448 2187 1602 2258 tollendo,
1627 2193 1659 2248 31
1680 2187 1748 2249 31113
1770 2189 1887 2250 3331113
1903 2196 1935 2250 31
1956 2159 2134 2252 331133113-ι

1361 2279 1427 2341 1133
1448 2279 1639 2356 apostolicae
1661 2281 1784 2357 regulis
1806 2281 1859 2342 131.
1885 2298 1948 2344 133.
1973 2282 2106 2344 Benedi-

1361 2371 1402 2433 cti
1424 2372 1480 2432 ΡΡ.
1505 2371 1586 2434 xlv.
1611 2374 1865 2450 praedecessoris
1887 2376 1988 2437 nostri
2010 2392 2107 2454 super

1362 2465 1519 2526 divisione
1541 2467 1749 2528 materiarum
1772 2467 1905 2544 aliisque
1928 2469 2107 2547 apostolicis

1362 2557 1451 2619 acin
1473 2559 1721 2631 universalibus
1746 2561 2059 2638 provincialibusque
2076 2569 2108 2624 31

1362 2651 1568 2728 synodalibus
1581 2651 1722 2714 conciliis
1736 2653 1827 2714 editis
1838 2653 2042 2730 generalibus
2054 2656 2107 2717 vel

1362 2745 1551 2822 specialibus
1573 2746 1853 2808 constitutionibus
1881 2755 1912 2809 et
1938 2748 2108 2810 ordinatio-

1363 2837 1469 2910 nibus,
1494 2853 1552 2900 nec
1574 2854 1637 2898 non
1662 2839 1840 2917 praedictae
1869 2839 2035 2902 vaticanae
2057 2841 2108 2902 ba-

1363 2931 1480 3002 silicae,
1495 2932 1629 3008 3113313
1641 2932 1780 3010 capituli,
1795 2939 1889 3010 atque
1902 2935 2109 2996 ecclesiarum

1365 3023 1469 3087 Sancti
1491 3025 1585 3086 Blasii
1607 3032 1639 3086 31
1661 3024 1792 3091 Sanctae
1814 3027 1929 3089 11131133
1941 3027 2110 3107 Aegyptia-

1364 3133 1428 3188 cao,
1453 3134 1486 3178 33
1508 3117 1643 3178 nationis
1669 3117 1863 3196 hospitiique
1892 3117 2110 3182 Armenorum

1365 3209 1459 3271 etiam
1475 3210 1668 3278 iuramento,
1682 3211 1925 3274 confirmatione
1940 3214 2110 3291 apostolica

1365 3303 1417 3364 vel
1439 3303 1551 3379 quavis
1566 3303 1718 3365 firmitate
1733 3304 1792 3365 alia
1809 3305 1969 3368 innovatis
1984 3308 2110 3368 statutis

1365 3401 1397 3456 et
1412 3395 1710 3468 consuetudinibus,
1727 3398 1926 3474 caeterisque
1942 3401 2109 3462 contrariis

1365 3489 1623 3566 quibuscumque
1645 3505 1709 3550 non
1732 3491 1942 3554 obstantibus.

1404 3582 1518 3644 Datum
1540 3581 1669 3654 Itomae,
1687 3583 1768 3661 apud
1786 3583 1817 3645 S.
1835 3584 1966 3647 Petrum
1982 3587 2041 3648 sub
2057 3605 2110 3649 an-

1365 3677 1443 3737 nulo
1464 3675 1630 3736 Piscatoris
1653 3675 1704 3736 113
1727 3692 1771 3736 11,
1787 3677 1860 3738 maii
1882 3695 2108 3753 1333311111,

1365 3769 1566 3848 pontilicatus
1590 3767 1691 3830 nostri
1714 3785 1797 3830 anno
1820 3787 1854 3830 n.

1620 4023 1858 4032 ...---——-——,

563 4161 620 4207 nes
643 4145 812 4222 quaslibet,
831 4161 911 4222 quae
932 4163 1030 4225 super
1051 4149 1127 4226 ipsis
1144 4150 1306 4224 oneribus,
1393 4164 1395 4169 ·

564 4245 596 4300 et
618 4238 699 4299 circa
720 4237 789 4300 iura
818 4237 880 4300 illis
909 4239 1030 4301 adnexa
1053 4241 1135 4304 13113
1165 4245 1308 4306 31133131

563 4333 648 4395 inter
683 4325 843 4393 Armenos
873 4338 905 4394 et
932 4333 1106 4411 capitulum
1142 4335 1309 4398 vaticanae

563 4425 720 4498 basilicae,
744 4431 953 4502 caeterosque
975 4441 1087 4502 omnes
1113 4430 1168 4505 qui
1190 4430 1309 4507 aliquid

564 4519 615 4581 sui
636 4519 669 4580 in
690 4517 804 4580 iisdem
827 4519 984 4580 interesse
1000 4521 1205 4583 contendant:
1221 4529 1253 4584 et
1268 4524 1309 4585 ita

564 4611 707 4688 quidem,
726 4609 857 4688 utquod
880 4611 943 4672 duo
958 4611 1005 4673 illi
1026 4611 1209 4676 Cardinales
1225 4633 1309 4678 com-

564 4703 656 4766 muni
677 4703 835 4766 sententia
855 4719 953 4782 super
981 4705 1078 4767 rebus
1100 4707 1168 4768 istis
1193 4715 1310 4771 statue·

564 4797 631 4858 rint
654 4796 707 4858 vel
728 4796 949 4869 iudicaverint,
974 4797 1192 4876 plenissimam
1221 4817 1310 4880 pror-

565 4906 619 4952 sus
642 4889 784 4952 obtineat
805 4891 1002 4964 firmitatem,
1020 4893 1154 4970 perinde
1175 4911 1209 4957 33
1230 4895 1257 4957 31
1278 4896 1309 4958 11

565 4983 671 5060 ipsum
686 4983 907 5060 praesentibus
923 4986 1040 5047 nostris
1056 4985 1158 5048 literis
1174 4988 1310 5050 declara-

567 5082 635 5138 tum
650 5075 773 5138 luisset.
787 5075 944 5140 Volumus
960 5085 1067 5141 tamen
1083 5087 1118 5142 ut
1133 5082 1236 5142 omnis
1251 5082 1310 5144 ista

566 5175 715 5249 potestas,
732 5183 828 5246 quam
850 5171 970 5234 eisdem
993 5173 1117 5235 duobus
1138 5173 1310 5236 cardinali-

565 5263 625 5326 bus
641 5264 871 5338 commisimus,
886 5265 923 5328 ab
938 5265 1014 5343 ipsis
1030 5283 1091 5328 una
1107 5267 1310 5330 3113313131-
1337 5253 1339 5293 l

565 5357 709 5428 cendam,
737 5356 868 5419 biennio
896 5358 1233 5422 1111131313131131113
1256 5377 1310 5422 no-

1689 4236 1785 4298 XXX.

1370 4422 1517 4484 Concedit
1533 4422 1751 4503 indutpcntius
1771 4425 1981 4502 assequendas
1997 4425 2036 4490 ub
2055 4428 2110 4498 cis,

1406 4517 1460 4595 qui
1492 4517 1696 4578 visitaverint
1732 4517 1872 4595 aliqua-m
1904 4536 1944 4580 33
1975 4521 2112 4582 ecclesiis

1404 4610 1549 4689 fratrum
1588 4609 1718 4672 Ordinis
1752 4610 1970 4674 Ercrniturnnc
2002 4613 2113 4675 Sancti

1406 4702 1581 4784 Augustini
1594 4701 1839 4765 Rccollcctornm
1850 4711 2113 4786 nuncupatorum

1406 4796 1554 4858 dioecesis
1577 4794 1607 4856 S.
1629 4795 1720 4857 Fidei
1742 4795 1779 4858 de
1800 4797 1920 4877 Bodotn
1942 4799 1976 4860 iu
1998 4799 2110 4862 ludiia.

1539 4963 1838 5034 3113331311.
1865 4967 1936 5033 xvt.

1486 5090 1522 5156 ad
1546 5096 1718 5172 perpetuam
1745 5092 1787 5157 rei
1811 5093 1990 5159 memoriam

1405 5269 1424 5342 g
1448 5267 1474 5328 l.
1499 5265 1546 5328 nd
1565 5267 1743 5343 augendam
1761 5267 1904 5329 fidelium
1920 5269 2112 5344 religionem

1367 5366 1399 5422 et
1420 5360 1600 5422 animarum
1630 5360 1766 5422 salutem
1789 5361 1982 5423 coelestibus
2008 5361 2113 5425 Eccle-

565 5449 641 5511 stris
670 5449 772 5511 literis
801 5450 1030 5528 computando:
1059 5468 1093 5513 ac
1121 5453 1255 5530 proinde
1284 5455 1310 5513 si
1337 5466 1339 5555 1
1367 5453 1431 5514 3133
1453 5453 2113 5531 1113333113111331131113131313311311-

565 5557 647 5620 quae
675 5549 746 5621 post
777 5542 945 5606 biennium
974 5543 1117 5622 elapsum
1145 5546 1310 5608 statuenda
1367 5546 1427 5608 bus
1451 5546 2113 5623 3131333113311133333331133111131111-

2146 5280 2233 5341 'Tenos
2247 5287 2345 5322 ronces-

2133 5341 2218 5376 sionis.

566 5636 605 5698 de
638 5636 806 5714 praedictis
839 5636 992 5698 oneribus
1024 5637 1174 5700 ecclesiae
1207 5638 1311 5702 Sancti
1338 5600 1340 5735 !
1368 5640 1493 5703 delibus
1522 5656 1600 5701 vere
1633 5641 1872 5718 poenitentibus
1902 5649 1934 5703 31
1961 5642 2113 5704 confessis

565 5727 660 5790 Blasii
687 5735 742 5790 aut
772 5729 937 5793 iudicanda
969 5731 1148 5809 supersint,
1179 5733 1311 5794 illorum
1338 5748 1341 5807 t
1368 5750 1402 5796 ac
1424 5750 1449 5793 s.
1474 5733 1701 5796 communione
1730 5733 1869 5806 relectis,
1895 5735 1949 5811 qui
1976 5735 2113 5812 aliquam

566 5821 708 5898 cognitio
729 5822 848 5897 31333,
865 5825 998 5901 adquos
1018 5825 1057 5886 de
1072 5825 1144 5886 iure
1159 5827 1309 5904 pertinet,
1339 5844 1341 5867 ¹
1369 5842 1409 5888 31
1432 5825 1573 5887 333133113
1596 5826 1732 5888 lratrum
1754 5824 1880 5889 Ordinis
1897 5827 2113 5892 Eremitarum

567 5915 769 5979 devolvetur.
1339 5872 1343 5977 X
1370 5917 1475 5981 Sancti
1494 5916 1667 5996 Augustini
1682 5919 1937 5983 Recollectornm
1953 5937 2114 6001 nuncupa-
