4864 6994
135 575 198 628 An.
213 579 248 632 0.
268 579 334 630 1831

169 729 207 771 he
230 727 347 772 nomina-

121 781 203 825 tione
221 781 346 826 rationem

121 834 225 878 reddit.

971 593 1146 638 consultius
1167 594 1218 638 PP.
1242 595 1307 640 xvi.

405 712 474 787 52.
499 712 559 774 Per
580 713 654 775 alias
683 719 807 775 nostras
836 712 1021 791 apostolicas
1050 712 1109 773 sub

366 805 500 882 plumbo
521 807 684 884 expeditas
706 805 825 878 literas,
844 821 925 867 nova
942 805 1109 884 episcopali

367 897 449 960 Sede
464 899 634 961 Galviense
649 900 708 961 sub
723 900 886 978 provincia
901 899 1109 961 Connaciensi

366 991 398 1052 in
420 991 572 1053 Hibernia
594 1009 697 1072 nuper
718 999 834 1065 erecta,
852 994 956 1054 eidem
978 992 1037 1070 ipsi
1058 1008 1109 1052 au-

365 1085 512 1146 ctoritate
526 1093 634 1148 nostra
648 1086 817 1164 apostolica
838 1087 990 1148 dilectum
1008 1085 1109 1146 lilium

365 1175 530 1239 Nicolaum
552 1179 654 1240 Foran
684 1180 910 1257 presbyterum
936 1177 1109 1241 Waterior-

366 1269 481 1330 diensis
497 1271 649 1333 dioecesis
665 1273 876 1350 praeficimus
899 1272 977 1333 datis
992 1273 1108 1334 idcirco

365 1361 432 1422 aliis
464 1363 583 1423 nostris
612 1364 790 1442 apostolicis
819 1365 850 1424 in
882 1364 979 1425 simili
1008 1363 1109 1424 iorma

364 1453 476 1514 Brevis
499 1455 654 1534 expeditis
676 1455 791 1517 litteris
813 1456 863 1517 die
887 1473 986 1516 xxvvr.
1001 1455 1108 1533 aprilis

364 1548 522 1609 vertentis
534 1548 618 1609 anni.
640 1547 743 1620 Quum
759 1555 866 1609 autem
881 1549 947 1626 ipse
962 1548 1108 1610 Nicolaus

365 1640 575 1720 episcopalem
598 1641 786 1718 dignitatem
810 1642 1022 1703 reformidans
1044 1641 1108 1720 epi-

364 1739 510 1810 scopatus
532 1735 805 1796 renuntiationem
828 1735 918 1796 nobis
941 1734 1104 1806 obtulerit,

364 1841 528 1903 quemque
563 1826 602 1887 ob
632 1827 857 1902 gravissimum
893 1827 1042 1889 morbum
1075 1827 1108 1888 in

365 1935 461 1996 quem
492 1919 607 1982 deinde
634 1919 745 1981 incidit
765 1936 837 1998 spos
865 1921 928 1982 ulla
956 1921 1105 1998 supersit,

365 2011 433 2073 iore
448 2018 484 2072 ut
506 2012 541 2072 ad
559 2012 773 2090 episcopatum
796 2015 1021 2091 acceptandum
1038 2029 1107 2091 pos-

365 2104 405 2164 sit
427 2104 549 2175 adduci,
574 2121 631 2165 nos
653 2120 766 2166 rursus
787 2107 823 2167 ad
844 2107 1028 2166 huiusmodi
1044 2107 1108 2183 epi·

364 2197 497 2274 scopalis
530 2197 681 2258 ecclesiae
719 2199 936 2276 provisionem
966 2199 1107 2260 celerem

364 2295 458 2365 atque
480 2289 619 2360 felicem,
636 2291 668 2349 in
691 2306 751 2367 qua
774 2291 881 2352 nullus
904 2297 1030 2369 praeter
1050 2307 1107 2352 nos

364 2397 399 2443 se
421 2383 524 2460 potuit
544 2399 601 2444 seu
624 2389 730 2461 potest
751 2384 980 2456 intromittere,
1004 2401 1107 2446 reser-

363 2475 491 2536 vatione
514 2481 545 2535 et
567 2475 696 2536 decreto
719 2475 946 2538 obsistentibus
966 2479 1107 2554 supradi-

363 2569 432 2640 ctis,
456 2584 496 2629 ne
518 2559 572 2629 illa
593 2569 708 2644 longao
733 2569 902 2630 vacationis
930 2578 1107 2646 exponatur

363 2661 585 2731 incommodis,
613 2668 745 2738 paterno
770 2679 803 2723 ac
834 2662 972 2724 sollicito
1001 2664 1106 2725 studio

363 2755 579 2826 intendentes,
594 2760 665 2832 post
680 2755 944 2816 deliberationem
957 2771 1052 2832 quam
1068 2757 1106 2818 de

296 2903 301 2912 .
364 2848 1106 2926 pr·aeiiclendoeidemecclesiaepersonamuti·

363 2942 428 3003 lem
457 2959 490 3003 ac
512 2941 707 3004 iructuosam
737 2959 809 3003 cum
836 2959 931 3004 venn.
956 2943 1106 3006 iratribus

363 3036 481 3096 nostris
498 3034 529 3096 S.
546 3034 582 3096 h.
597 3035 632 3096 E.
646 3034 866 3098 Cardinalibus
881 3037 1017 3114 negotiis
1033 3038 1106 3099 Pro-

363 3129 523 3206 pagandae
545 3128 633 3189 Fidei
654 3129 841 3206 praepositis
870 3129 1039 3191 habuimus
1062 3131 1107 3192 di-

363 3221 530 3298 ligentem,
547 3222 821 3284 renuntiationem
845 3224 1014 3284 memorati
1036 3239 1106 3301 pre·

361 3314 482 3392 sbpteri
504 3314 623 3376 Nicolai
651 3315 765 3377 Foram
792 3316 894 3376 libere
922 3317 1032 3377 iactam
1055 3317 1106 3377 ad-

362 3408 527 3470 mittentes
544 3415 576 3469 et
587 3409 787 3486 accipientes,
803 3410 838 3470 ad
855 3416 886 3470 te
902 3410 956 3486 qni
972 3427 1011 3472 ex
1028 3410 1106 3487 legi·

362 3501 441 3562 timo
461 3501 667 3563 matrimonio
689 3509 874 3579 procreatus
897 3509 929 3564 et
950 3503 981 3564 in
1004 3509 1106 3566 aetate

362 3595 457 3655 etiam
479 3595 622 3670 legitima
648 3595 840 3656 constitutus
864 3597 989 3668 existis,
1015 3597 1105 3658 cuius

361 3689 513 3765 apudnos
529 3688 711 3750 dumorum
733 3689 930 3766 integritate,
949 3691 1103 3762 doctrina,

361 3781 529 3858 prudentia
548 3781 747 3858 caeterisque
770 3783 966 3844 ornamentis
979 3783 1105 3860 Episco-

361 3889 401 3950 po
430 3874 534 3950 dignis
563 3874 625 3936 fide
654 3875 749 3952 digna
775 3876 988 3953 perhibentur
1018 3877 1105 3938 testi-

360 3966 477 4038 monia,
502 3967 611 4028 oculos
631 3968 748 4029 mentis
771 3975 898 4030 nostrae
915 3970 1102 4043 direximus,

360 4067 454 4136 atque
487 4060 636 4122 omnibus
666 4061 771 4122 debita
802 4063 926 4124 ratione
953 4064 1102 4140 pensatis,

362 4159 420 4214 tea
432 4153 596 4230 quibusvis
609 4157 958 4228 excommunicationis,
973 4172 1105 4235 suspen-

360 4247 458 4308 sionis
490 4253 521 4307 et
543 4247 704 4309 interdicti
727 4248 860 4325 aliisque
886 4251 1104 4312 ecclesiasticis

360 4340 504 4400 censuris
526 4347 558 4401 et
579 4340 701 4418 poenis,
724 4342 955 4417 quovismodo
979 4349 1010 4404 et
1031 4358 1105 4420 qua·

360 4447 499 4508 cumque
521 4431 559 4493 de
586 4449 676 4493 causa
699 4433 780 4505 latis,
805 4435 830 4494 si
853 4449 930 4510 quas
954 4435 1036 4498 iorte
1058 4437 1104 4497 in-

359 4523 504 4595 curristi,
535 4523 631 4585 huius
660 4531 784 4586 tanturn
807 4528 854 4587 rei
884 4529 983 4604 gratia
1005 4529 1104 4590 absol-

359 4623 472 4678 ventes
488 4621 520 4678 et
534 4616 715 4678 absolutum
738 4617 807 4680 iore
822 4628 1001 4692 censentes,
1021 4637 1104 4684 oam-

359 4709 433 4770 dem
465 4707 677 4786 episcopalem
707 4711 872 4772 ecclesiam
901 4714 1103 4775 Galviensem

359 4801 398 4863 de
420 4816 556 4878 persona
579 4805 631 4862 tua
658 4801 748 4864 uobis
771 4809 802 4865 et
824 4806 1009 4867 memoratis
1031 4805 1104 4868 Gar-

359 4894 514 4956 dinalibus
541 4893 580 4955 cb
603 4900 733 4956 tuorum
757 4897 952 4973 exigentiam
974 4900 1104 4961 merito-

359 5003 431 5048 rum
454 4993 589 5066 accepta,
604 4989 643 5051 de
660 4991 850 5051 eorumdem
873 4991 1008 5052 fratrum
1031 5007 1103 5053 con·

356 5079 438 5150 silio,
467 5081 654 5143 auctoritato
676 5081 855 5159 apostolica,
881 5089 993 5146 tenore
1016 5101 1103 5163 prae-

356 5173 497 5234 sentium
523 5175 742 5251 providemus
772 5181 868 5253 teque
896 5177 942 5238 illi
971 5179 1003 5240 in
1032 5179 1104 5258 Epi-

356 5281 488 5344 scopum
510 5267 712 5345 praeficimus
735 5275 767 5330 et
788 5269 962 5344 Pastorem,
981 5288 1100 5345 curam,

357 5358 505 5436 regimen
531 5365 563 5420 et
590 5359 899 5424 administrationem
929 5363 1026 5426 huius
1055 5382 1103 5428 ec·

358 5449 471 5514 clesiae
488 5451 543 5514 tibi
558 5452 592 5513 in
606 5452 824 5529 spiritualibus
840 5463 872 5517 et
886 5459 1102 5535 corporalibus

358 5543 499 5621 plenarie
515 5545 757 5617 committendc,
775 5547 807 5607 in
824 5547 881 5610 lllc
897 5549 950 5624 qui
967 5549 1018 5611 dat
1034 5567 1103 5626 gra-

357 5636 415 5697 tias
427 5643 459 5698 et
470 5638 607 5714 largitur
619 5638 700 5700 duna
712 5640 834 5712 conlisi,
844 5642 927 5717 quod
941 5643 1101 5720 dirigente

357 5728 492 5791 Domino
513 5739 599 5792 actus
621 5737 691 5793 tuos
713 5734 871 5809 praedicta
893 5735 1024 5796 ecclesia
1044 5752 1102 5814 per

358 5827 429 5883 tuae
451 5822 745 5900 circumspectionis
772 5826 960 5887 industriam
984 5835 1015 5889 et
1036 5835 1101 5890 stu·

358 5913 446 5976 dium
468 5915 592 5977 utiliter
614 5921 646 5978 et
666 5933 820 5996 prospere
843 5919 1009 5996 dirigatur,
1033 5936 1100 5998 gra-

462 6063 514 6108 101.
532 6063 601 6108 Porri.
617 6064 647 6110 dc
664 6065 737 6124 Prop.
754 6064 815 6110 Fide
829 6067 911 6113 Partis
925 6068 942 6111 1.
959 6066 1012 6112 vol.
1030 6071 1055 6116 V.

1855 568 1891 632 17

1166 713 1304 789 taqucin
1317 713 1534 792 spiritualibus
1555 717 1587 772 et
1606 707 1836 788 temporalibus
1859 720 1908 768 or-

1167 805 1306 866 thodoxa
1327 807 1442 883 religio
1464 806 1661 867 incrementa
1683 801 1841 880 suscipiat.

1206 900 1224 972 ἓ
1245 897 1274 960 3.
1298 899 1414 976 Iugum
1436 896 1677 975 igiturDomiui
1698 895 1762 956 tuis
1783 892 1910 970 imposi-

1941 569 1994 620 An.
2009 570 2038 622 0.
2061 567 2128 620 1831

1941 894 1978 940 Ad
1995 893 2089 940 bonum
2106 905 2141 939 rc·

1928 957 2013 1003 grmen
2031 947 2139 993 electum

1166 997 1235 1052 tum
1268 993 1411 1054 humeris
1437 997 1583 1070 prompta
1610 989 1782 1052 devotione
1813 986 1909 1047 animv
1929 999 2084 1046 exhortatur.

1166 1085 1361 1161 amplectens
1398 1101 1506 1148 curam
1538 1091 1571 1145 et
1602 1079 1909 1144 administrationem

1167 1177 1320 1254 praelatas
1342 1177 1384 1238 ita
1405 1178 1531 1240 studeas
1553 1175 1691 1237 lideliter
1720 1173 1910 1252 prudenter-

1166 1285 1229 1346 que
1252 1287 1416 1342 exercere,
1439 1276 1475 1331 ut
1497 1268 1629 1332 ecclesia
1655 1267 1812 1346 praedicta
1836 1279 1909 1340 gau-

1167 1362 1237 1424 deat
1258 1379 1293 1424 se
1316 1364 1450 1441 provido
1473 1361 1680 1439 gubernatori
1696 1377 1730 1421 ac
1745 1359 1909 1420 iructuoso

1165 1456 1414 1518 administratori
1426 1471 1495 1518 esse
1507 1455 1719 1524 commissam,
1731 1459 1763 1514 et
1775 1458 1807 1513 tu
1822 1465 1910 1528 prae·

1167 1555 1215 1610 ter
1236 1555 1384 1611 aeternae
1406 1549 1627 1611 retributionis
1654 1545 1831 1625 praemium
1854 1559 1910 1606 no-

1165 1647 1264 1704 stram
1287 1658 1415 1719 quoque
1439 1649 1470 1704 et
1492 1642 1581 1706 Sedis
1613 1639 1811 1718 spostolicae
1832 1635 1909 1700 ube·

1165 1736 1231 1798 rius
1248 1737 1364 1798 exinde
1381 1737 1534 1812 consequi
1548 1733 1701 1796 merearis
1716 1730 1909 1794 benedictio-

1165 1846 1239 1890 nem
1263 1835 1295 1890 et
1318 1830 1461 1906 gratiam.
1486 1828 1655 1890 Caeterum
1672 1827 1709 1887 ad
1725 1842 1760 1887 ea
1780 1822 1909 1902 quaein

1166 1931 1237 1986 tuae
1273 1925 1388 1986 cedere
1420 1929 1554 2000 possunt
1588 1919 1822 1983 commoditatis
1857 1933 1909 1978 au·
2004 1943 2007 1952 .

1166 2023 1334 2096 gmentum
1357 2016 1573 2078 favorabiliter
1598 2014 1824 2092 respicientes,
1851 2010 1909 2072 tibi

1164 2119 1452 2188 utaquccumque
1467 2125 1564 2186 quem
1581 2107 1733 2169 malueris
1746 2104 1908 2168 Catholico
1958 2107 1959 2110 ’
2049 2115 2053 2122 ·

1164 2203 1315 2266 Antistite
1344 2203 1475 2266 Sanctae
1497 2208 1625 2264 nostrae
1656 2199 1745 2262 Sedis
1775 2197 1908 2276 gratiam

1165 2305 1196 2359 et
1217 2298 1479 2360 communionem
1508 2296 1657 2366 habente,
1681 2293 1787 2355 accitis
1819 2292 1908 2353 etad

1166 2391 1224 2452 hcc
1239 2391 1268 2453 ei
1283 2388 1649 2452 assistentibusouuobus
1665 2385 1733 2447 aliis
1748 2383 1908 2463 Episcopis

1163 2487 1227 2555 vel,
1252 2491 1408 2562 quatenus
1431 2482 1464 2542 lri
1492 2481 1660 2543 commode
1685 2477 1822 2556 reperiri
1844 2491 1907 2538 non

1164 2584 1327 2656 poterunt,
1345 2575 1469 2637 duobus
1492 2590 1605 2636 eorum
1621 2573 1691 2633 loco
1711 2569 1907 2649 presbyteris

1163 2669 1378 2730 saecularibus
1410 2668 1464 2730 vel
1496 2668 1727 2742 cuiuscumque
1759 2660 1906 2731 Ordinis,

1163 2762 1430 2840 Congregaticnis
1460 2767 1492 2822 et
1525 2759 1664 2821 instituti
1694 2756 1908 2833 Regularrbus

1163 2857 1341 2935 praedictae
1363 2855 1458 2916 huius
1488 2853 1578 2916 Sedis
1608 2852 1741 2929 gratiam
1764 2856 1796 2912 et
1824 2863 1908 2910 com·

1163 2949 1350 3012 munionem
1364 2948 1483 3025 pariter
1494 2945 1697 3014 habentibus,
1707 2957 1823 3004 munus
1836 2955 1909 3003 cou-

1163 3043 1348 3106 secratlonis
1370 3041 1515 3118 recipere
1537 3039 1639 3101 libere
1654 3055 1687 3098 ac
1707 3037 1793 3098 licite
1809 3033 1908 3113 possis

1163 3143 1195 3198 et
1216 3137 1333 3206 valeas,
1350 3151 1383 3196 ac
1399 3135 1504 3196 eidem
1520 3131 1662 3194 Antistiti
1676 3137 1722 3200 ut,
1740 3127 1877 3204 receptis
1893 3141 1909 3186 a

1162 3235 1194 3291 te
1210 3229 1298 3307 prius
1313 3227 1492 3290 Catholicae
1508 3225 1582 3287 fidei
1604 3223 1801 3302 proiessione
1821 3220 1909 3280 iuxta

1162 3323 1312 3384 articulos
1335 3321 1460 3400 pridem
1474 3337 1490 3380 a
1503 3317 1584 3380 Sede
1607 3322 1714 3378 nostra
1731 3313 1908 3393 propositos

1163 3431 1196 3477 ac
1223 3421 1333 3476 nostro
1355 3431 1389 3476 ac
1414 3413 1573 3474 Romanae
1595 3411 1754 3473 Ecclesiae
1776 3409 1908 3469 nomine

1162 3507 1323 3569 fidelitatis
1346 3506 1470 3568 debitae
1492 3505 1587 3566 solito
1609 3504 1801 3573 iuramento,
1820 3515 1908 3578 prae-

1163 3601 1281 3662 dictum
1305 3615 1423 3660 munus
1445 3599 1502 3661 tibi
1528 3597 1715 3660 auctoritate
1743 3602 1851 3656 nostra
1872 3593 1908 3654 li·

1162 3695 1223 3754 cite
1244 3693 1358 3766 valeat,
1383 3692 1493 3754 eadem
1517 3689 1703 3752 auctoritate
1725 3688 1852 3764 plenam
1877 3693 1908 3747 et

1162 3786 1295 3847 liberam
1324 3785 1439 3845 harum
1466 3783 1550 3845 serie
1578 3781 1750 3842 tribuimus
1780 3778 1907 3840 iaculta-

1162 3887 1239 3941 lem.

1202 3975 1220 4047 ἓ
1242 3972 1270 4033 l.
1295 3971 1452 4034 Volumus
1467 3976 1586 4040 tamen,
1604 3969 1781 4043 eademque
1802 3971 1907 4025 aucto·

1162 4066 1255 4127 ritate
1284 4065 1495 4143 praecipimus
1526 4071 1621 4139 atquc
1650 4061 1847 4132 mandamus,
1871 4065 1908 4120 ut

1162 4159 1223 4219 nisi
1244 4159 1381 4237 receptis
1403 4165 1473 4219 ate
1498 4159 1587 4236 prius
1616 4172 1673 4234 per
1703 4155 1823 4218 dictum
1845 4153 1906 4216 hn-

1161 4252 1296 4314 tistitem
1329 4253 1511 4313 iuramento
1544 4257 1576 4311 et
1604 4248 1803 4328 proiessione
1831 4247 1906 4310 fidei

1162 4343 1347 4405 huiusmodi
1380 4343 1446 4420 ipse
1478 4341 1620 4404 Antist-es
1652 4340 1906 4402 Consecrationis

1161 4453 1279 4498 munus
1301 4437 1357 4498 tibi
1379 4435 1578 4513 impendere,
1605 4441 1703 4510 tuque
1725 4434 1804 4495 illud
1827 4433 1906 4494 reci-

1161 4547 1238 4610 pere
1251 4531 1537 4609 praesumpseritis,
1548 4530 1634 4591 idem
1645 4529 1785 4590 Antistes
1800 4527 1906 4588 aPon·

1974 3967 2138 4012 conditiones

1925 4019 2065 4066 electionis.

1162 4623 1284 4685 tificalis
1307 4624 1400 4684 cilicii
1416 4623 1568 4694 uvercho,
1587 4627 1619 4683 et
1640 4628 1704 4682 tam
1720 4621 1788 4700 ipse
1811 4635 1905 4697 quam
1961 4619 1968 4634 '

1161 4721 1194 4776 tu
1218 4733 1233 4776 a
1255 4716 1415 4793 regimine
1444 4721 1476 4776 et
1505 4715 1780 4776 administratione
1807 4713 1906 4776 eccle·

1161 4809 1280 4870 siarum
1301 4815 1483 4869 vestrarum
1506 4808 1653 4886 suspensi
1674 4807 1743 4868 sitis
1765 4823 1803 4868 co
1824 4807 1903 4884 ipso.

1160 4901 1230 4962 Non
1254 4901 1451 4963 obstantibus
1474 4900 1653 4978 apostolicis
1675 4917 1708 4961 ac
1730 4900 1905 4960 inuniver-

1159 4993 1277 5054 salibus
1305 4992 1617 5071 provincialibusque
1639 4999 1670 5053 et
1699 4987 1904 5070 synodalibus

1160 5086 1301 5150 conciliis
1322 5087 1414 5148 editis
1430 5085 1635 5162 generalibus
1650 5086 1703 5147 vel
1717 5085 1904 5164 specialibus

1160 5178 1442 5241 constitutionibus
1465 5185 1497 5239 et
1519 5178 1783 5252 ordinationibus,
1804 5185 1904 5240 caete-

1159 5273 1268 5349 risque
1290 5271 1457 5334 contrariis
1480 5271 1748 5348 quibuscumque.

1198 5365 1312 5426 Datum
1324 5365 1453 5436 Romae,
1467 5365 1550 5442 apud
1564 5364 1594 5426 S.
1610 5365 1738 5426 blariam
1752 5365 1902 5427 llaicrem

1159 5457 1219 5518 sub
1240 5457 1359 5519 annulo
1381 5457 1556 5530 Piscatoris,
1574 5457 1625 5518 die
1647 5473 1760 5519 xxvm.
1775 5458 1903 5534 augusti

1159 5566 1371 5622 uocccxxxr„
1389 5549 1590 5628 pontificatus
1612 5551 1713 5611 nostri
1734 5566 1816 5612 anno
1839 5567 1860 5610 r.

1412 5803 1650 5812 ——ss-
