1290 1823
568 179 600 191 tuni
612 179 658 191 pour.
670 180 690 191 uz
701 180 716 191 Ρ.
728 179 743 190 Β.
755 179 796 190 rans
808 179 818 191 ι.

561 209 643 228 argimnr:
657 213 681 224 ec‹

559 236 595 248 uam
603 232 681 247 maiorem

559 255 681 275 Pampolononsi

559 278 643 294 ecclesiam
651 278 681 294 ori-

559 305 575 319 n.
587 306 618 321 qua
629 301 681 317 cathe-

559 329 590 340 ·um
598 324 681 344 Apostolo-

559 352 577 364 ue
592 348 623 363 hoc
634 348 681 363 titulo

559 375 592 387 mus
604 372 620 386 et
627 371 682 386 ‹lecer-

559 398 564 410 ι
580 394 647 410 ecclesia
657 398 682 409 se-

559 419 590 433 tem
601 417 682 437 pontifica-

566 444 595 456 seu
612 440 682 460 praesuli

559 464 653 484 Episcopum
659 464 682 479 in-

559 487 572 502 ,ti
587 487 630 502 Petri
641 487 682 507 Apo-

559 510 653 528 ielonensis,
665 512 683 526 ut

567 533 630 549 habitus
645 533 682 549 San-

570 557 652 575 ecclesiae,
662 557 683 572 ci-

559 580 656 599 isignandae,
665 580 683 595 il-

559 603 593 621 esit,
602 603 682 623 synodum

559 627 618 642 tionem
630 628 646 642 et
657 630 683 642 cu-

559 649 588 665 nia
598 650 638 667 iura.
650 649 683 665 offl-

559 673 595 688 beat
602 674 683 688 exerceat-

559 700 577 714 2a,
588 696 648 715 sigillo,
656 700 683 711 cu-

561 719 607 739 opali,
616 721 635 734 ut
642 719 683 734 intra

560 744 596 758 atur
602 742 683 762 pontifica-

560 766 620 784 oribus,
629 769 683 785 praee-

559 793 575 807 s,
587 789 683 804 iurisdictio-

571 812 683 832 personalibus

560 835 650 851 athodrales
659 839 683 851 sc-

560 859 580 874 ali
588 859 682 877 existentes,

568 884 621 898 tamen
636 882 683 897 titulo

559 905 642 925 privilegio
649 909 683 925 par-

561 932 575 947 r,
587 929 635 944 simili
647 933 683 948 apo-

559 957 561 966 ι
572 952 651 971 erigimus
661 954 683 967 at-

559 979 602 991 imcn
612 977 654 991 statu
668 977 684 991 et

559 999 615 1015 maiori
622 999 684 1019 templo

559 1026 572 1037 m
580 1022 642 1038 iuribus
649 1022 684 1041 qui-

559 1047 593 1061 nato
600 1045 653 1061 eidem
660 1049 684 1061 sa-

563 1072 589 1084 sas
597 1068 683 1088 explendas

559 1092 590 1107 ieri
598 1092 683 1111 parochiali

560 1116 631 1130 terarum
639 1119 684 1134 prae-

560 1138 648 1157 signandus
655 1138 683 1154 du-

559 1161 601 1177 alem
615 1161 684 1181 capitulo

559 1184 599 1200 hum
607 1188 636 1204 pro
644 1186 685 1200 tom>

559 1208 600 1223 uicos
608 1208 685 1223 ecclesiae

559 1235 572 1246 ι.

559 1254 595 1270 ilem
601 1254 685 1270 ecclesiam

567 1278 685 1298 metropolitico

559 1305 605 1321 ipore
620 1301 686 1317 Sanctae

559 1329 567 1342 ι.
579 1326 596 1340 et
606 1325 622 1340 in
630 1325 686 1340 suflra-

559 1348 627 1363 imnibus
638 1348 686 1364 sacul-

559 1372 651 1390 erogativis.
658 1371 686 1387 ho-

559 1395 577 1410 nd
591 1396 652 1410 ceteras
662 1399 686 1410 ca-

559 1422 600 1434 meas
613 1418 686 1434 eiusdem

559 1443 596 1457 nent
609 1446 626 1457 ac
637 1441 686 1461 perti-

562 1488 642 1504 niversam
651 1492 686 1508 pro-

559 1515 568 1527 n
578 1515 609 1531 qua
620 1511 686 1532 quadra-

708 208 751 228 ginta
765 210 834 228 quatuor
847 208 923 228 regiones
937 209 972 224 sive
983 208 1040 228 oppida
1054 210 1081 224 aut

707 232 779 247 civitates
794 232 869 251 superius
883 232 972 247 recensitae
985 232 1027 247 intra
1038 236 1082 252 prae-

707 255 771 270 stitutos
787 255 828 270 ssnes
844 255 954 274 reperiuntur.
969 255 988 270 ab
1003 255 1082 271 ordinaria

708 277 818 293 iurisdictione
825 277 945 297 Arohiepiscopi
953 278 987 293 sive
995 278 1083 294 archidiae-

708 300 748 316 cesis
759 300 825 316 Sanctae
836 300 879 316 Fidei
891 301 910 316 de
921 301 981 320 Bogota
992 301 1081 317 seiunctam

708 325 725 339 et
735 324 805 339 avulsam
820 323 873 339 eidem
884 324 961 340 ecclesiae
976 324 1028 340 Sancti
1039 325 1082 340 Petri

708 347 780 367 Apostoli
791 349 810 363 nt
820 351 868 367 supra
878 347 895 363 in
904 347 1013 363 cathedralem
1020 349 1083 364 erectae

709 374 738 390 pro
748 374 778 386 suo
790 370 872 386 territorio
879 375 896 386 ac
903 370 971 386 dioecesi
980 371 1082 387 attribuimus

709 395 725 409 ot
735 394 844 413 assignamus.
861 394 968 413 eamdemque
984 394 1082 414 provinciam

709 416 852 436 Pampelonenseni
867 421 884 432 ac
898 417 914 432 in
928 421 946 432 ea
963 417 1050 433 existentes
1066 420 1083 434 et

709 440 794 455 existentia
808 440 893 460 paroecias,
909 440 1006 459 collegiatas.
1018 440 1031 456 si
1042 445 1083 460 quac

709 463 746 481 sint.
758 463 913 483 aliasquo,ecclesias
924 467 1039 483 quascumque.
1049 468 1082 480 mo-

709 486 783 505 nasteria,
795 488 884 502 conventus
895 488 912 502 et
922 487 975 502 omnia
985 487 1020 503 sivo
1029 492 1083 504 saecu-

709 510 752 528 laria,
764 510 799 525 sive
810 510 905 529 quorumvis
916 510 991 526 ordinum
1002 511 1083 530 regularia

709 533 786 548 beneficia
801 533 905 549 ecclesiastiea
919 537 956 549 cum
970 537 1008 549 cura
1021 536 1038 550 et
1048 534 1083 550 sine

709 560 752 574 cura,
764 560 781 572 ac
794 556 854 575 pariter
868 556 954 576 utriusqus
967 561 1015 573 sexus
1029 561 1083 577 perso-

709 583 737 595 nas
747 581 764 595 et
774 579 839 598 incolas,
851 581 883 595 tam
894 579 941 595 laicos
953 583 1001 599 quam
1010 580 1082 599 clericos,

709 606 742 618 non
753 604 807 618 tamen
817 604 907 622 exemptos,
919 603 1035 623 cuiuscumque
1048 608 1083 623 gra-

709 625 744 644 dus,
757 625 817 641 ordinis
829 627 845 641 et
855 625 951 641 conditionis
962 626 1052 643 ordinariae
1060 627 1083 642 iu-

709 649 807 666 risdictioni.
822 648 898 668 regimini
912 653 929 665 ac
943 650 1017 669 potestati
1033 650 1084 666 futuri

709 676 726 687 ac
737 676 766 691 pro
777 674 851 691 tempore
865 672 949 688 existentis
960 672 1034 693 Episcopi
1045 673 1083 689 San-

709 695 730 711 cti
741 695 784 711 Petri
791 695 864 715 Apostoli
871 695 1001 715 Pampelonensis
1009 696 1083 712 similiter

709 720 788 738 perpetuo
799 718 909 734 submittimus
920 720 968 738 atque
978 719 1081 736 subiicimus:

709 742 762 757 eidem
773 746 813 757 vero
824 742 908 758 literarum
915 742 1039 762 apostolicarum
1046 747 1083 759 exe-

710 765 762 780 cutori
769 765 843 785 superius
851 767 941 781 memorato
949 770 1004 781 curam
1011 767 1084 782 commit-

710 788 759 804 timus
766 788 855 804 accuratius
863 789 964 805 dsscribemli
971 789 1023 805 omnia
1029 792 1046 805 et
1052 790 1084 806 sin>

710 811 748 831 gula
762 811 824 831 oppida,
839 812 911 828 civitates
922 814 938 828 et
949 813 1030 832 regiones.
1044 817 1084 832 quae

710 835 726 850 in
737 835 817 854 praedicta
831 835 953 855 Pampelonensi
965 836 1047 855 provincia
1058 837 1084 852 ha-

710 858 775 876 hentur,
786 860 803 873 et
813 858 832 874 ad
843 862 901 874 novam
915 859 1001 874 dioecesim
1011 861 1084 879 spectaro

710 881 770 897 debent
782 885 819 897 cum
832 881 942 901 designatione
953 882 1015 900 finium.
1026 883 1084 902 quihus

710 905 854 923 circumscribitur.
867 907 883 921 ot
893 905 935 921 inter
950 909 991 925 quos
1006 908 1084 926 perpetuo

710 928 742 944 erit
751 928 856 947 continenda3
868 929 889 944 ita
896 930 950 944 tamen
957 929 999 945 utin
1007 933 1025 945 ea
1033 931 1083 949 parte.

710 956 758 971 quam
769 952 843 967 infideles
858 952 913 972 populi
927 952 1005 971 incolunt,
1020 953 1084 969 latiores

711 976 776 991 termini
784 975 891 995 protendendi
898 975 935 993 sint.
942 977 965 993 ut.
972 976 990 994 si,
997 976 1084 992 miserante

710 999 749 1017 Deo.
761 1002 809 1018 opera
823 1000 840 1014 et
850 998 886 1014 zelo
896 998 970 1018 Episcopi
980 1003 1031 1015 novae
1042 999 1085 1015 dioe-

710 1022 750 1038 cesis
758 1022 888 1041 Pampelonensis
896 1026 925 1041 pro
934 1023 1007 1042 tempore
1014 1023 1084 1038 existen-

710 1046 730 1061 tis
741 1045 850 1064 evangelicam
865 1045 918 1060 lucem
928 1045 959 1065 ipsi
972 1045 1033 1061 fuerint
1043 1050 1084 1062 asse-

710 1069 748 1087 cuti,
760 1070 777 1084 et
787 1068 880 1084 catholicam
891 1068 940 1084 fidem
953 1069 1045 1088 amplexati,
1057 1074 1084 1085 sos

711 1092 800 1107 ordinariae
813 1095 851 1107 suae
865 1091 972 1107 iurisdictioni
986 1096 1003 1107 ac
1015 1092 1084 1108 dioecesi

711 1114 833 1134 Pampelonensi
844 1114 932 1134 adiungere
943 1115 1029 1135 Episcopus
1040 1120 1084 1135 prae-

711 1138 762 1153 dictus
773 1138 809 1153 iure
819 1142 837 1153 ac
847 1138 906 1153 merito
917 1138 967 1158 possit
977 1140 993 1154 et
1004 1139 1061 1155 valeat.

731 1161 740 1180 ἓ
752 1161 775 1176 17.
785 1161 863 1176 Similiter
870 1165 899 1181 pro
907 1161 970 1177 decenti
978 1164 995 1177 et
1001 1163 1085 1178 commoda

711 1184 762 1200 futuri
773 1184 846 1204 Episcopi
858 1184 924 1204 eiusque
935 1185 951 1200 in
963 1185 1085 1205 Pampelonensi

711 1207 803 1227 episcopatu
812 1211 923 1223 successorum
930 1208 1028 1224 habitatione
1035 1210 1052 1224 et
1058 1213 1085 1225 cu-

711 1231 744 1246 riae
755 1230 848 1250 episcopalis
859 1231 946 1246 residentia
957 1232 1028 1251 proprias
1038 1232 1085 1248 aedes

712 1254 824 1274 proximiores,
837 1258 884 1273 quam
896 1254 931 1269 sseri
942 1255 997 1274 possit,
1009 1255 1086 1271 ecclesiae

712 1277 799 1293 cathedrali
810 1281 857 1297 qnam
868 1277 939 1297 primum
950 1278 1027 1297 assignari
1038 1280 1054 1294 et
1064 1281 1086 1294 at-

712 1301 767 1318 tribui.
779 1302 838 1316 statuto
848 1303 914 1320 ‘quoque
930 1305 979 1316 censu
991 1305 1020 1321 pro
1030 1306 1086 1318 earum

712 1324 840 1342 manutentione,
852 1324 954 1340 decernimus
965 1326 1012 1344 atque
1023 1325 1086 1341 manda-

713 1351 757 1366 mus;
769 1351 810 1366 quae
820 1347 833 1362 si
844 1347 892 1363 modo
907 1347 960 1363 desint
970 1350 986 1363 et
997 1348 1086 1364 conducen«

713 1370 741 1386 dae
752 1370 790 1389 sint,
801 1370 881 1386 rationem
895 1370 950 1386 haberi
965 1371 1046 1391 pensionis
1057 1376 1086 1392 pro

713 1397 768 1409 earum
779 1394 858 1409 locatione
868 1394 955 1410 solvendae
966 1395 1032 1411 omnino
1043 1395 1086 1411 iube⁴

713 1421 754 1433 mus.
766 1417 787 1433 Ut
797 1417 861 1433 tuturus
872 1419 926 1433 autom
935 1421 965 1437 pro
973 1419 1046 1437 tompore
1053 1419 1086 1434 exi-

712 1442 756 1456 stens
766 1440 896 1460 Pampelonensis
907 1441 995 1461 Episcopus
1006 1442 1087 1461 pontifica-

713 1464 745 1479 lem
756 1468 801 1479 suam
809 1464 903 1483 dignitatem
912 1464 960 1482 tueri,
968 1468 986 1480 ac
993 1464 1052 1480 vicario
1060 1469 1086 1484 ge-

713 1487 764 1503 nerali
775 1489 791 1503 et
802 1487 855 1503 curiae
865 1487 950 1507 episcopali
957 1489 993 1507 apte
1001 1488 1087 1507 providere

713 1510 770 1529 valeat,
782 1514 870 1530 congruam
885 1512 948 1531 partem
961 1511 1060 1527 decimarum
1071 1511 1087 1528 in

1098 176 1125 189 Aul
1132 175 1153 189 C.
1169 173 1214 187 1835

1105 1165 1171 1177 cone-ssia
1180 1165 1205 1176 ao-

1095 1181 1124 1190 ιιιιιι
1137 1181 1159 1192 μω
1171 1178 1205 1193 ιςῃιἡ

1094 1194 1137 1206 κομι
