4788 6980
279 755 362 830 quod
385 771 458 817 cum
481 757 636 820 dioecesis
657 755 843 834 Cbiapensis
865 758 963 818 166661
978 758 1024 819 in-

279 855 324 909 tra
347 847 527 911 ldexicanae
549 851 785 922 6111661611666,
804 849 915 912 fideles
936 851 1022 912 illam

278 939 456 1004 incolentes
485 943 720 1021 expeditiorem
748 944 953 1020 negotiorum
977 959 1022 1005 66-

280 1033 399 1096 116666
429 1035 566 1098 habeant
595 1037 752 1100 blexicum
776 1037 898 1116 potius,
927 1051 1022 1114 quam

278 1127 498 1200 Guatimalam,
522 1130 681 1192 6666666.

316 1220 386 1295 §ln
410 1220 473 1282 Nos
495 1221 605 1298 igitur,
629 1224 746 1300 quibus
772 1226 915 1288 fidelium
938 1226 1022 1287 salus

279 1313 310 1374 16
323 1313 434 1390 661616
448 1315 607 1392 proposita
619 1323 678 1388 est,
692 1319 825 1390 cunctis,
840 1333 920 1395 quae
931 1335 1023 1396 supe-

279 1407 345 1468 rius
374 1415 497 1468 narrata
523 1415 609 1480 sunt,
642 1417 763 1472 matura
793 1411 1022 1474 deliberatione

281 1501 456 1578 perpensis,
468 1501 658 1562 humillimis
671 1503 954 1581 supplicationibus
968 1505 1023 1566 166

280 1595 318 1654 66
339 1609 375 1654 66
392 1595 548 1672 porrectis
563 1611 707 1656 annuere
723 1596 881 1670 volentes,
904 1599 943 1659 de
959 1597 1023 1675 ple·

281 1687 425 1748 nitudine
450 1687 639 1765 apostolicae
662 1691 826 1767 potestatis
851 1693 1023 1752 consensui

281 1785 346 1840 tum
380 1795 492 1841 vener.
516 1780 623 1842 fratris
645 1781 823 1859 Raymundi
845 1781 1022 1862 Caseus-p-

280 1873 394 1933 Torres
417 1872 565 1934 bodierni
594 1873 832 1953 Arcbiepiscopi
855 1877 893 1936 de
918 1876 1023 1937 116611-

282 1965 369 2036 6616,
388 1971 456 2026 166
481 1966 622 2028 cuiusvis
643 1968 775 2030 alterius
799 1985 952 2046 personae
975 1985 1023 2032 ec-

279 2059 566 2130 clesiastieaetiam
597 2061 751 2138 dignitate
778 2071 809 2124 et
831 2065 945 2140 quovis
967 2065 1022 2125 66-

280 2168 357 2213 nore
384 2169 418 2214 66
445 2155 715 2230 praeeminentiae
742 2157 842 2233 gradu
867 2156 1022 2234 fulgentis

280 2245 370 2322 plane
392 2247 596 2323 derogantes,
611 2265 650 2309 ex
672 2256 758 2310 certa
772 2251 914 2322 66166616,
932 2259 1021 2314 6666

279 2339 373 2400 61166
396 2341 538 2418 6666616,
556 2341 660 2418 deque
676 2344 864 2420 apostolicae
887 2349 1022 2422 potesta-

280 2431 317 2490 tis
339 2431 540 2508 plenitudinc
562 2440 771 2496 memoratam
795 2435 960 2496 ecclesiam
983 2437 1022 2498 de

279 2521 393 2602 Cbiapa
415 2540 474 2585 suo
497 2541 582 2586 nunc
603 2526 732 2588 Pastore
754 2528 915 2590 viduatam
938 2547 954 2589 a
976 2529 1022 2590 iu-

186 2689 192 2702 ·
279 2617 464 2680 risdictione
478 2619 713 2696 metropolitica
728 2621 880 2682 ecclesiae
892 2622 931 2682 de
943 2621 1022 2683 Gua-

29 21 49 1326 f
88 629 164 681 160.
186 622 248 672 luel

29 2887 31 2938 l

281 2709 384 2770 timala
415 2710 536 2784 iugiter
568 2717 600 2772 et
632 2713 817 2775 omnimode
849 2715 1021 2776 eximimus

280 2819 311 2863 ac
332 2801 519 2874 liberamus,
550 2819 685 2882 eamque
712 2807 756 2868 sic
784 2814 965 2885 exemptam
988 2826 1022 2870 ac

280 2897 413 2958 liberam
426 2905 618 2974 perpetuum
632 2899 751 2976 pariter
765 2899 797 2962 16
810 2902 942 2963 66666
958 2902 1023 2964 sul-

280 2989 458 3066 lraganeam
480 2991 705 3052 constituimus
725 2992 1022 3070 116616661666616-

281 3083 409 3162 6166661,
429 3085 563 3161 eiusque
585 3087 821 3163 metropolitico
841 3088 904 3148 luri
925 3087 1022 3149 subii-

280 3175 379 3238 cimus
392 3193 425 3237 ac
436 3177 659 3255 supponimus,
670 3178 795 3255 ipsique
804 3179 1022 3259 metropolita-

280 3286 336 3331 nae
351 3269 503 3332 ecclesiae
519 3269 630 3331 llexici
644 3270 676 3331 16
689 3271 834 3333 666666
854 3273 1020 3335 666166166

279 3364 316 3424 66
337 3363 455 3442 Cbiapa
476 3364 556 3434 iura,
581 3363 758 3442 privilegia,
777 3366 917 3429 bonores
933 3375 965 3430 61
980 3368 1021 3430 16-

278 3457 423 3528 cultates,
447 3455 563 3533 quibus
586 3459 840 3538 metropoliticae
863 3462 955 3524 sedes
981 3479 1021 3525 ex

279 3565 441 3612 sacrorum
462 3565 620 3612 canonum
642 3557 674 3612 et
687 3553 932 3630 apostolicarum
948 3573 1021 3617 666-

278 3643 481 3706 61116116666
513 3643 709 3722 66666661616
741 3645 773 3705 16
798 3647 1021 3724 suffraganeas

279 3736 400 3814 pollent
422 3735 581 3808 ecclesias,
605 3737 718 3798 eodem
741 3738 890 3801 similiter
912 3743 1019 3814 6666,

279 3830 455 3906 eademque
476 3829 664 3892 auctoritate
686 3831 889 3893 concedimus
911 3850 945 3895 ac
969 3835 1021 3894 161-

279 3923 417 3984 661666.

315 4015 386 4090 56.
417 4013 496 4076 Hinc
524 4015 700 4077 venerabili
734 4017 823 4079 lratri
855 4019 1022 4084 Francisco

279 4108 373 4170 Paulo
385 4107 532 4184 llasquez
544 4107 701 4188 Episcopo
712 4111 1020 4190 llasoanensi,quem

279 4206 513 4278 exequutorem
536 4201 752 4277 praesentium
768 4203 933 4266 literarum
950 4223 1019 4285 apo·

278 4293 460 4356 6161166666
477 4293 628 4370 eligimus
643 4311 677 4355 ac
695 4296 896 4374 deputamus,
914 4315 1021 4361 neces-

278 4387 372 4448 sarias
397 4385 572 4458 facultates,
596 4397 631 4448 ut
652 4387 721 4465 ipse
744 4405 801 4466 per
826 4407 871 4460 66,
889 4392 939 4453 vel
965 4409 1021 4471 666

279 4480 374 4540 61166
396 4478 504 4540 virum
527 4478 737 4542 ecclesiastiea
764 4482 917 4558 dignitate
946 4485 1021 4546 insi-

279 4572 402 4648 gnitum
415 4571 453 4632 ab
469 4587 507 4632 66
522 4571 811 4648 subdelegandum,
826 4575 881 4636 bas
897 4585 1020 4640 nostras

278 4665 384 4726 literas
406 4663 596 4726 6616661166
618 4665 759 4742 publicet
773 4673 868 4744 atque
884 4686 1020 4748 exequa-

277 4761 339 4827 tur,
364 4755 536 4832 omniaque
551 4763 583 4817 et
598 4757 724 4834 singula
739 4759 771 4820 16
787 4759 850 4821 11116
873 4769 1020 4826 66616616

276 4849 461 4910 auctoritate
490 4858 597 4911 nostra
627 4851 665 4911 ab
694 4852 844 4914 omnibus
873 4855 909 4916 ad
939 4871 1019 4932 quos

276 4948 395 5018 spectat
409 4949 441 5003 66
458 4958 516 5022 666
531 4949 677 5022 6666666
692 4945 857 5021 spectabit,
871 4956 962 5010 curet
973 4950 1019 5012 ln-

277 5035 468 5096 violabiliter
495 5037 668 5108 servanda,
699 5037 796 5098 simili
823 5041 918 5102 modo
946 5058 1019 5104 con-

275 5129 417 5190 cedimus
433 5129 696 5208 611666661666
712 5139 807 5210 atque
823 5143 858 5196 ut
874 5143 935 5196 166
951 5136 1018 5214 1666

274 5235 369 5297 quam
392 5237 528 5300 persona
546 5225 584 5284 ab
604 5241 642 5285 66
663 5225 900 5303 subdelegauda
921 5247 1018 5308 super

274 5329 475 5391 quacumque
497 5317 697 5394 oppositione
720 5318 751 5380 in
771 5327 841 5382 actu
857 5324 1017 5384 executio-

274 5407 321 5468 nis
343 5409 588 5484 quomodolibet
609 5410 742 5473 forsitan
765 5414 896 5487 oritura,
922 5417 1015 5477 etiarn

273 5499 437 5562 definitive
461 5509 492 5563 et
519 5505 631 5578 quavis
653 5506 865 5582 appellatione
894 5517 1016 5570 remota

273 5592 374 5655 libere
403 5601 434 5655 61
465 5594 549 5656 116116
579 5597 714 5658 66116166
744 5607 776 5661 66
803 5602 1016 5676 pronunciare

273 5687 371 5764 possit
393 5693 425 5749 et
439 5687 552 5760 valeat,
570 5691 819 5753 contradictores
842 5693 1013 5769 quoslibet,

271 5795 304 5840 ac
319 5779 460 5842 rebelles
483 5795 540 5858 666
556 5783 741 5855 6666661166,
762 5801 923 5858 censuras,
942 5804 1015 5864 poe-

271 5886 391 5947 nasque
407 5872 644 5946 ecclesiasticas,
658 5875 781 5952 aliaque
796 5877 875 5938 iuris
898 5887 930 5940 66
945 5879 1015 5941 16611

270 5965 411 6026 6666616
434 5967 678 6043 compescendo
696 5967 841 6032 invocato
864 5971 970 6044 etiam,
988 5973 1014 6033 61

377 6112 426 6157 lor.
446 6115 513 6159 l’oni.
529 6113 560 6159 de
576 6114 648 6173 1666.
667 6115 726 6160 Fide
742 6117 823 6163 Partis
837 6119 853 6162 l.
871 6117 924 6163 vol.
941 6119 966 6161 v.

883 639 1057 685 onnoonlus
1079 639 1129 684 PF.
1154 639 1218 684 xvl.

1079 773 1159 836 opus
1174 755 1282 826 luerit,
1297 756 1416 818 auxilio
1429 757 1548 819 brachii
1563 755 1745 822 saecularis,
1760 752 1825 830 616-

1079 865 1152 911 666
1181 851 1450 912 etomnimodam
1474 851 1651 912 1666166666
1676 847 1825 909 616111166

1080 943 1251 1004 tribuimus
1270 950 1364 1020 atque
1384 943 1601 1021 indulgemus.
1617 943 1729 1004 Eidem
1746 955 1825 1002 vero

1079 1035 1234 1114 Episcopo
1266 1035 1454 1098 llascanensi
1488 1037 1700 1115 praecipimus
1730 1040 1825 1110 atque

1079 1129 1282 1200 mandamus,
1317 1135 1352 1190 ut
1379 1130 1583 1206 singulorum
1617 1137 1758 1192 actorum
1793 1126 1825 1187 in

1079 1223 1295 1299 praesentium
1325 1223 1504 1284 litterarum
1535 1222 1725 1284 executione
1751 1237 1824 1281 666-

1079 1316 1290 1378 ficiendorum
1323 1317 1487 1394 exemplar
1516 1316 1696 1378 6666661166
1723 1314 1824 1376 torma

1079 1415 1241 1470 exaratum
1256 1409 1337 1470 intra
1354 1425 1473 1472 annum
1489 1409 1527 1470 ab
1543 1409 1668 1486 expleta
1682 1408 1823 1486 ipsarum

1078 1502 1268 1564 executione
1290 1502 1327 1563 ad
1356 1502 1436 1564 6666
1465 1501 1677 1580 666666116666
1707 1499 1823 1561 Sedem

1079 1595 1191 1666 mittat,
1215 1595 1360 1671 illudque
1382 1595 1416 1656 16
1437 1594 1579 1656 archivio
1594 1593 1824 1670 Congregatio-

1078 1687 1127 1749 nis
1140 1689 1277 1765 negotiis
1290 1689 1562 1750 consistorialibus
1575 1686 1773 1765 praepositae
1785 1685 1824 1746 de

1079 1797 1169 1842 more
1191 1781 1347 1842 asservari
1369 1781 1522 1842 edicimus
1544 1785 1639 1856 atque
1661 1778 1821 1840 iubemus.

1118 1875 1136 1948 ἓ
1157 1871 1186 1934 6.
1210 1875 1397 1936 Praesentes
1423 1889 1502 1935 vero
1524 1874 1646 1936 litteras
1669 1871 1754 1933 etin
1777 1872 1823 1932 eis

1079 1973 1227 2028 contenta
1248 1982 1481 2046 quaecumque,
1496 1967 1591 2029 etiam
1614 1983 1654 2028 ex
1677 1983 1715 2027 66
1737 1966 1822 2042 quod

1078 2060 1261 2136 liquorum
1286 2061 1431 2132 interest,
1455 2068 1508 2121 aut
1530 2059 1687 2121 interesse
1717 2065 1824 2138 posset

1077 2154 1110 2214 16
1133 2153 1290 2224 futurum,
1308 2153 1410 2214 vocati
1436 2161 1467 2215 et
1488 2153 1586 2214 auditi
1608 2169 1672 2214 non
1688 2152 1821 2224 luerint,

1077 2253 1131 2308 aut
1158 2246 1342 2324 praemissis
1368 2262 1432 2307 666
1459 2246 1699 2316 666666666161,
1732 2245 1823 2307 66116

1078 2355 1218 2417 666666
1243 2347 1388 2417 6666666
1417 2340 1634 2417 subreptionis
1656 2339 1706 2400 vel
1731 2340 1822 2400 obre-

1077 2433 1193 2512 ptionis
1222 2441 1275 2494 aut
1301 2432 1453 2494 nullitatis
1482 2432 1559 2493 vitio
1588 2447 1645 2494 seu
1673 2431 1823 2493 16666616-

1077 2527 1125 2587 nis
1141 2533 1268 2588 nostrae
1287 2525 1339 2586 vel
1355 2525 1469 2602 quovis
1485 2525 1546 2586 alio
1560 2525 1685 2587 deiectu
1705 2523 1820 2596 666661,

1076 2619 1271 2698 impugnari,
1302 2619 1355 2680 vel
1379 2619 1411 2680 in
1436 2619 1687 2679 controversiam
1715 2617 1822 2679 vocari

1078 2729 1180 2790 posse,
1211 2713 1266 2774 sed
1296 2717 1452 2790 perpetuo
1481 2711 1599 2772 validas
1628 2717 1661 2772 et
1681 2711 1822 2772 efficaces

1077 2807 1216 2868 existere
1239 2811 1271 2867 et
1293 2804 1372 2878 lore,
1396 2821 1536 2882 suosque
1555 2803 1714 2882 plenarios
1730 2811 1762 2864 et
1776 2803 1822 2864 in·

1077 2909 1186 2978 166666
1209 2901 1341 2962 61166166
1362 2898 1468 2960 6666161
1493 2905 1524 2960 66
1539 2897 1696 2969 obtinere,
1713 2897 1822 2972 sicque

1077 3003 1108 3057 66
1129 3011 1194 3056 666
1213 2993 1287 3054 61166
1303 3009 1360 3071 666
1376 3007 1596 3068 quoscumque
1612 2990 1732 3052 iudices
1747 3005 1822 3067 qua·

1076 3091 1124 3150 vis
1150 3089 1336 3150 auctoritate
1365 3086 1545 3162 fulgentes,
1576 3083 1698 3146 sublata
1723 3083 1823 3145 61661

1077 3198 1190 3244 66666
1213 3181 1344 3243 66111666
1365 3179 1457 3242 611666
1478 3177 1822 3240 16616666166616666-

1076 3273 1221 3352 66666661
1239 3273 1396 3344 facultate,
1410 3270 1541 3332 iudicarl
1555 3278 1584 3330 et
1598 3270 1736 3340 deliniri,
1750 3287 1784 3331 66
1796 3271 1820 3331 61

1076 3385 1167 3430 66666
1186 3381 1284 3444 66666
1306 3365 1354 3426 616
1376 3381 1392 3425 6
1412 3377 1574 3441 quoquam
1590 3363 1701 3438 quavis
1717 3370 1820 3424 aucto-

1076 3461 1169 3522 ritate
1197 3459 1335 3520 scienter
1360 3457 1413 3519 vel
1438 3457 1625 3532 ignoranter
1651 3454 1822 3530 contigerit

1076 3553 1234 3624 attentari,
1250 3551 1379 3612 irritum
1401 3550 1543 3612 acinano
1558 3548 1762 3610 decernimus
1778 3555 1821 3608 66-

1076 3663 1139 3725 que
1161 3645 1369 3708 declaramus.

1116 3741 1134 3814 ἓ
1156 3738 1184 3798 7.
1208 3737 1279 3799 Non
1300 3735 1498 3798 obstantibus
1521 3735 1560 3796 de
1582 3734 1653 3796 iure
1675 3734 1820 3810 quaesito

1078 3849 1141 3894 666
1163 3831 1317 3902 66116666,
1335 3829 1468 3906 aliisque
1489 3827 1605 3890 nostris
1622 3834 1653 3889 et
1668 3828 1820 3889 cancella-

1077 3927 1142 3988 riae
1157 3924 1346 4003 apostolicae
1366 3922 1499 3998 regulis,
1518 3937 1659 3983 necnon
1678 3922 1820 3999 supradi-

1077 4027 1198 4082 ctarum
1212 4017 1418 4080 ecclesiarum
1432 4017 1527 4078 etiarn
1539 4016 1733 4087 iuramento,
1747 4032 1820 4077 666-

1077 4113 1257 4174 666661666
1281 4110 1452 4188 6666661166
1480 4109 1533 4170 661
1556 4109 1666 4185 quavis
1688 4109 1746 4169 alia
1768 4109 1820 4169 116-

1077 4207 1186 4267 611616
1201 4205 1358 4266 666666116
1370 4203 1506 4272 66616116,
1520 4202 1818 4274 666666166161666,

1076 4299 1254 4377 privilegiis
1274 4313 1414 4375 quoque,
1439 4295 1696 4358 concessionibus
1720 4303 1752 4357 et
1773 4298 1819 4358 16-

1077 4393 1185 4464 661616,
1195 4379 1341 4469 quamvis
1353 4390 1497 4468 speciilca
1513 4397 1544 4450 et
1556 4390 1717 4452 individua
1730 4405 1819 4451 men-

1077 4485 1163 4548 tione
1186 4484 1301 4561 dignis,
1320 4483 1534 4558 omnibusque
1550 4489 1581 4543 et
1596 4481 1732 4557 singulis
1747 4497 1819 4559 apo-

1076 4579 1194 4639 stolicis
1217 4593 1250 4638 66
1272 4577 1366 4638 61166
1389 4577 1422 4636 16
1447 4575 1664 4653 synodalibus,
1688 4575 1818 4652 provin·

1075 4672 1217 4742 cialibus,
1241 4669 1543 4746 universalibusque
1562 4669 1704 4730 conciliis
1726 4669 1818 4730 editis

1076 4763 1280 4840 generalibus
1302 4762 1355 4823 vel
1376 4761 1565 4839 specialibus
1584 4762 1818 4823 constitutioni-

1075 4857 1133 4918 bus
1156 4863 1187 4918 et
1209 4854 1462 4917 ordinationibus
1485 4854 1677 4932 apostolicis:
1703 4855 1818 4931 quibus

1075 4949 1223 5010 omnibus
1244 4965 1278 5008 ac
1299 4945 1434 5022 singulis
1455 4946 1586 5007 illorum
1612 4955 1740 5007 tenores
1759 4963 1817 5024 pro

1074 5043 1168 5120 plene
1191 5048 1223 5102 66
1243 5041 1440 5102 sufficienter
1465 5039 1626 5116 expressis
1649 5040 1815 5111 babentes,

1073 5135 1136 5196 illis
1159 5135 1233 5196 alias
1255 5135 1288 5194 16
1310 5149 1368 5194 666
1390 5132 1508 5194 666666
1531 5133 1762 5210 permansuris,
1779 5134 1816 5194 ad

1073 5229 1322 5306 praemissorum
1347 5227 1497 5288 61166166
1515 5225 1707 5302 derogamus
1719 5243 1753 5287 ac
1765 5226 1817 5287 de-

1073 5327 1221 5397 rogatum
1244 5319 1498 5390 essevolumus,
1523 5319 1721 5394 caeterisque
1743 5335 1817 5380 666-

1074 5414 1177 5475 1666116
1200 5413 1468 5490 661666666666.

1111 5511 1130 5582 ,ξ
1150 5506 1180 5568 8.
1194 5507 1384 5568 Huiusmodi
1395 5513 1502 5568 autem
1515 5507 1682 5568 literarum
1695 5514 1816 5584 aposto-

1071 5602 1203 5662 boarum
1226 5600 1445 5677 transumptis
1463 5616 1519 5661 seu
1535 5601 1702 5677 exemplis,
1721 5601 1814 5662 66166

1071 5692 1247 5769 impressis,
1272 5708 1367 5753 manu
1395 5692 1509 5754 notarii
1535 5692 1653 5769 publici
1679 5692 1816 5753 subscri-

1071 5787 1141 5864 ptis,
1159 5803 1193 5846 ac
1207 5785 1313 5862 sigillo
1329 5801 1484 5862 personae
1500 5785 1532 5847 in
1549 5785 1757 5846 ecclesiastica
1772 5786 1815 5847 61-

1070 5879 1189 5955 gnitate
1212 5879 1401 5941 constitutae
1421 5879 1563 5950 munitis,
1582 5879 1727 5940 eamdem
1748 5877 1815 5940 ubi-

1068 5987 1132 6049 que
1153 5972 1301 6034 locorum
1316 5971 1349 6033 in
1364 5971 1482 6034 iudicio
1498 5979 1530 6033 et
1545 5977 1635 6034 extra
1651 5972 1747 6034 11666
1764 5972 1816 6033 66-

1684 6121 1710 6164 24

1750 617 1807 679 185
1856 615 1909 669 An.
1924 617 1954 670 0.
1977 617 2045 670 1837
