4864 6994
980 563 1154 610 obscenius
1176 565 1226 610 PP.
1251 565 1315 610 xvt.

374 679 463 740 annis
484 679 674 742 missionarii
696 681 858 759 apostolici
879 696 1016 742 munere
1038 681 1119 758 apud

374 772 591 850 apostolicum
607 774 747 852 Bombay
763 773 923 836 1113331333
940 774 1117 844 ostendisti,

374 859 551 943 plurimum
573 868 606 928 in
627 867 763 930 Domino
788 868 935 930 fiduciam
965 868 1118 930 babentes

374 958 589 1020 3133331111.
615 959 680 1022 NN.
705 958 736 1021 S.
753 961 789 1022 ll.
807 961 842 1021 E.
866 961 957 1022 Card.
982 960 1118 1036 negotiis

374 1049 597 1129 Propagandae
612 1052 699 1114 Fidei
715 1055 969 1132 praepositorum
986 1053 1118 1116 consilio

372 1145 540 1206 nominare
562 1147 720 1218 uolentes,
738 1153 835 1224 teque
851 1164 867 1208 a
883 1147 1048 1224 quibusvis
1064 1164 1117 1208 ex-

373 1239 681 1311 communicationis,
695 1241 912 1317 suspensionis
932 1249 964 1301 et
986 1241 1117 1302 interdi-

373 1330 425 1400 cti,
441 1330 574 1406 aliisque
590 1332 808 1394 ecclesiasticis
822 1334 976 1404 censuris,
989 1339 1116 1394 senten-

372 1423 424 1484 tiis
440 1429 472 1484 31
486 1425 596 1501 poenis
617 1426 841 1502 quovismodo
864 1432 896 1488 31
914 1433 1116 1503 quacumque

372 1517 412 1578 de
440 1533 530 1580 causa
558 1518 638 1590 latis,
667 1519 693 1579 si
720 1535 797 1596 quas
827 1519 910 1582 torte
939 1519 1113 1591 incurristi,

372 1608 466 1671 huius
478 1609 602 1673 tantum
617 1612 665 1674 rei
688 1614 787 1690 gratia
802 1613 1004 1675 absolventes
1019 1620 1051 1674 et
1065 1613 1116 1675 ab·

370 1702 512 1766 solutum
541 1703 611 1767 lore
636 1713 814 1779 censentes,
845 1706 1005 1769 1113331333
1035 1708 1116 1785 1133-

371 1796 520 1858 stolicum
543 1799 701 1876 praefatae
723 1800 904 1878 provinciae
927 1799 1040 1862 Sarrae
1056 1801 1115 1862 113·

371 1887 527 1952 1311331333
554 1909 627 1953 cum
647 1892 749 1954 solitis
778 1893 979 1955 facultatibus
1001 1895 1037 1956 ad
1061 1911 1129 1955 33·-

371 1988 476 2044 strum
499 1991 531 2046 et
552 1983 641 2046 Sedis
657 1986 856 2064 spostolicae
879 1987 1114 2064 beneplacitum

370 2077 557 2139 auctoritate
578 2076 750 2158 apostoliea
763 2087 876 2143 tenore
898 2081 1113 2158 praesentium

305 2213 311 2224 .
370 2170 595 2234 constituimus
618 2179 651 2234 31
672 2173 873 2251 deputamus
897 2174 982 2235 salta
1007 2179 1113 2235 tamen

368 2277 498 2340 semper
518 2264 552 2326 in
574 2266 756 2344 praemissis
771 2267 959 2329 auctoritate
980 2283 1114 2344 congre·

370 2356 505 2432 gationis
527 2360 717 2421 eorumdem
738 2359 965 2424 Cardinalium.

407 2450 476 2524 §2-
501 2451 684 2512 Mandamus
706 2459 875 2530 propterea
897 2461 933 2515 ut
954 2453 1013 2516 sub
1041 2455 1113 2516 obe-

369 2541 506 2604 dientiae
528 2552 696 2623 praecepto
719 2546 778 2607 1333
793 2561 911 2607 munus
926 2547 1024 2618 13333,
1047 2565 1113 2610 333-

369 2635 462 2696 nibus
483 2651 563 2698 3333
585 2654 619 2698 33
641 2638 777 2714 singulis
793 2640 830 2700 ad
846 2653 925 2714 quos
946 2647 1066 2718 spectat
1082 2649 1114 2702 et

367 2727 401 2790 in
423 2728 569 2790 futurum
591 2731 756 2808 spectabit,
774 2738 811 2792 nt
832 2739 863 2793 te
886 2733 922 2794 ad
945 2733 1112 2796 demanda-

368 2828 436 2882 tum
458 2822 515 2883 tibi
538 2825 713 2902 praesentis
736 2824 851 2887 vicarii
873 2825 1045 2905 apostolici
1068 2828 1112 2888 oi-

367 2915 474 2976 ficium
489 2915 642 2992 illiusque
657 2917 797 2979 liberum
820 2921 1009 2982 exercitium
1025 2921 1111 2982 iuxta

366 3015 513 3069 tenerem
536 3011 753 3086 praesentium
775 3012 930 3090 recipiant
952 3021 983 3075 et
1001 3016 1112 3078 admit-

366 3106 443 3172 tant,
461 3101 583 3179 tibique
598 3103 631 3163 in
647 3104 795 3165 omnibus
811 3105 847 3166 ad
863 3105 949 3168 idem
973 3109 1111 3170 odicium

366 3194 602 3271 pertinentibus
617 3195 754 3269 lateant,
769 3205 899 3275 pareant
912 3206 943 3260 et
955 3201 1108 3275 assistant,

366 3293 483 3364 tuaque
510 3287 648 3349 salubria
677 3290 798 3351 monita
824 3297 856 3352 ct
880 3293 1024 3354 mandata
1053 3295 1111 3355 bu-

365 3379 486 3440 militer
505 3380 678 3459 suscipiant
699 3389 731 3443 et
752 3383 920 3445 efficaciter
934 3385 1110 3464 adimplere

366 3479 549 3552 procurent,
570 3475 712 3552 alioquin
732 3477 936 3548 sententiam,
953 3479 1020 3540 3133
1037 3497 1109 3558 poe-

365 3581 437 3626 nam
459 3581 555 3642 qnum
568 3567 638 3629 -3113
661 3569 773 3629 1313313
794 3570 826 3630 13
843 3571 991 3644 rebelles,
1009 3579 1109 3634 ratam

365 3658 552 3720 babebimus
581 3667 613 3722 et
642 3661 806 3734 socienno,
838 3671 1022 3726 auctorante
1050 3666 1109 3727 Do-

365 3749 463 3819 mino,
480 3767 582 3827 usque
597 3753 634 3814 ad
649 3753 896 3815 satisfactionem
917 3757 1106 3834 condignam

363 3841 592 3905 inviolabiliter
614 3845 787 3907 observari.

403 3935 472 4009 ἓ3.
496 3935 567 3998 Non
589 3937 786 4000 obstantibus
807 3941 996 4018 apostolicis,
1021 3959 1054 4004 ac
1075 3943 1108 4005 in

362 4030 597 4092 universalibus
626 4033 939 4112 provincialibusque
962 4043 994 4096 et
1014 4053 1108 4114 syno-

363 4121 486 4183 dalibus
498 4123 638 4185 conciliis
651 4125 742 4186 editis
759 4128 962 4202 generalibus
974 4130 1027 4191 331
1038 4147 1108 4208 spe·

362 4215 493 4276 cialibus
504 4218 784 4280 constitutionibus
797 4225 829 4280 et
842 4221 1104 4294 ordinationibus,

362 4303 559 4386 caeterisque
580 4311 745 4372 contrariis
767 4312 1035 4391 quibuscumque.

402 4401 515 4462 ilatum
540 4403 659 4464 Romae
687 4405 768 4480 apud
799 4404 829 4465 S.
855 4406 984 4494 Mariam
1015 4409 1106 4470 Maio-

361 4509 443 4566 rem,
466 4493 526 4555 sub
548 4497 667 4556 annulo
689 4496 853 4558 Piscatoris
872 4499 922 4559 die
939 4517 1007 4560 vm.
1026 4517 1107 4562 mar-

362 4587 396 4646 tii
418 4603 618 4650 uncccxxxt.
643 4589 844 4666 pontificatus
866 4594 968 4654 nostri
983 4611 1066 4657 anno
1082 4613 1103 4656 1.

709 4831 758 4892 111.
825 4891 828 4900 ,

361 4961 487 5026 Erectio
517 4965 663 5028 ecclesiae
690 4968 884 5031 cathedralis
914 4968 1102 5042 Gclvicnsie,

398 5057 525 5135 cinoque
545 5057 695 5122 subtectio
718 5061 785 5122 turi
803 5064 1030 5142 metropolitico
1046 5065 1104 5127 dr-

398 5149 586 5231 cltiepisccpt'
612 5151 806 5214 Teanenses.

497 5332 718 5401 essecutus
741 5336 958 5406 [exsectus

545 5511 654 5563 sertus
677 5514 830 5566 seruorum
854 5499 916 5580 631,

475 5617 512 5684 ed
534 5624 708 5701 perpetuant
734 5621 777 5686 rei
799 5625 979 5690 memoriam.

154 5817 321 5868 prooemium.
395 5806 414 5880 ἓ
427 5805 455 5866 1.
469 5804 601 5868 Sedium
614 5809 840 5888 episcopalium
853 5814 1031 5877 erectiones
1044 5831 1101 5894 pro

357 5899 465 5976 gregis
487 5900 638 5964 dominici
660 5905 830 5966 commodo
853 5913 885 5966 et
904 5907 1037 5971 faciliori
1052 5926 1102 5972 re·

1884 547 1902 610 7
1954 549 2007 602 An.
2023 550 2052 601 6.
2075 549 2141 601 1831

1177 682 1298 758 gimine
1310 684 1432 744 sancire
1444 689 1685 746 consueverunt
1697 683 1830 746 Romani
1843 683 1921 745 PonL

1178 775 1286 846 libres,
1311 791 1351 836 ne
1373 777 1546 854 impensae,
1569 792 1629 854 qua
1653 783 1856 854 premuntur,
1883 777 1922 837 de

1174 867 1275 928 salute
1297 863 1477 930 animarum
1495 869 1702 931 sollicitudini
1724 868 1861 930 defuisse
1877 869 1921 930 31-

1176 959 1349 1035 derentur,
1373 977 1494 1038 nosque
1516 961 1677 1035 11333,3131
1699 962 1795 1023 13331
1816 979 1921 1024 sacrae

1174 1053 1346 1115 utilitatem
1369 1072 1496 1118 cessura
1519 1056 1757 1132 dignoscantur,
1776 1055 1920 1132 benigni-

1175 1147 1245 1208 tatis
1267 1149 1455 1225 apostolicae
1482 1149 1717 1228 providentiam
1746 1149 1920 1210 desiderari

1174 1240 1307 1301 minime
1330 1241 1479 1318 patimur.

1212 1332 1231 1404 ἓ
1252 1331 1281 1392 2.
1306 1332 1369 1392 lam
1385 1347 1486 1409 usque
1501 1350 1515 1394 a
1532 1333 1772 1410 quintodecimo
1791 1334 1918 1394 saeculo
1938 1343 2077 1396 33333333
2089 1354 2150 1399 uuo·

1173 1424 1271 1486 recol.
1305 1427 1481 1487 memoriae
1513 1425 1719 1488 lnnocentius
1749 1427 1805 1488 PP.
1837 1426 1914 1488 llll.
1938 1397 2152 1495 gaft‘i‘t'enffisfflssiiss

1173 1517 1399 1592 praedecessor
1421 1527 1530 1580 noster
1553 1520 1702 1596 gravibus
1718 1521 1756 1582 de
1771 1520 1871 1582 causis
1886 1526 1918 1581 et
1937 1502 2119 1602 L'ssss‘ssffffffl
2130 1515 2152 1548 Θ·

1173 1608 1327 1671 adiunctis
1335 1611 1467 1673 11133333
1477 1618 1661 1690 temporum
1674 1613 1917 1676 accommodatis

1173 1702 1351 1777 apostolicis
1363 1703 1428 1764 suis
1441 1704 1542 1766 literis
1556 1707 1633 1766 datis
1645 1706 1696 1768 die
1709 1712 1817 1770 331333
1828 1723 1918 1769 men·

1171 1792 1212 1853 sis
1234 1793 1386 1856 februarii
1408 1797 1482 1858 anni
1512 1797 1672 1858 millesimi
1703 1799 1918 1876 quadringen-

1173 1885 1278 1946 tesimi
1291 1889 1479 1964 octogesimi
1491 1891 1596 1966 quarti
1607 1891 1767 1952 civitatem
1776 1891 1918 1954 Galviam

1172 1995 1245 2040 cum
1260 1995 1319 2040 suo
1335 1981 1479 2043 districtu
1495 1985 1656 2058 quondam
1671 1983 1773 2044 331311
1792 1983 1918 2046 Nullius

1172 2072 1362 2134 censendam
1384 2090 1452 2134 esse
1468 2075 1621 2147 decrevit,
1638 2076 1812 2152 statuitque
1826 2093 1918 2155 supe-

1171 2163 1292 2226 riorem
1320 2167 1566 2230 ecclesiasticum
1596 2169 1821 2247 appellandum
1851 2186 1918 2233 esse

1172 2259 1394 2333 guardianum,
1419 2261 1590 2324 etidcirco
1617 2261 1777 2324 districtus
1799 2263 1854 2324 ille
1878 2279 1917 2324 ex

1171 2355 1247 2411 tunc
1268 2351 1497 2415 Guardianatus
1523 2354 1698 2416 Galviensis
1720 2356 1781 2417 luit
1802 2356 1917 2418 vocita-

1171 2448 1231 2502 tus.
1256 2443 1421 2520 Huiusque
1444 2454 1551 2508 autem
1575 2448 1799 2524 guardianatus
1828 2449 1916 2510 13311-

1171 2536 1282 2595 tuendi
1304 2537 1384 2598 ratio
1399 2538 1504 2599 iuerat
1518 2541 1696 2618 praecipua,
1714 2549 1750 2601 31
1765 2539 1862 2617 Angli
1877 2557 1915 2603 eo

1171 2634 1316 2704 tempore
1349 2629 1491 2690 63131333
1522 2631 1716 2703 incolentes,
1748 2633 1915 2711 proprium

1169 2716 1326 2780 baberent
1356 2723 1555 2800 superiorem
1588 2725 1847 2798 ecclesiasticum,
1876 2727 1916 2787 si-

1170 2811 1302 2888 mulque
1325 2814 1487 2876 immunes
1502 2817 1539 2878 ab
1556 2817 1791 2880 incursionibus
1815 2825 1846 2879 et
1861 2833 1915 2879 ve·

1169 2905 1349 2968 xationibus
1358 2909 1571 2971 finitimorum
1581 2911 1760 2983 bominum,
1772 2912 1826 2989 qui
1839 2919 1915 2974 tuuc

1168 2995 1280 3074 Anglis
1301 2999 1428 3062 6313133
1450 3003 1561 3065 1333113
1584 3011 1676 3066 33331
1696 3005 1828 3077 1313331,
1852 3006 1914 3067 313-

1169 3091 1329 3166 glicanum
1358 3094 1457 3156 ritum
1487 3105 1615 3174 possent
1644 3097 1825 3159 observare.
1849 3097 1914 3158 Pri-

1169 3185 1276 3244 mariis
1298 3187 1432 3264 insuper
1453 3187 1564 3266 Anglis
1586 3189 1914 3252 63131333133313311-

1167 3277 1236 3352 bus,
1267 3279 1322 3355 qui
1351 3281 1452 3342 tribus
1482 3291 1514 3343 31
1535 3283 1661 3360 patroni
1683 3283 1752 3344 laici
1781 3282 1915 3345 inerunt

1166 3371 1332 3449 appellati,
1365 3375 1576 3450 guardianum
1607 3376 1749 3452 eligendi
1777 3377 1914 3438 contulit

1167 3465 1394 3543 privilegium,¹
1411 3469 1579 3546 voluitque
1608 3469 1773 3546 guardiani
1796 3485 1912 3532 munus

1166 3558 1203 3618 ud
1225 3575 1344 3620 anuum
1366 3561 1530 3622 dumtaxat
1552 3563 1727 3639 perdurare
1750 3568 1782 3622 31
1796 3577 1912 3644 novam

1166 3653 1335 3727 quotannis
1345 3655 1510 3730 guardiuni
1523 3655 1593 3714 lieri
1605 3655 1810 3730 electionem
1821 3655 1912 3716 item·

1166 3760 1228 3820 que
1241 3745 1441 3822 collegiatam
1455 3748 1619 3808 ecclesiam
1634 3747 1693 3808 sub
1709 3747 1911 3810 invocatione

1166 3836 1273 3899 Sancti
1294 3838 1414 3900 Ν133131
1435 3840 1561 3902 6313133
1585 3841 1777 3902 existentem
1799 3843 1910 3902 sedem

1165 3946 1232 3992 esse
1255 3933 1490 4014 qquammodo
1513 3935 1750 4011 guardianatus,
1768 3935 1911 4010 etquod-

1164 4023 1235 4084 dam
1258 4026 1424 4101 gnardiani
1445 4027 1534 4103 quasi
1555 4027 1728 4105 capitulum
1749 4028 1911 4089 3113333331

1163 4135 1179 4178 3
1202 4120 1365 4180 nonnullis
1386 4122 1604 4183 sacerdotibus
1628 4122 1753 4183 vicariis
1775 4123 1911 4200 appella-

1164 4212 1213 4285 tis,
1238 4214 1293 4289 qui
1308 4231 1371 4274 nna
1393 4231 1466 4276 cum
1490 4216 1664 4292 guardianb
1688 4217 1827 4277 diversas
1842 4217 1910 4279 631-

1164 4307 1232 4367 3133
1262 4307 1420 4384 paroecias
1451 4315 1519 4370 tum
1547 4309 1631 4370 intra
1662 4316 1729 4370 tum
1756 4316 1847 4370 extra
1869 4311 1910 4372 ci-

1162 4401 1294 4461 31131333
1307 4401 1578 4464 administrarent.
1603 4402 1725 4462 Horum
1741 4409 1848 4464 autem
1864 4404 1909 4464 31-

1162 4493 1322 4554 cariorum
1355 4495 1519 4566 electionis
1551 4495 1760 4572 privilegium
1797 4497 1910 4558 tribuit

1162 4587 1347 4648 memoratis
1369 4579 1509 4666 patronis
1531 4589 1628 4660 131313,
1646 4589 1688 4649 113
1706 4595 1743 4650 31
1765 4591 1908 4666 guardia-

1162 4695 1221 4742 nus
1243 4681 1363 4742 electus
1388 4681 1624 4743 institutionem
1646 4701 1663 4743 a
1684 4682 1809 4744 vicariis
1831 4683 1907 4744 3331-

1162 4781 1254 4850 peret
1276 4774 1438 4836 313133311
1460 4793 1476 4835 3
1498 4775 1583 4836 131313
1613 4776 1753 4853 patronis
1775 4776 1907 4838 electio

1162 4869 1336 4943 guardiano
1357 4869 1508 4930 canonice
1529 4869 1789 4930 instituerentur.

1200 4962 1218 5034 ἓ
1240 4960 1269 5021 3.
1293 4961 1411 5022 Graves
1437 4961 1552 5023 deinde
1574 4962 1660 5022 inter
1687 4961 1906 5041 archiepisco·
1964 4987 2138 5049 tremor-antur

1160 5069 1237 5131 pum
1254 5054 1467 5116 Tuamensem
1490 5063 1522 5116 et
1537 5056 1661 5116 clerum
1683 5057 1904 5134 populumque
1924 5041 2138 5138 {Qnffivgssssssffss

1159 5145 1360 5209 Galviensem
1382 5149 1463 5210 circa
1486 5150 1709 5225 guardianatns
1728 5149 1903 5212 6313133313
1923 5144 2045 5244 gfgffi
2063 5157 2137 5245 83¹th

1159 5240 1328 5318 privilegia
1356 5244 1508 5305 excitatae
1536 5247 1773 5308 controuersiae
1802 5246 1903 5306 clarae
1924 5251 2024 5298 irensis.

1160 5338 1334 5400 memoriae
1349 5339 1552 5401 Clementem
1568 5341 1624 5402 PP.
1639 5342 1703 5403 Xll.
1721 5341 1903 5419 3333113333-

1157 5450 1264 5496 sorem
1291 5437 1441 5498 similiter
1466 5445 1613 5501 nostrum
1643 5439 1845 5501 adduxerunt
1866 5441 1903 5501 ad

1158 5534 1295 5597 edendas
1317 5536 1367 5597 die
1395 5537 1550 5614 vigesima
1572 5540 1673 5616 prima
1701 5539 1808 5617 aprilis
1830 5541 1903 5600 anni

1158 5631 1321 5692 millesimi
1341 5633 1620 5710 septingentesimi
1642 5621 1801 5714 trigesimi
1817 5640 1904 5702 tertii

1157 5725 1341 5801 apostolicas
1352 5725 1385 5787 in
1398 5728 1500 5788 forma
1512 5729 1618 5790 brevis
1630 5731 1738 5792 literas
1750 5732 1903 5811 incipien-

1157 5823 1203 5876 tes
1226 5815 1451 5896 Redemptort's,
1476 5835 1556 5896 quae
1584 5821 1815 5887 imminuendis
1843 5829 1901 5888 sal-

1157 5917 1223 5972 tem
1238 5910 1448 5974 incommodis
1464 5921 1644 5994 opportune
1659 5917 1692 5978 in
1708 5919 1818 6000 primis
1834 5937 1901 5982 esse
