4770 6982
305 559 359 612 An.
374 561 403 610 C.
427 559 494 610 1843
543 553 604 618 308

525 693 670 771 praestiti
701 693 875 758 iuramenti
907 695 1044 758 sormam
1066 695 1104 756 ad
1126 695 1273 756 eamdem

525 786 819 865 congregationem
841 789 881 851 de
911 787 1116 867 Propagauda
1142 787 1206 849 lide
1235 788 1274 850 de

525 879 627 942 verbo
650 881 687 944 ad
708 882 846 944 verbum
859 897 917 962 per
940 889 1009 944 tuas
1024 887 1168 960 patentes
1191 881 1274 944 litte·

526 990 577 1036 ras
589 981 644 1036 tuo
656 975 764 1052 sigillo
780 976 919 1038 munitas
931 992 989 1055 per
1005 976 1172 1054 proprium
1187 974 1274 1038 Nun-

527 1068 611 1130 cium
624 1070 838 1146 quantocitius
850 1071 1069 1132 transmittere
1085 1069 1216 1130 omnino
1229 1075 1275 1130 to·

527 1163 643 1234 666616,
661 1163 777 1239 quibus
793 1171 825 1226 et
846 1181 960 1226 eorum
983 1164 1115 1226 cuilibet
1136 1179 1194 1242 per
1209 1180 1275 1225 eas·

527 1256 601 1318 dem
617 1265 803 1336 praesentes
826 1259 945 1336 pariter
961 1259 1148 1320 mandamus
1164 1263 1201 1320 ut
1214 1259 1274 1336 ipsi

527 1349 580 1410 vel
603 1366 717 1412 eorum
739 1352 821 1414 alter
842 1370 859 1414 a
880 1359 912 1414 te
934 1357 1045 1414 nostro
1068 1357 1101 1413 ct
1114 1351 1275 1414 Romanae

527 1442 688 1506 Ecclesiae
703 1445 835 1507 nomine
855 1444 1074 1508 iuramentum
1089 1445 1275 1506 huiusmodi

527 1533 617 1596 iuxta
640 1535 786 1598 eamdem
809 1535 945 1601 lormam
970 1535 1125 1615 recipiant
1146 1551 1203 1598 seu
1225 1551 1275 1598 re·

528 1627 632 1708 cipiet.

568 1722 682 1785 Forma
693 1732 801 1787 autem
817 1725 989 1787 iuramenti
1001 1725 1086 1802 quod
1102 1724 1276 1804 praestabis

529 1819 606 1879 haec
621 1823 683 1880 est:
695 1819 791 1895 -Ego
807 1819 939 1882 llichael
955 1819 1276 1882 Der-hsdnazadrian

528 1912 707 1975 Patriarcha
737 1913 866 1976 Ciliciae
898 1913 1115 1976 armenorum
1148 1914 1186 1975 ab
1220 1915 1277 1976 hac

529 2005 607 2068 hora
628 2006 764 2069 inantea
781 2008 884 2071 tidelis
900 2015 932 2070 et
947 2008 1100 2072 obediens
1123 2025 1179 2070 ero
1205 2009 1276 2070 bea-

528 2107 561 2162 to
577 2100 670 2162 Petro
692 2101 845 2179 Apostolo
868 2101 1276 2182 Sanctaequehpostolicae

528 2193 689 2257 Romanae
710 2195 869 2258 Ecclesiae
885 2202 918 2258 et
932 2197 1068 2258 Domino
1090 2197 1276 2259 666166116-

529 2287 618 2350 mino
640 2287 796 2365 Gregorio
819 2289 974 2352 ΡΡ.Χ11Ι.
998 2289 1130 2368 eiusque
1152 2307 1276 2352 succes-

529 2381 656 2444 soribus
671 2384 839 2446 canonicae
858 2383 1061 2446 intrantibus.
1086 2384 1156 2447 Non
1172 2401 1228 2446 ero
1243 2385 1276 2446 in

529 2475 663 2538 consilio
684 2485 738 2539 aut
759 2495 918 2540 consensu
940 2479 992 2541 vel
1018 2479 1099 2541 lacto
1120 2485 1156 2542 ut
1177 2479 1276 2540 vitam

530 2569 665 2646 perdant
676 2577 729 2631 aut
740 2570 937 2642 membrum,
951 2587 1007 2632 seu
1020 2570 1184 2648 capiantur
1196 2573 1277 2634 mala

529 2662 675 2740 captione
697 2664 797 2725 autin
813 2681 868 2728 eos
890 2664 1051 2727 violenter
1073 2681 1186 2727 manus
1199 2682 1277 2744 quo—

530 2756 708 2819 modolibet
728 2758 918 2834 ingerantur
934 2759 986 2821 rel
1001 2758 1137 2822 iniuriae
1153 2760 1277 2838 aliquae

529 2849 710 2912 inferantur
731 2851 845 2928 quovis
868 2852 1011 2928 quaesito
1027 2853 1145 2914 colore.
1168 2852 1278 2916 Consi-

530 2939 610 3002 lium
632 2957 712 3005 vero
734 2945 820 3020 quod
841 2945 922 3006 mihi
946 2945 1100 3008 credituri
1124 2953 1200 3009 sunt
1221 2963 1278 3025 per

530 3051 565 3096 se
587 3041 641 3096 aut
661 3036 797 3098 nuncios
819 3053 877 3099 seu
893 3038 1027 3112 litterae,
1044 3041 1278 3103 6166666616-

531 3144 645 3190 mnum
667 3145 720 3190 me
742 3129 863 3194 sciente
886 3133 1008 3194 nemini
1023 3135 1169 3212 pandam.
1186 3133 1279 3212 Papa-

531 3227 600 3283 tum
632 3221 812 3286 Romanum
839 3229 871 3286 et
898 3224 1027 3302 Regalia
1060 3226 1166 3289 Sancti
1195 3228 1278 3290 Petri

531 3315 657 3379 adiutor
669 3315 714 3377 eis
727 3333 782 3381 ero
794 3318 831 3380 ad
843 3319 1049 3382 retinendum
1064 3327 1095 3383 61
1106 3316 1280 3384 6161666166-

531 3410 608 3471 dum
635 3418 744 3473 contra
769 3428 900 3476 omnem
922 3413 1100 3476 hominem.
1124 3414 1279 3492 Legatum

531 3501 731 3582 Apostolicae
758 3503 848 3568 Sedis
870 3506 903 3568 in
926 3508 1033 3570 eundo
1056 3513 1088 3570 et
1113 3509 1280 3572 redeundo

531 3597 709 3660 honorifice
732 3599 871 3662 tractabo
891 3607 923 3662 et
943 3601 976 3662 in
997 3602 1063 3663 suis
1086 3603 1280 3665 necessitati-

532 3691 591 3753 bus
612 3691 779 3756 adiuvabo.
793 3693 875 3766 lura,
893 3695 1045 3767 honores,
1060 3695 1228 3774 privilegia
1250 3703 1281 3758 et

532 3788 753 3850 auctoritatem
778 3787 909 3852 Sanctae
931 3790 1091 3854 Romanae
1108 3791 1278 3867 Ecclesiae,

532 3881 660 3943 Domini
675 3883 777 3944 nostri
793 3883 891 3962 Papae
907 3891 939 3946 et
953 3901 1176 3948 successorum
1192 3903 1281 3964 prae-

533 3976 673 4038 latorum
689 3994 890 4051 conservare,
909 3977 1095 4051 defendere,
1113 3997 1233 4058 augere
1251 3990 1282 4044 et

535 4085 730 4149 promovere
752 4071 881 4133 curabo.
905 4070 976 4134 Non
1003 4087 1059 4134 ero
1080 4073 1114 4135 in
1136 4074 1279 4149 consilio,

441 4201 443 4206 .
535 4163 616 4226 iacto
630 4163 683 4225 vel
699 4169 844 4236 tractatu,
861 4165 895 4224 16
911 4164 1027 4242 quibus
1050 4173 1160 4228 contra
1175 4167 1281 4246 ipsum

534 4257 707 4327 [lominum
719 4262 868 4319 nostrum
880 4258 933 4320 vel
946 4259 1092 4321 eamdem
1107 4259 1282 4324 Romanam

534 4351 708 4415 Ecclesiam
730 4351 834 4429 aliqua
856 4351 985 4414 sinistra
1005 4354 1057 4416 vel
1077 4355 1282 4432 praeiudicia-

535 4449 574 4510 lia
590 4463 755 4526 personae,
769 4446 860 4520 iuris,
874 4447 1018 4521 honoris,
1031 4454 1131 4510 status
1148 4456 1181 4512 et
1195 4457 1282 4528 pote-

534 4543 623 4604 statis
652 4557 766 4604 eorum
799 4541 1035 4615 machinentur,
1066 4544 1145 4605 etsi
1168 4545 1241 4607 talia
1267 4564 1283 4608 a

535 4636 793 4714 quibuscumque
816 4637 981 4713 procurari
1002 4652 1125 4700 novero
1147 4639 1200 4701 vel
1223 4647 1283 4702 tra·

535 4730 624 4803 61661,
640 4728 812 4806 impediam
829 4729 889 4790 hoo
904 4745 962 4807 pro
978 4745 1070 4808 posse
1090 4737 1132 4804 et,
1150 4739 1283 4810 quanto-

536 4824 629 4886 citius
651 4823 819 4886 commode
834 4829 958 4902 potero,
975 4825 1162 4902 significabo
1177 4827 1282 4890 eidem

535 4918 672 4980 Domino
698 4923 809 4980 nostro
834 4917 888 4980 rel
917 4917 1011 4980 alteri
1039 4935 1097 4997 per
1126 4923 1283 4998 quemad

535 5011 635 5090 ipsius
650 5011 795 5074 notitiam
811 5011 929 5090 poterit
944 5013 1128 5090 pervenire.
1145 5014 1283 5092 Regulas

537 5104 725 5168 Sanctorum
743 5105 882 5177 Patrum,
900 5106 1038 5177 decreta,
1054 5108 1281 5186 ordinationes,

535 5199 783 5271 aemulationes,
795 5199 1030 5278 dispositiones,
1041 5203 1240 5278 provisiones
1252 5212 1284 5267 et

536 5293 682 5356 mandata
696 5293 867 5372 apostolica
878 5293 953 5356 totis
968 5294 1090 5358 viribus
1106 5296 1283 5360 observabo

536 5396 568 5451 et
595 5387 706 5450 faciam
734 5387 772 5450 ab
800 5387 869 5450 aliis
898 5387 1074 5451 observari.
1105 5390 1281 5466 Hereticos,

536 5481 759 5546 schismaticos
775 5487 807 5543 et
820 5483 960 5546 rebelles
972 5484 1108 5547 Domino
1124 5493 1235 5548 nostro
1250 5505 1284 5550 ac

536 5578 658 5640 eisdem
673 5576 911 5640 successoribus
927 5593 985 5655 pro
1001 5594 1094 5656 posse
1109 5595 1284 5658 persequar

536 5677 568 5732 61
588 5671 795 5749 impugnabo.
824 5669 961 5734 Vocatus
983 5673 1020 5734 ad
1042 5673 1213 5750 synodum,
1231 5691 1285 5737 ve-

536 5766 632 5837 niam,
644 5764 704 5826 nisi
716 5765 920 5844 praepeditus
934 5764 1026 5828 luero
1039 5767 1187 5830 canonica
1196 5785 1282 5846 prae·

536 5858 710 5936 peditioue.
745 5857 974 5936 Apostolorum
1006 5859 1116 5922 limina
1148 5860 1284 5938 singulis

537 5951 766 6030 quinquenniis
776 5952 988 6030 personaliter
1001 5959 1033 6014 et
1044 5969 1102 6032 per
1114 5969 1166 6016 me
1178 5956 1284 6033 ipsum

1046 576 1110 620 run.
1135 575 1226 621 6666.
1251 577 1291 622 66
1314 579 1344 622 n.
1368 577 1398 623 r.
1422 577 1506 622 onas
1527 563 1549 621 ι’.

1331 694 1466 757 visitabo
1489 700 1521 756 et
1542 693 1678 756 Domino
1701 699 1812 756 nostro
1828 689 2096 755 successoribus-

1331 805 1394 867 que
1403 787 1551 867 praeiatis
1563 789 1722 850 rationem
1735 788 1867 850 reddam
1880 787 1918 848 de
1929 791 2003 848 loto
2016 799 2096 845 meo

1331 882 1481 962 pastorali
1503 883 1606 944 ollrcio
1628 883 1733 959 deque
1756 881 1853 944 rebus
1877 879 2038 943 omnibus
2055 878 2095 940 ad

1333 977 1805 1054 patriarchalisecclesiaemeae
1817 975 2001 1048 statum‚ad
2012 973 2096 1035 cleri

1332 1076 1364 1132 et
1385 1069 1492 1149 populi
1517 1069 1727 1147 disciplinam,
1749 1069 1929 1131 animarum
1955 1066 2095 1129 tandem

1332 1179 1413 1242 quae
1425 1179 1516 1226 meae
1525 1164 1599 1226 fidei
1609 1164 1748 1227 creditae
1760 1170 1845 1236 sunt,
1855 1163 1998 1224 salutem
2011 1175 2096 1238 quo-

1331 1273 1396 1336 quo
1411 1258 1508 1320 modo
1524 1257 1772 1335 pertinentibus,
1790 1263 1821 1318 et
1836 1256 1979 1318 vicissim
2001 1270 2096 1316 man-

1332 1352 1401 1414 data
1413 1351 1584 1431 apostolica
1595 1351 1734 1429 praelata
1749 1351 1917 1413 humiliter
1929 1349 2096 1428 recipiam

1332 1453 1364 1508 et
1376 1461 1472 1522 quam
1485 1445 1729 1522 diligentissime
1742 1461 1895 1522 exequar.
1906 1443 1999 1518 Quod
2010 1443 2038 1504 si
2052 1442 2097 1504 le

1332 1539 1445 1618 gitimo
1456 1538 1689 1616 impedimento
1708 1539 1858 1602 detentus
1874 1537 1981 1609 luero,
1998 1552 2097 1614 prae-

1332 1632 1392 1695 lata
1422 1633 1528 1694 omnia
1554 1632 1737 1711 adimplebo
1766 1648 1824 1711 per
1847 1639 1973 1694 certum
1999 1629 2096 1692 Nun-

1332 1727 1417 1788 cium
1432 1727 1470 1788 ad
1483 1725 1543 1787 hoc
1554 1726 1691 1805 speciale
1707 1727 1892 1788 mandatum
1908 1725 2095 1788 habentem

1332 1821 1371 1884 de
1394 1821 1520 1898 gremio
1542 1819 1619 1882 cleri
1642 1821 1705 1882 mei
1727 1827 1782 1882 aut
1803 1819 1901 1882 alium
1923 1820 1957 1882 in
1980 1818 2096 1896 digni-

1332 1920 1396 1977 tate
1429 1913 1639 1976 ecclesiastica
1671 1914 1882 1976 constitutum
1915 1930 1973 1976 seu
2013 1913 2095 1974 alias

1333 2014 1540 2086 personatum
1562 2007 1735 2069 habentem
1759 2013 1822 2076 aut,
1840 2006 1889 2068 his
1906 2005 1985 2068 mihi
2012 2005 2095 2068 deli-

1332 2102 1500 2174 cientibus,
1511 2117 1568 2180 per
1581 2101 1803 2164 dioecesanum
1817 2101 2034 2172 sacerdotem,
2047 2107 2092 2173 et,

1334 2197 1419 2258 clero
1433 2195 1601 2258 deficiente
1615 2195 1757 2266 omnino,
1771 2195 1975 2274 peraliquem
1986 2193 2094 2256 alium

1334 2289 1561 2368 presbyterum
1597 2288 1777 2350 secularem
1811 2288 1864 2350 rel
1897 2288 2093 2365 regularem

1333 2389 1490 2462 spectatae
1508 2383 1673 2461 probitatis
1690 2390 1721 2443 et
1733 2381 1912 2459 religionis,
1923 2383 1963 2444 de
1975 2398 2094 2460 supra-

1334 2477 1424 2540 dictis
1448 2476 1598 2538 omnibus
1620 2476 1715 2556 plene
1734 2477 1940 2538 instructum.
1965 2477 2094 2538 116166-

1333 2571 1472 2633 iusmodi
1495 2577 1602 2632 autem
1625 2571 1858 2648 impedimento
1882 2571 2007 2633 docebo
2032 2587 2094 2648 per

1334 2665 1495 2741 legitimas
1517 2663 1721 2742 probationes
1743 2665 1781 2726 ad
1804 2663 1836 2726 S.
1857 2663 1892 2726 R.
1918 2664 1953 2726 E.
1977 2664 2094 2726 Cardi-

1335 2759 1441 2820 nalem
1463 2763 1699 2836 proponentem
1714 2758 1748 2820 16
1763 2756 2027 2836 congregatione
2043 2775 2093 2820 sa—

1335 2850 1840 2914 66666666110666111116161661161
1863 2865 1920 2928 per
1943 2851 2094 2930 supradi-

1335 2951 1422 3007 ctum
1445 2943 1604 3006 Nuncium
1621 2943 1893 3006 transmittendas.
1911 2943 2093 3006 Possessio-

1336 3054 1393 3099 nos
1419 3051 1498 3098 vero
1520 3037 1558 3098 ad
1587 3051 1731 3097 mensam
1763 3035 1826 3096 mei
1855 3035 2093 3114 patriarchatus

1336 3133 1534 3209 pertinentes
1563 3147 1628 3192 non
1659 3131 1797 3192 vendam
1826 3145 1934 3208 neque
1961 3131 2093 3193 donabo

1337 3240 1443 3302 neque
1465 3223 1689 3303 impignorabo
1705 3239 1812 3300 neque
1828 3224 1867 3285 de
1882 3239 1968 3286 novo
1983 3224 2092 3286 inleu-

1337 3319 1416 3382 dabo
1433 3319 1485 3380 vel
1500 3318 1606 3394 aliquo
1629 3318 1725 3380 modo
1740 3318 1885 3380 alienabo
1901 3319 1996 3380 etiam
2014 3335 2092 3380 cum

1337 3427 1496 3474 consensu
1512 3411 1590 3476 cleri
1602 3411 1820 3490 patriarchalis
1833 3413 1986 3474 ecclesiae
1996 3429 2093 3475 meae

1336 3505 1520 3570 inconsulto
1546 3505 1688 3568 Romano
1717 3505 1881 3568 Pontilice
1912 3506 1952 3570 Et
1973 3509 2095 3569 consti-

1339 3601 1497 3663 tutionem
1519 3614 1616 3677 super
1642 3599 1860 3677 prohibitione
1881 3599 2095 3662 investitura-

1324 3711 1412 3756 ·rum
1433 3695 1595 3756 bonorum
1617 3693 1920 3756 iurisdictionalium
1943 3695 1983 3758 de
2004 3709 2094 3757 anno

1337 3787 1465 3849 Domini
1488 3785 1661 3848 millesimo
1676 3786 1914 3848 sexcentesimo
1928 3788 2093 3864 vigesimo

1338 3882 1451 3960 quinto
1475 3881 1592 3944 editam
1615 3881 1762 3948 servabo.
1784 3881 1863 3943 etsi
1885 3883 1921 3944 ad
1949 3883 2094 3960 aliquam

1338 3977 1566 4039 alienationem
1578 3977 1754 4048 devenero,
1770 3992 1888 4054 poenas
1903 3976 1937 4039 in
1952 3979 2093 4054 quadam

1338 4087 1436 4149 super
1465 4071 1526 4132 hoc
1553 4071 1637 4132 edita
1665 4069 1895 4134 constitutione
1923 4077 2094 4134 contentas

1339 4183 1377 4228 eo
1399 4166 1468 4246 ipso
1489 4165 1658 4226 incurrere
1680 4164 1765 4226 volo.
1791 4163 1842 4228 Sic
1865 4181 1917 4227 me
1931 4165 2016 4227 Deus
2040 4167 2093 4228 ad-

1338 4261 1429 4322 iuvet
1451 4267 1482 4322 et
1504 4259 1581 4320 haec
1604 4257 1715 4320 Sancta
1736 4258 1793 4320 Dei
1815 4259 2029 4337 Evangelia.-

1379 4354 1493 4415 Datum
1509 4351 1639 4424 Romae,
1654 4351 1736 4430 apud
1750 4351 1780 4413 S.
1796 4352 1927 4414 Petrum
1943 4369 2027 4416 anno
2044 4355 2094 4417 ln-

1340 4446 1531 4510 carnationis
1551 4445 1728 4508 dominicae
1747 4463 1961 4522 uocassent,
1979 4455 2093 4512 octauo

1340 4541 1403 4603 kal.
1425 4540 1589 4612 lebruarii,
1611 4540 1812 4618 pontificatus
1832 4543 1932 4604 nostri
1949 4559 1998 4604 an.
2018 4559 2091 4606 rur.

1627 4781 1804 4846 ccxxvii.

1340 4919 1481 4982 Pettium
1504 4919 1646 4980 concedit
1668 4918 1819 4982 Michaeli
1840 4919 2092 4983 θεν-616616666-

1379 5013 1456 5075 riou
1478 5012 1513 5074 iu
1535 5011 1765 5076 Petriurobam
1791 5013 1922 5076 Ciliciae
1943 5014 2049 5076 electo.

1341 5197 1415 5264 llen.
1428 5198 1515 5264 tratri
1530 5197 1668 5264 michaeli
1683 5198 1985 5268 Der-hednazadrian
2000 5219 2092 5284 nuper

1368 5291 1458 5358 dach.
1476 5291 1632 5358 cesareae
1653 5293 1680 5358 16
1699 5291 1782 5358 Patr.
1801 5293 1925 5360 ciliciae
1943 5294 2064 5360 humen.

1514 5437 1736 5506 caecemus
1758 5441 1819 5506 ΡΡ.
1844 5439 1917 5507 llll.

1530 5591 1639 5642 seruus
1662 5593 1817 5642 seruorum
1840 5577 1903 5656 bei,

1376 5671 1504 5738 salutem
1528 5677 1559 5738 el
1581 5671 1779 5754 apostolicam
1807 5672 2060 5741 benedictionem.

1381 5861 1463 5925 Cum
1486 5877 1543 5925 nos
1561 5863 1753 5926 electionem
1769 5880 1826 5925 seu
1845 5865 2091 5942 postulationem

1342 5957 1381 6018 de
1397 5956 1444 6017 tui
1459 5971 1596 6034 persona
1611 5957 1649 6019 ad
1661 5957 1907 6035 patriarchalem
1923 5959 2089 6022 ecclesiam

2127 553 2179 606 An.
2194 559 2221 608 C.
2243 563 2298 615 1813
