4828 6974
65 620 105 664 ln.
117 613 145 660 d.
168 606 242 660 1834
880 621 1055 668 obscenius
1076 623 1128 668 1³1³.
1151 621 1216 670 xv1.

276 745 332 806 lica
354 740 437 804 Sede
458 747 611 802 statutum
635 740 748 812 luerit,
779 739 965 802 subiicimus
988 747 1020 803 et

275 837 307 898 in
327 835 560 912 suffraganeam
583 833 792 910 assignamus.

65 937 254 1000 1661661666-
313 931 332 1004 5
356 927 403 990 l3.
427 927 601 990 Praelatam
624 934 731 989 autem
747 926 932 990 universam
948 943 1019 1006 pro-

54 1007 88 1038 111
100 993 228 1036 ⁶¹⁰²⁶⁶'¹³'
276 1021 411 1084 vinciam
438 1020 542 1082 Sancti
571 1019 696 1083 loannis
719 1020 757 1082 do
779 1019 880 1098 Cuyo,
904 1020 1019 1099 inqua

275 1123 339 1178 tres
361 1115 571 1194 reperiuntur
592 1113 758 1176 distinctae
781 1114 918 1176 ditiones
934 1115 1020 1178 inter

274 1227 307 1272 se
329 1209 521 1277 foederatae.
546 1223 683 1286 quarum
709 1223 772 1270 una
795 1209 1019 1287 complectitur

275 1303 473 1366 territorium
503 1301 607 1364 Sancti
633 1301 775 1374 loannis,
805 1303 904 1364 altera
927 1305 1019 1366 terri·

275 1397 394 1459 torinna
423 1395 607 1468 hlendozae,
631 1412 665 1458 ac
687 1397 777 1457 tertia
806 1395 887 1458 illud
914 1396 1020 1460 Sancti

273 1489 382 1552 hloisii
396 1489 625 1551 aCordubensi
641 1488 790 1562 dioecesi,
804 1497 841 1551 ut
852 1506 957 1569 supra,
971 1507 1019 1553 se-

273 1583 414 1645 iunctam
437 1589 469 1646 et
482 1581 637 1655 avulsam,
655 1582 760 1644 eidem
776 1583 928 1645 ecclesiae
944 1582 1019 1646 San-

273 1676 315 1738 cti
336 1676 461 1738 loannis
482 1675 521 1738 de
542 1675 632 1754 Cuyo
656 1691 714 1754 pro
730 1693 789 1738 suo
805 1677 969 1740 territorio
984 1695 1019 1740 ac

273 1770 411 1832 dioecesi
433 1769 638 1832 attribuimus
661 1777 692 1832 61
707 1769 917 1848 assignamus,
936 1789 1018 1834 eam-

274 1865 413 1940 demque
449 1863 646 1942 provinciam
683 1862 787 1926 Sancti
823 1863 947 1927 loannis
980 1867 1019 1929 de

272 1957 379 2036 Cuyo,
410 1956 498 2019 acin
521 1973 556 2018 aa
585 1957 760 2020 existentes
790 1965 822 2020 et
851 1959 1019 2022 existentia

272 2051 444 2129 paroecias,
468 2050 663 2127 collegiatas,
683 2049 709 2111 si
731 2059 913 2128 quaesunt,
930 2052 1019 2114 alias-

272 2159 336 2220 que
362 2143 511 2206 ecclesias
539 2157 776 2221 quascumque,
807 2146 1017 2220 monasteria,

272 2243 451 2298 conventus
473 2241 506 2298 et
526 2236 632 2298 omnia
660 2237 728 2298 6116
756 2238 929 2301 saecularia
950 2239 1018 2301 sive

271 2329 463 2406 quorumvis
486 2331 636 2392 ordinum
665 2331 826 2408 regularia
848 2349 921 2394 cum
944 2349 1019 2395 cura

272 2424 395 2486 616166
417 2439 492 2486 cura
513 2423 668 2486 beneficia
690 2425 916 2499 ecclesiastica,
940 2427 1017 2490 item

272 2518 444 2594 utriusque
464 2533 561 2580 661116
584 2533 735 2596 personas
759 2525 791 2580 61
810 2517 929 2582 1666116
950 2527 1018 2584 1161

273 2611 369 2674 laicos
390 2627 485 2688 quam
514 2611 665 2684 clericos,
693 2628 758 2673 non
780 2619 888 2676 tamen
910 2629 1018 2676 exem-

274 2712 355 2784 ptos,
369 2704 601 2782 cuiuscumque
618 2706 746 2782 gradus,
762 2705 883 2767 ordinis
899 2713 931 2768 et
945 2723 1018 2768 con-

272 2798 412 2871 ditionis,
430 2798 608 2861 ordinariae
630 2798 842 2862 iurisdictioni
865 2800 1018 2878 regimini

273 2900 306 2956 et
326 2892 474 2971 potestati
502 2891 665 2954 1111611116
694 2909 752 2971 pro
781 2895 1018 2972 1661616611-

272 2987 385 3050 6166116
411 2986 558 3065 Episcopi
587 2985 692 3049 Sancti
720 2987 844 3050 loannis
867 2989 907 3050 de
928 2988 1019 3068 Cuyo

273 3081 393 3160 pariter
404 3085 562 3158 perpetuo
576 3079 797 3143 submittimus
812 3089 907 3159 atque
922 3083 1018 3144 subii-

273 3173 386 3236 cimns.
410 3173 490 3235 llinc
518 3173 731 3253 praecipimus
751 3191 786 3236 ac
813 3177 1016 3252 mandamus,

272 3274 311 3330 ut
332 3267 437 3330 omnia
453 3273 486 3329 et
499 3267 626 3344 singula
641 3268 867 3344 instrumenta,
884 3271 1018 3349 scriptu·

274 3378 329 3424 rae
357 3369 390 3424 et
415 3361 474 3423 alia
496 3361 636 3424 cuiusvis
659 3364 788 3440 generis
815 3365 1016 3438 documenta,

274 3453 403 3532 siquae
427 3461 504 3518 sunt
531 3456 569 3519 ad
597 3456 791 3534 praedictam
821 3457 1018 3535 provinciam

275 3547 378 3610 Sancti
400 3549 525 3612 loannis
545 3550 585 3612 de
599 3550 690 3630 Cuyo
706 3552 820 3628 quovis
836 3553 932 3614 modo
948 3569 1019 3631 per-

275 3641 418 3714 tinentia,
442 3650 475 3706 et
495 3643 533 3706 ad
554 3643 641 3705 illius
662 3643 792 3718 incolae,
816 3645 965 3708 ecclesias
988 3653 1019 3708 et

275 3735 428 3798 beneficia
443 3737 686 3814 quomodolibet
701 3741 884 3817 spectantia,
902 3741 939 3801 ab
955 3741 1019 3820 epi-

274 3830 391 3908 scopali
412 3829 612 3892 Cordubensi
634 3832 721 3894 curia
742 3833 963 3906 extrahantur,
988 3841 1020 3896 et

275 3923 480 3986 cancellariae
495 3924 570 3986 novi
586 3925 784 4004 episcopatus
798 3927 966 4006 Cupensis,
984 3933 1019 3990 ut

275 4032 372 4095 supra
393 4017 503 4090 erecti,
526 4017 629 4079 libere
651 4017 826 4082 tradantur.

77 4119 173 4180 potatio,
184 4119 255 4166 senis
316 4113 335 4187 g
357 4111 403 4172 ll.
422 4109 578 4173 Similiter
593 4127 651 4190 pro
667 4111 793 4175 decenti
809 4121 841 4176 et
852 4115 1019 4177 commoda

56 4171 197 4227 ⁹⁹¹⁵⁰⁰”²'¹⁵'
276 4205 377 4268 luturi
399 4203 558 4266 hntistitis
581 4204 715 4282 eiusque
736 4205 769 4266 in
792 4206 932 4286 Cuyensi
955 4209 1019 4288 epi-

275 4305 404 4378 scopata
432 4313 655 4360 successorum
677 4307 710 4361 et
730 4301 837 4363 curiae
860 4302 1019 4382 episcopa-

277 4393 314 4454 lis
336 4390 530 4454 habitatione
552 4391 646 4454 aedes
667 4392 820 4456 ecclesiae
846 4395 1019 4458 cathedrali

276 4486 469 4566 propinquas
498 4493 655 4564 perpetuo
684 4487 883 4563 assignamus
911 4496 943 4552 et
967 4491 1019 4552 ad-

274 4580 454 4652 scribimus,
478 4595 559 4656 quae
582 4586 689 4642 tamon
704 4581 730 4641 si
746 4581 852 4644 minus
868 4591 957 4662 aptae
972 4583 1019 4646 in-

275 4675 456 4745 veniantur,
480 4672 558 4736 aliae
580 4673 632 4736 161
655 4689 695 4736 ex
717 4681 807 4752 parte
828 4675 881 4736 vel
902 4677 935 4738 in
951 4681 1018 4738 toto

274 4767 537 4829 aedificabuntur.
551 4766 592 4829 Ut
604 4767 732 4830 iuturus
747 4775 855 4830 autem
868 4785 926 4848 pro
939 4777 1018 4832 tem-

275 4877 352 4940 pore
374 4859 515 4922 existens
530 4859 686 4938 Cuyensis
702 4860 877 4940 Episcopus
894 4863 1018 4941 pontill-

274 4953 374 5015 calem
396 4968 486 5014 snam
509 4953 697 5030 dignitatem
726 4954 822 5028 tueri,
845 4971 880 5016 ac
900 4955 1018 5018 vicario

275 5046 418 5125 generali
433 5046 584 5108 61611116
600 5047 770 5126 episcopali
783 5049 955 5128 providere
966 5065 1018 5112 11-

274 5141 346 5212 1611,
371 5139 497 5201 tertiam
519 5145 643 5217 partem
672 5140 870 5203 decimarum
898 5141 1018 5205 ibidem

273 5235 539 5311 colligendarum,
564 5239 660 5312 prout
681 5251 750 5296 mos
773 5242 822 5296 est
839 5236 871 5297 in
887 5236 1019 5298 ecclesia

273 5328 484 5400 Cordubensi,
509 5345 640 5392 mensae
662 5329 832 5408 episcopali
853 5329 957 5393 Sancti
972 5331 1018 5393 lo·

273 5415 372 5484 16616Ι
385 5423 424 5484 de
445 5421 536 5500 Cnyo
558 5429 715 5501 perpetuo
740 5423 860 5501 pariter
882 5424 1019 5502 assigna-

273 5531 346 5578 mus
368 5522 400 5578 et
420 5515 636 5578 attribuimus.

23 5677 24 5682 ,
82 5627 253 5701 166161111-
313 5611 332 5684 5
355 5609 402 5670 lb.
419 5607 454 5670 ln
469 5617 646 5672 memorata
661 5615 769 5672 autem
782 5611 954 5689 parochiali
970 5629 1018 5674 66-

23 5705 24 5718 ³
59 5681 93 5774 1111
117 5680 252 5726 atinam-
271 5702 367 5764 clesia
390 5701 494 5764 Sancti
518 5702 643 5764 loannis
666 5703 705 5765 de
727 5702 817 5782 Cuyo
838 5703 893 5777 sic,
918 5705 1019 5767 61111-

272 5803 360 5858 ctum
383 5803 442 5868 est,
466 5797 503 5858 ad
525 5795 715 5858 cathedralis
732 5797 893 5860 honorem
909 5807 1019 5860 evecta

271 5889 471 5952 instituimus
489 5898 584 5968 atque
600 5889 755 5968 erigimus
772 5892 945 5970 capitulum
961 5909 1019 5954 un-

272 5983 377 6048 decim
399 5991 547 6048 constans
565 5985 800 6049 canonicalibus
816 5985 1017 6065 praebendis,

378 6132 431 6180 lor.
449 6133 518 6179 Pout.
534 6133 564 6180 de
579 6133 654 6194 Prop.
672 6132 732 6180 Fide
746 6133 827 6180 Partis
841 6136 860 6181 1.
876 6133 929 6178 vol.
944 6135 971 6180 v.

1077 740 1232 802 nimirum
1253 739 1354 801 trihus
1370 735 1589 814 dignitatibus,
1608 745 1746 810 quarum
1762 728 1824 808 pri-

1078 851 1128 896 ma
1147 835 1327 905 decanatus,
1345 848 1426 910 quae
1444 836 1514 910 post
1529 825 1745 907 pontificalem
1762 823 1824 887 erit

1077 927 1197 998 maior,
1222 933 1253 989 et
1282 925 1430 988 omnihus
1460 923 1601 1001 potietur
1624 917 1820 990 honoribus,

1077 1020 1255 1100 privilegiis
1285 1025 1317 1082 61
1345 1015 1606 1098 111661616661116
1635 1013 1663 1076 61
1686 1013 1726 1076 de
1751 1011 1822 1090 iure

1077 1113 1353 1194 competentibus,
1387 1111 1513 1191 ipsique
1545 1108 1607 1172 erit
1638 1107 1823 1170 adiunctum

1077 1227 1158 1272 onus
1180 1225 1276 1272 curae
1297 1208 1487 1278 animarum,
1512 1219 1593 1282 quae
1618 1201 1700 1264 sicut
1721 1199 1820 1280 prius,

1077 1309 1109 1365 et
1129 1301 1198 1365 sine
1220 1301 1285 1364 ulla
1306 1299 1512 1364 innovatione
1535 1295 1756 1370 exercebitur3
1773 1309 1821 1356 se-

1077 1397 1178 1459 cunda
1199 1394 1481 1466 archidiaconatus,
1506 1407 1541 1453 ac
1562 1390 1654 1453 tertia
1674 1387 1822 1466 magiste-

1077 1490 1165 1551 rium·
1176 1489 1303 1552 scholae
1322 1485 1578 1566 nuncupabitnr3
1596 1499 1735 1545 necnon
1751 1487 1823 1544 octo

1077 1583 1322 1653 canonicatibus,
1340 1577 1581 1658 comprehensis
1597 1574 1773 1652 theologali
1788 1591 1823 1636 ac

1077 1675 1320 1756 poenitentiaria
1341 1671 1543 1752 praebendis,
1567 1686 1648 1748 quae
1670 1669 1823 1730 11111161-

1077 1772 1205 1834 nonicas
1227 1767 1417 1839 sanctiones,
1435 1781 1469 1828 ac
1483 1763 1673 1844 praesertim
1689 1759 1824 1824 Concilii

1078 1863 1255 1927 Tridentini
1266 1865 1403 1932 decreta,
1414 1861 1447 1922 in
1460 1857 1603 1937 capitulis
1615 1856 1824 1920 ecclesiarum

1076 1956 1306 2021 cathedralium
1323 1961 1432 2016 611116
1448 1951 1584 2026 debent3
1601 1966 1636 2012 16
1651 1955 1822 2030 propterea

1077 2052 1182 2114 eidem
1205 2049 1356 2112 ecclesiae
1377 2052 1473 2109 erunt
1487 2043 1601 2106 addicti
1617 2059 1675 2122 pro
1690 2043 1822 2105 servitio

1077 2147 1166 2208 chori
1181 2161 1238 2206 seu
1254 2139 1469 2222 praebendati,
1489 2157 1546 2201 seu
1570 2137 1690 2206 vicarii,
1705 2137 1823 2216 aliique

1077 2239 1194 2303 clerici.
1218 2235 1408 2300 Huiusmodi
1427 2240 1534 2296 autem
1550 2232 1742 2309 dignitatum
1758 2247 1823 2294 non

1078 2335 1183 2395 161666
1206 2347 1301 2410 quam
1324 2329 1566 2393 canonicatuum
1583 2333 1616 2388 et
1630 2326 1822 2403 praebenda-

1077 2443 1149 2490 rum
1165 2426 1266 2489 inturi
1283 2441 1316 2486 ac
1332 2441 1389 2504 pro
1402 2430 1549 2502 tempore
1565 2421 1740 2483 existentes
1752 2436 1822 2499 pos·

1076 2537 1219 2584 sessores
1241 2519 1324 2597 apud
1354 2517 1497 2579 eamdem
1528 2513 1695 2578 ecclesiam
1718 2513 1822 2576 cathe-

1077 2613 1198 2676 dralem
1222 2611 1326 2674 Sancti
1352 2610 1477 2672 loannis
1500 2609 1539 2670 de
1560 2607 1650 2685 0116
1673 2622 1822 2684 persona-

1076 2708 1151 2770 liter
1172 2707 1327 2777 residere,
1352 2721 1385 2767 ac
1407 2703 1440 2765 in
1460 2718 1496 2764 ea
1511 2701 1617 2763 divina
1632 2715 1761 2778 quoque
1777 2699 1822 2761 ol-

1076 2802 1145 2863 srcia
1166 2808 1353 2877 ceterasque
1386 2794 1611 2860 ecclesiasticas
1640 2792 1822 2855 functiones

1076 2895 1251 2968 celebrare,
1276 2893 1436 2970 horasque
1459 2889 1623 2952 canonicas
1646 2903 1719 2949 cum
1736 2886 1822 2949 diur-

1077 3007 1131 3054 nas
1155 2996 1223 3051 tum
1246 2993 1417 3049 nocturnas
1440 2985 1620 3054 decantare,
1637 2981 1772 3043 recitare
1791 2984 1824 3041 et

1077 3083 1231 3164 psallere,
1261 3081 1456 3156 missamque
1488 3074 1736 3139 conventualem
1764 3087 1822 3152 pro

1076 3176 1334 3242 benefactoribus
1357 3173 1389 3236 in
1419 3188 1540 3251 genere
1568 3169 1711 3248 quotidie
1740 3168 1822 3231 cele-

1076 3273 1188 3342 brare,
1219 3287 1253 3332 ac
1280 3270 1385 3332 eidem
1414 3265 1585 3329 cathedrali
1615 3263 1767 3326 ecclesiae
1789 3261 1822 3326 in

1077 3366 1226 3429 omnibus
1249 3361 1450 3426 laudabiliter
1472 3357 1649 3430 deservire,
1671 3357 1823 3434 illiusque

1076 3467 1191 3522 statuta
1209 3459 1242 3521 16
1258 3463 1424 3538 1166161661
1441 3453 1564 3517 edenda
1579 3451 1752 3529 diligenter
1769 3449 1822 3512 ob-

1076 3569 1207 3616 servare
1228 3557 1411 3615 teneantur.

1116 3650 1134 3724 ἓ
1158 3646 1205 3708 ld.
1229 3645 1374 3724 Capitulo
1393 3650 1500 3706 autem
1516 3655 1618 3704 novae
1634 3639 1822 3702 cathedralis
1872 3649 2054 3714 1161166111-

1077 3739 1229 3804 ecclesiae
1252 3737 1356 3801 Sancti
1378 3736 1503 3800 loannis
1518 3735 1563 3797 sic
1578 3741 1687 3796 erecto
1703 3738 1822 3796 61666-
1842 3704 1899 3750 ‘¹¹¹¹'

1077 3835 1189 3897 stituto
1204 3833 1403 3910 assignamus
1418 3847 1452 3892 ac
1467 3829 1640 3892 tribuimus
1656 3827 1823 3890 1111111116·

1077 3943 1147 3988 rem
1169 3925 1328 3990 Ecclesiae
1356 3922 1574 3986 Cordubensis
1605 3921 1731 3984 tertiam
1754 3935 1823 3998 par-

1079 4029 1143 4084 tem
1165 4020 1379 4100 praelatarum
1401 4019 1610 4089 decimarum,
1628 4032 1709 4094 quae
1725 4021 1823 4078 1166-

1078 4115 1188 4194 quitur
1209 4113 1379 4176 dividenda
1402 4111 1473 4184 erit,
1498 4127 1616 4189 nempe
1642 4109 1823 4190 praebenda

1078 4211 1176 4272 trium
1198 4207 1390 4286 dignitatum
1412 4207 1627 4269 constituetur
1648 4205 1681 4267 in
1697 4220 1823 4266 summa

1077 4311 1272 4367 scutatorum
1296 4307 1434 4379 quatuor
1456 4306 1586 4362 centum
1608 4315 1666 4378 pro
1682 4297 1824 4376 qualibet

1077 4413 1204 4471 earum3
1229 4395 1409 4474 praebenda
1432 4393 1602 4456 cuiuslibet
1624 4409 1663 4456 61
1686 4399 1823 4471 quatuor

1077 4490 1258 4554 senioribus
1280 4487 1515 4551 canonicatibus
1533 4487 1567 4548 in
1581 4503 1707 4549 summa
1722 4493 1822 4548 scuta-

1076 4591 1185 4646 torum
1207 4589 1389 4645 tercentum
1412 4589 1444 4644 et
1465 4581 1713 4658 quinquaginta3
1734 4596 1822 4659 prae·

1076 4677 1179 4740 henda
1201 4677 1403 4753 reliquorum
1425 4681 1562 4754 quatuor
1580 4675 1823 4736 canonicatuum

1076 4771 1108 4832 in
1124 4786 1250 4832 summa
1264 4776 1462 4832 scutatorum
1477 4767 1658 4832 tercentum
1674 4785 1733 4847 pro
1745 4783 1823 4846 quo-

1076 4863 1155 4926 libet
1175 4879 1301 4926 eorum.
1325 4863 1423 4924 Primi
1445 4869 1510 4925 tres
1529 4863 1747 4942 praebendati,
1765 4879 1823 4924 seu

1076 4957 1196 5030 vicarii,
1228 4966 1263 5020 ut
1284 4966 1409 5030 vocant,
1438 4957 1636 5036 portionarii,
1660 4957 1824 5020 habebunt

1076 5052 1196 5129 singuli
1210 5059 1330 5115 scutata
1345 5053 1480 5115 ducenta
1496 5057 1528 5115 et
1538 5051 1653 5130 viginti
1666 5053 1821 5130 quinque,

1077 5146 1193 5208 caeteri
1210 5154 1275 5208 tres
1288 5145 1493 5224 praebendati
1508 5161 1565 5207 seu
1581 5145 1701 5217 vicarii,
1719 5152 1755 5207 ut
1768 5161 1824 5206 vo·

1077 5245 1157 5312 cant,
1189 5238 1479 5318 semi-portionarii
1508 5239 1674 5301 habebunt
1703 5239 1823 5316 singuli

1077 5339 1195 5395 scutata
1218 5333 1363 5394 ducenta.
1387 5331 1476 5407 Quod
1498 5333 1524 5394 si
1539 5333 1683 5395 redditus
1699 5351 1715 5396 a
1731 5332 1824 5395 tertia

1077 5431 1166 5503 parte
1188 5425 1386 5487 decimarum
1415 5425 1643 5503 provenientes
1670 5427 1823 5488 6666111-

967 5564 979 5586 ,
1077 5519 1161 5580 61661
1176 5533 1336 5580 summam
1353 5519 1484 5581 cuilibet
1499 5515 1710 5598 praebendae,
1724 5526 1760 5581 ut
1772 5536 1823 5582 su-

1077 5629 1142 5691 pra,
1167 5612 1362 5682 attributam,
1380 5612 1506 5675 collatio
1521 5611 1653 5676 alicuius
1669 5614 1823 5693 praeben-

1077 5707 1134 5768 dae
1156 5721 1310 5783 suspensa
1331 5705 1528 5778 remanebit,
1541 5719 1543 5724 ·
1556 5707 1658 5769 donec
1679 5707 1823 5770 redditus

1077 5800 1189 5863 tertiae
1212 5799 1308 5878 partis
1331 5799 1528 5862 deeimarum
1548 5801 1586 5863 ad
1601 5801 1823 5879 praestitutam

1077 5893 1250 5972 poecuniae
1273 5894 1338 5954 vim
1361 5892 1580 5972 pervenerint.
1605 5894 1753 5958 Fabricae
1769 5911 1823 5958 au-

1078 5993 1142 6050 tem
1163 6003 1198 6049 ac
1219 5987 1355 6050 sacrario
1374 5987 1552 6068 praedictae
1568 5989 1757 6052 cathedralis
1773 6005 1821 6052 ec-

1690 6139 1716 6180 15

1748 593 1805 658 lle
1855 589 2046 644 1661664
