4828 6974
911 619 1086 667 subauratus
1106 619 1157 664 ΡΡ.
1181 619 1247 664 uvi.

307 746 357 808 die
376 751 467 809 sexto
480 744 552 806 idus
568 743 636 804 iulii
651 741 724 804 anni
741 739 904 802 millesimi
920 753 1050 800 sexcen-

308 837 411 900 tesimi
432 836 581 914 vigesimi
603 836 696 905 sexti,
720 833 853 912 aliisque
872 831 1050 911 apostolicis

307 947 340 992 ae
361 931 394 992 in
419 929 655 992 unIversalibus
683 925 998 1006 provincialibusque
1020 931 1051 986 et

307 1024 513 1102 synodalibus
540 1021 682 1082 conciliis
710 1020 803 1081 editis
833 1018 1048 1094 generalibus,

308 1117 358 1178 vel
390 1115 579 1194 specialilius
611 1112 892 1174 constitutionibus
915 1119 946 1172 et
969 1110 1050 1172 ordi-

308 1211 498 1282 nationibus,
522 1207 720 1284 caeterisque
739 1205 905 1269 contrariis
921 1205 1050 1282 quibus-

307 1321 453 1381 cumque.

346 1399 458 1460 Datum
481 1398 598 1459 Itomae
621 1395 702 1473 apud
725 1393 756 1456 S.
774 1393 903 1454 Petrum
924 1392 982 1452 sub
998 1409 1051 1453 atu-

308 1491 383 1551 nulo
406 1489 570 1551 Piscatoris
589 1487 640 1550 die
657 1505 686 1548 x.
705 1485 812 1564 aprilis
827 1501 1048 1554 uocccxxsv„

308 1583 506 1660 pontilicatus
529 1581 630 1643 nostri
652 1596 735 1640 anno
759 1595 787 1638 v.

568 1777 793 1788 ...-.—-=

613 1953 747 2014 txxxt.

309 2141 478 2219 Iirtcpctt'co
493 2140 534 2202 ud
547 2138 824 2219 ‚trattaptscopmo
841 2138 1051 2200 Ilqttt'morcrt-
1080 2090 1081 2133 ¹

345 2251 407 2294 seru
430 2239 458 2293 et
482 2232 650 2312 Episcopus
672 2232 739 2292 cius
760 2231 993 2310 sttffruportcos,
1015 2231 1051 2292 dc

344 2325 456 2402 spondi
476 2324 634 2386 securtduc
660 2323 902 2386 Bultirrtorcnsia
921 2325 1051 2404 prociar-

346 2418 438 2481 cr'utis
458 2416 677 2481 celebratione.

305 2604 533 2671 venerabilibus
568 2605 714 2671 iratribus
752 2604 860 2670 leoobo
897 2603 1051 2686 drobiepi-

346 2716 440 2803 eoapo
473 2697 699 2778 Baltimoreosi‚
733 2703 766 2764 et
798 2699 863 2765 eius
895 2697 1050 2780 suflraga-

348 2807 428 2870 nera,

477 2976 695 3045 sesebutus
719 2977 778 3044 ΡΡ.
804 2975 875 3043 XVI.

506 3165 704 3232 Venerabiles
726 3165 851 3244 tratres,

339 3259 467 3326 salutem
490 3265 521 3326 el
543 3259 742 3341 apostoticam
765 3258 1016 3325 benedictionem.

347 3448 486 3510 Perlatae
519 3449 641 3510 dudum
673 3449 711 3511 ad
743 3465 799 3510 nos
828 3448 960 3510 luerunt
988 3447 1052 3526 epi-

306 3543 405 3604 stolae
437 3548 579 3613 vestrae,
613 3557 676 3603 una
708 3558 781 3603 cum
813 3542 949 3604 decretis
979 3558 1052 3603 con-

306 3635 369 3697 cilii
401 3635 604 3713 provincialis
637 3635 785 3713 proximo
812 3651 895 3697 anno
923 3634 1051 3696 euobis

307 3728 473 3798 celebrati,
508 3742 589 3804 quae
617 3727 795 3790 auctoritati
823 3735 950 3790 nostrae
979 3745 1051 3807 apo-

306 3820 434 3882 stolicae
456 3820 757 3898 obsequenbssimo,
775 3826 810 3882 ut
825 3836 881 3898 par
896 3827 973 3893 erat,
987 3821 1052 3883 ani-

306 3929 360 3974 mo
380 3913 570 3975 subiecistis.
596 3913 677 3975 Ilaec
709 3913 814 3975 omnia
837 3929 974 3992 expensa
997 3931 1052 3976 no-

306 4007 354 4069 bis
375 4007 560 4068 iubentibus
583 4012 689 4068 sunta
704 4014 812 4068 nostra
828 4007 1052 4085 Propagandae

306 4099 393 4161 Fidei
414 4099 689 4176 congregatione,
724 4115 804 4176 quae
834 4106 1051 4177 opportunum

306 4192 397 4254 vobis
419 4192 504 4255 dabit
526 4193 606 4254 circa
621 4192 675 4255 illa
691 4209 894 4271 responsum.
913 4192 1051 4270 Accipie-

307 4287 347 4347 tis
374 4285 471 4348 simul
500 4286 685 4365 apostolicas
717 4292 842 4348 nostras
871 4287 978 4348 literas
1000 4302 1052 4347 su-

308 4395 365 4459 per
385 4379 550 4441 nonnullis
572 4395 697 4452 eorum,
722 4393 802 4456 quae
824 4378 976 4441 statuistis
995 4394 1051 4440 seu

306 4473 500 4552 postulastis.
524 4471 646 4533 Verum
668 4477 700 4534 et
720 4472 882 4534 voluimus
904 4478 1052 4534 nostrum

307 4582 383 4642 erga
393 4579 451 4626 vos
466 4563 737 4626 studiosissimum
750 4565 893 4627 animum
905 4565 963 4628 hac
975 4566 1052 4628 item

307 4658 438 4737 epistola
454 4657 626 4719 declarare.
642 4655 807 4734 Siquidem
822 4674 861 4720 ex
877 4665 1052 4720 memorata

306 4751 441 4828 synodo,
464 4757 559 4828 atque
581 4767 620 4812 err
642 4749 691 4822 iis,
709 4765 790 4827 quae
805 4752 843 4813 ad
858 4769 915 4814 nos
931 4753 988 4814 hac
1003 4769 1052 4814 oc-

307 4844 433 4906 casIone
447 4844 628 4920 scripsistis,
642 4843 778 4905 mirifice
794 4845 977 4906 confirmata
991 4852 1050 4918 est,

307 4953 388 5014 quae
410 4939 448 5000 de
469 4943 579 4998 vestro
608 4953 665 5014 pro
688 4936 745 4998 Dei
773 4936 908 5006 honore,
935 4939 1052 5000 anima-

307 5045 446 5108 rumque
466 5029 569 5091 salute
590 5030 822 5108 spectatissimo
844 5031 914 5092 zelo
936 5039 968 5093 et
990 5033 1052 5093 sin-

307 5124 412 5203 gulari
433 5139 509 5200 erga
525 5139 731 5186 communem
748 5125 893 5187 omnium
909 5127 1053 5189 ecclesia-

306 5233 381 5280 rum
403 5222 540 5278 matrem
562 5233 596 5278 ac
610 5219 795 5293 magistram
810 5217 984 5282 Romanam
999 5219 1053 5282 Se·

308 5312 381 5372 dem
414 5309 569 5387 obseqqu
602 5309 693 5372 nobis
725 5311 844 5373 iamdiu
873 5313 965 5374 insita
986 5319 1054 5375 erat

308 5404 516 5476 existimatio,
541 5419 645 5480 eoque
666 5403 734 5482 ipso
763 5411 885 5467 auctam
907 5406 939 5468 in
961 5406 1053 5469 nobis

308 5497 467 5558 sensimus
490 5497 652 5558 caritatem
674 5496 773 5569 illam,
797 5513 858 5574 qua
876 5499 1053 5561 fraternita-

308 5595 356 5650 tes
376 5596 500 5652 vestras
523 5591 623 5652 etluse
642 5589 675 5650 in
690 5589 826 5652 Domino
842 5593 1053 5670 prosequeba-

308 5699 393 5744 mur.
417 5684 544 5761 Pergite
565 5684 682 5762 itaque,
706 5691 742 5745 ut
760 5683 871 5758 lacltis,
888 5686 1053 5748 venerabi-

307 5776 355 5838 les
376 5775 509 5852 tratres3
533 5781 565 5838 et
585 5776 736 5853 quoniam
759 5776 919 5839 iustorum
941 5779 1054 5840 semita

308 5868 422 5931 crescit
442 5884 546 5946 usque
566 5869 604 5932 ad
626 5868 800 5947 perlectam
823 5870 918 5943 diem,
938 5877 1053 5947 urgete

307 5961 452 6024 alacriori
470 5961 614 6039 quotidie
629 5961 797 6024 sedulitate
811 5962 1055 6026 saluberrimam

414 6105 465 6153 lur.
483 6106 552 6153 Pout.
568 6105 599 6152 dc
614 6105 688 6166 Prop.
704 6105 767 6153 Fide
780 6105 861 6154 Partis
875 6108 893 6153 1.
909 6107 962 6155 Vol.
979 6109 1005 6154 v.

1109 736 1302 798 talentorum
1325 730 1585 809 negotiationem,
1603 740 1684 804 quae
1707 729 1756 786 est
1770 721 1809 784 de
1824 739 1853 782 a·

1109 830 1255 892 nimabus
1270 826 1397 889 cbristo
1417 821 1593 896 lucrandis;
1610 818 1740 896 vigilate
1756 832 1853 894 super

1109 921 1242 984 creditas
1271 920 1361 982 vobis
1390 916 1566 980 dominicae
1595 913 1707 974 vineae
1734 915 1850 988 partae,

1110 1015 1257 1094 plantate,
1281 1014 1382 1090 rigate
1404 1011 1436 1072 in
1458 1025 1514 1088 spe
1535 1025 1569 1069 ac
1591 1005 1755 1085 patiemim
1773 1001 1852 1065 nibil

1109 1108 1239 1185 quidem
1271 1105 1386 1168 vestris
1418 1102 1596 1166 tribuentes
1628 1098 1762 1168 viribus,
1797 1096 1853 1158 sed

1110 1202 1215 1263 omnia
1237 1201 1274 1263 ad
1302 1200 1370 1262 eius
1399 1197 1533 1275 gloriam
1566 1193 1762 1263 relerentes,
1797 1189 1852 1267 qui

1110 1300 1260 1374 operatur
1275 1293 1308 1356 in
1324 1291 1413 1354 vobis
1430 1297 1462 1353 ct
1474 1289 1560 1350 velle
1576 1294 1608 1348 et
1622 1287 1778 1366 perlicere
1794 1300 1853 1362 pro

1109 1390 1191 1452 bona
1219 1389 1395 1451 voluntate.
1426 1385 1469 1446 Ita
1492 1384 1530 1446 de
1552 1382 1657 1444 lructu
1687 1377 1852 1456 pastorabs

1110 1500 1203 1545 curae
1229 1483 1263 1544 in
1291 1480 1469 1542 multorum
1498 1476 1634 1538 salutem
1662 1471 1853 1550 amplificato

1110 1575 1297 1653 gaudebitis,
1314 1591 1349 1636 ac
1364 1589 1420 1652 per
1436 1573 1517 1634 bona
1532 1583 1627 1647 opera
1642 1572 1783 1627 vestram
1798 1579 1853 1626 vo-

1109 1669 1265 1732 callonem
1287 1675 1318 1730 et
1340 1667 1529 1730 electionem
1549 1661 1711 1732 facientes,
1729 1658 1853 1720 uberri-

1109 1780 1193 1826 mam
1216 1761 1372 1840 acripietis
1393 1762 1426 1822 in
1448 1756 1634 1820 aeternitate
1656 1754 1851 1816 mercedem.

1110 1857 1156 1919 ml
1175 1874 1232 1919 nos
1248 1857 1332 1933 quod
1348 1855 1469 1924 attinet,
1486 1865 1674 1931 persuasum
1690 1847 1851 1917 habetote,

1109 1949 1309 2012 venerabiles
1324 1948 1450 2018 iratres,
1467 1943 1687 2006 auctoritatem
1704 1947 1736 2002 et
1751 1940 1853 2002 studia

1080 2060 1081 2075 ¹
1110 2051 1217 2106 nostra
1239 2057 1414 2119 nunquam,
1438 2045 1592 2116 quantum
1621 2052 1695 2099 cum
1717 2035 1853 2097 Domino

1110 2138 1297 2217 poterimus,
1321 2153 1391 2197 esse
1419 2133 1510 2196 vobis
1538 2130 1697 2193 defutura.
1727 2127 1772 2191 Ac
1793 2128 1853 2189 lra-

1109 2232 1310 2294 ternitatibus
1331 2229 1447 2290 vestris
1470 2241 1586 2288 novam
1608 2239 1737 2302 semper
1752 2223 1853 2284 virtu-

1110 2333 1174 2387 tem
1197 2324 1321 2386 exalto
1344 2321 1562 2399 implorantes,
1586 2319 1703 2395 pignus
1725 2322 1853 2378 nostrae

1109 2419 1295 2500 praecipuae
1316 2412 1560 2478 benevolentiae
1581 2409 1784 2488 apostolicam
1800 2407 1852 2470 be-

1109 2513 1337 2582 nedictionem,
1360 2523 1433 2570 cum
1455 2505 1583 2570 creditis
1599 2503 1694 2565 etiam
1710 2502 1783 2564 fidei
1799 2517 1853 2563 ve-

1109 2615 1192 2671 strae
1215 2605 1327 2668 ovibus
1349 2599 1668 2668 communicamdam,
1690 2613 1853 2676 peraman-

1109 2710 1157 2765 ter
1178 2701 1393 2781 impertimur.

1148 2797 1261 2858 Datum
1284 2795 1401 2857 Romae
1423 2792 1505 2871 apud
1529 2789 1560 2853 S.
1578 2790 1709 2852 Petrum
1725 2789 1784 2850 sub
1800 2805 1853 2850 an-

1108 2889 1186 2950 nulo
1202 2888 1313 2951 Piscat.
1331 2888 1382 2950 die
1397 2902 1491 2947 auru.
1509 2883 1616 2964 aprilis
1631 2898 1852 2954 uoccoxxuv„

1109 2981 1309 3062 pontificatus
1329 2981 1430 3043 nostri
1451 2995 1534 3040 anno
1556 2997 1585 3038 v.

1409 3258 1558 3321 LXXXII.

1233 3447 1405 3530 Deputotio
1426 3445 1604 3508 oisr'totoris
1627 3451 1726 3527 apost.

1208 3544 1243 3604 in
1262 3540 1494 3622 patriarchatu
1512 3538 1755 3602 Chaldaeorum.

1108 3727 1279 3796 Venerabili
1309 3726 1396 3792 tratri
1427 3724 1527 3790 Ioanni
1556 3721 1713 3807 Baptistae
1744 3725 1855 3791 luver-

1149 3837 1206 3906 gae
1224 3819 1459 3903 archiepiscopo
1480 3816 1628 3884 iconiensi
1645 3817 1764 3884 vicario
1780 3818 1855 3902 lpo-

1148 3915 1256 3984 etolioo
1280 3913 1375 3996 alepi,

1285 4095 1502 4165 essecutus
1523 4097 1584 4163 ΡΡ.
1609 4095 1680 4163 xvt.

1324 4285 1510 4352 venerabilis
1531 4284 1641 4363 trater,

1142 4381 1270 4448 salutem
1293 4384 1325 4445 et
1346 4378 1545 4462 apostolicam
1574 4378 1822 4446 benedictionem.

1148 4571 1217 4646 §l
1241 4569 1328 4632 Inter
1357 4565 1541 4646 praecipuas
1570 4567 1733 4647 apostolici
1762 4569 1855 4632 ollicii
1903 4581 2071 4626 prooemium.

1109 4680 1211 4736 curas,
1242 4661 1359 4740 quibus
1387 4659 1583 4722 incessanter
1615 4660 1853 4739 perluugimur,

1108 4757 1188 4818 illud
1210 4769 1407 4832 magnopere
1435 4752 1579 4814 animum
1608 4761 1755 4816 nostrum
1785 4771 1857 4833 pro-

1109 4852 1230 4919 movet,
1253 4853 1290 4908 ut
1311 4845 1542 4924 prospiciamus
1564 4860 1605 4906 ne
1621 4844 1653 4906 in
1668 4845 1856 4922 regionibus

1109 4942 1147 5004 ab
1169 4939 1348 5019 Apostolica
1371 4938 1452 5001 Sede
1472 4937 1564 5000 valde
1579 4937 1711 5000 remotis
1727 4939 1857 5016 religio-

1109 5034 1158 5096 nis
1180 5033 1361 5094 necessitati
1384 5037 1565 5110 opportuno
1588 5036 1733 5108 tempore
1756 5031 1796 5094 ob
1812 5032 1857 5093 ni-

1109 5127 1206 5188 miam
1229 5126 1376 5188 locorum
1398 5123 1579 5185 distantiam
1603 5139 1773 5185 occurrere
1793 5141 1858 5187 non

1109 5221 1281 5298 possimus.
1304 5217 1416 5295 Neque
1436 5217 1522 5278 enim
1538 5217 1736 5293 ignoramus,
1754 5233 1858 5280 reme-

1110 5313 1170 5385 dia,
1188 5329 1269 5390 quae
1291 5319 1417 5374 maturo
1439 5317 1586 5389 tempore
1601 5310 1693 5372 allata
1708 5325 1857 5387 magnam

1109 5407 1279 5469 utilitatem
1296 5407 1458 5476 aberrent,
1475 5405 1530 5465 vix
1545 5403 1644 5465 ullam
1660 5419 1772 5481 parere
1788 5419 1857 5482 pos-

1110 5516 1154 5572 se,
1179 5499 1205 5560 si
1226 5499 1322 5560 nimis
1344 5497 1514 5574 ailquando
1535 5497 1751 5559 retardentur.

1150 5591 1219 5668 §2-
1243 5589 1278 5651 In
1301 5590 1357 5650 bac
1378 5589 1475 5650 animi
1497 5589 1600 5650 nostri
1628 5587 1855 5662 sollicitudine,
1876 5601 1978 5700 ern³1¹s¹⁰
1990 5611 2090 5646 conces-

1111 5701 1175 5747 non
1198 5682 1362 5762 potuimus
1384 5680 1503 5742 diutius
1525 5682 1685 5742 abstinere
1701 5681 1769 5743 aliis
1786 5697 1858 5759 pro·

1109 5775 1267 5847 videndis,
1291 5789 1372 5851 quae
1394 5773 1426 5834 in
1449 5773 1636 5849 regionibus
1659 5774 1857 5835 Patriarchae

1110 5867 1323 5948 Babylouensi
1344 5865 1578 5928 Chaldaeorum
1607 5867 1761 5929 catholico
1784 5867 1857 5929 sub-

1109 5963 1210 6038 iectis,
1233 5959 1346 6024 infelix
1368 5959 1527 6023 Ecclesiae
1546 5975 1695 6039 praesens
1718 5961 1857 6024 conditio

1725 6109 1752 6150 te

1777 585 1833 648 Iti
1884 583 1937 636 Aa.
1952 582 1982 634 c.
2005 581 2073 633 teas
