4822 6986
323 607 377 656 Au.
393 607 421 655 Γ.
445 607 513 656 1546
564 603 623 667 366

546 740 646 802 tueris
668 739 700 802 in
729 739 880 810 rebelles,
905 746 1005 801 ratam
1035 739 1234 810 habebimus,
1259 755 1292 802 ac

545 833 696 896 iaciemus
717 839 902 894 auctorante
924 831 1060 896 Domino
1075 849 1179 910 usque
1194 833 1230 894 ad
1247 849 1292 894 sa·

544 929 756 990 tisiactionem
774 929 965 1014 condignam
988 927 1217 990 inviolabiliter
1240 927 1293 988 ob-

545 1021 677 1082 servari.
701 1020 771 1083 Non
795 1021 995 1083 obstantibus
1015 1021 1195 1100 apostolicis
1212 1037 1245 1082 ac
1261 1021 1293 1081 in

546 1114 792 1186 universalibus,
812 1115 1127 1192 provincialibusque
1146 1121 1178 1176 et
1199 1131 1294 1193 syno-

546 1207 668 1269 dalibus
703 1208 846 1270 conciliis
879 1209 971 1270 editis
1004 1209 1208 1286 generalibus
1240 1209 1293 1270 vel

544 1300 734 1378 specialibus
762 1301 1043 1363 constitutionibus
1071 1308 1103 1362 et
1125 1302 1295 1364 ordinatio-

546 1394 657 1465 nibus,
682 1396 880 1471 caeterisque
902 1394 1068 1456 contrariis
1091 1395 1295 1471 quibuscum·

545 1501 620 1563 que.

587 1581 700 1644 Datum
723 1583 852 1654 Romae,
877 1583 959 1661 apud
976 1581 1007 1643 S.
1023 1583 1154 1644 Petrum
1170 1584 1229 1644 suh
1245 1601 1297 1646 an-

547 1677 626 1737 nulo
641 1676 820 1747 Piscatoris‚
839 1675 890 1738 die
907 1693 986 1738 xxvi.
1002 1675 1073 1737 maii
1088 1692 1295 1749 muccunava,

547 1770 690 1850 pontiilc.
714 1769 817 1832 nostri
840 1787 923 1831 anno
949 1786 1015 1831 xvr.

829 2052 1015 2116 dclxxiv.

549 2241 638 2304 Dolet
659 2243 695 2304 de
720 2241 936 2304 niutrineoniis
958 2241 1069 2302 intutis
1096 2239 1133 2304 ab
1159 2240 1299 2304 Ecclesia

588 2337 693 2396 eetitts
715 2337 750 2397 in
773 2333 983 2414 Frilrnrqensi
1005 2335 1137 2396 dioecesi
1154 2334 1298 2403 intinctis,

589 2447 626 2492 nc
648 2429 762 2490 iaudat
786 2428 977 2508 Episcopum
997 2427 1178 2490 doctrinam
1195 2427 1300 2490 Eccle-

587 2523 655 2584 sine
677 2523 711 2583 in
740 2522 776 2584 cd
797 2539 832 2583 re
856 2528 1093 2602 promerentem
1122 2529 1151 2583 et
1180 2519 1300 2584 abusus

589 2617 698 2678 tollere
713 2622 895 2687 conantem·
910 2614 1059 2695 pilaribus
1075 2617 1254 2696 confirmet,
1272 2621 1301 2676 et

590 2707 705 2786 ubique
727 2711 832 2772 tatere
854 2709 981 2777 usserit,
1004 2707 1250 2772 benedictionem
1267 2709 1301 2770 in

591 2803 700 2864 iisdem
716 2803 934 2866 nrntrimoniis
950 2803 1110 2882 impertiri
1124 2819 1186 2863 non
1201 2819 1299 2882 posse,

593 2913 672 2974 qnae
699 2896 939 2958 ceretrnhnntnr
967 2897 1035 2956 stne
1067 2895 1302 2975 dispensatione

590 2997 618 3051 et
639 2987 856 3059 cantionibus,
877 2989 935 3050 etsi
958 2985 1077 3050 vrticnbi
1092 2986 1127 3050 ob
1143 2989 1302 3051 innectam

590 3083 852 3144 connsuetudinem
876 3083 1029 3143 toleretur
1053 3087 1090 3142 nt
1120 3081 1158 3142 iis
1180 3079 1302 3143 benedi-

591 3183 698 3246 catur,
714 3177 742 3238 si
764 3175 959 3256 dispensatio
982 3181 1011 3236 ct
1029 3176 1194 3237 contiones
1210 3191 1302 3255 prae·

592 3271 744 3332 cesserint
766 3269 821 3350 (l).

591 3529 620 3582 (t)
637 3529 674 3570 Ex
689 3538 743 3583 reg.
760 3525 835 3570 vatic.
851 3538 888 3583 ep,
905 3527 937 3570 ad
959 3527 1093 3582 Principes
1112 3529 1139 3570 et
1152 3525 1219 3570 alios
1234 3526 1258 3570 h.
1274 3536 1297 3571 a.

549 3593 612 3638 Vide
627 3605 709 3650 supra
723 3598 833 3638 Srrrrrrno
849 3598 947 3646 triptici·
961 3597 1050 3637 strictio
1061 3617 1087 3626 -
1100 3597 1170 3645 qeins
1181 3597 1266 3638 restro
1276 3599 1300 3637 et

549 3666 696 3705 concinnast.
705 3661 778 3705 Notis
788 3673 818 3706 ea
827 3661 954 3706 Vaticano
964 3660 1054 3706 l'alrul.
1064 3659 1210 3716 desumptis
1221 3659 1300 3704 didici

550 3740 581 3774 ea
595 3740 662 3784 quae
678 3729 718 3772 bis
734 3727 820 3773 literis
835 3729 866 3773 de
883 3728 1062 3773 matrimoniis
1079 3727 1169 3772 mixtis
1182 3727 1300 3786 Pontifex

550 3795 648 3849 edocet,
663 3795 761 3840 eisdem
784 3796 837 3840 iere
853 3795 939 3840 verbis
962 3795 1014 3840 iam
1036 3795 1177 3840 subdidisse
1200 3794 1301 3851 Episco-

550 3875 582 3920 po
597 3861 810 3920 Rotenburgensi
824 3863 886 3908 aliis
902 3863 996 3916 literis,
1012 3863 1060 3908 sub
1075 3863 1117 3908 die
1132 3873 1194 3908 xxv.
1212 3863 1300 3908 laima-

551 3931 585 3975 rii
602 3943 761 3985 innocencia,
776 3942 849 3987 quas,
866 3930 960 3976 unctiori
983 3941 1035 3986 qua
1050 3930 1125 3987 potui
1146 3941 1211 3975 cura
1225 3941 1302 3986 quae·

551 4000 625 4052 situs,
641 3999 711 4044 haud
727 3997 846 4043 invenire
864 3997 945 4054 potiri.
963 4002 1060 4043 llarnnr
1079 3997 1222 4042 literarum
1236 3997 1299 4041 dete·

551 4066 607 4110 cini
621 4067 728 4122 suppleo
744 4077 790 4121 per
804 4066 870 4109 duas
886 4065 1076 4110 instructiones
1088 4077 1103 4110 a
1115 4057 1138 4108 S.
1151 4065 1214 4108 Sede
1225 4065 1301 4109 emis·

552 4145 602 4178 sas.
613 4137 728 4183 orcarum
740 4133 854 4189 primam
865 4133 897 4177 ad
910 4132 1052 4176 i'rivnatem
1064 4132 1215 4187 hungariae
1226 4131 1300 4187 regni

552 4213 582 4244 ex
598 4201 658 4245 tab.
674 4203 730 4244 vat.
747 4201 863 4254 extraxi3
879 4200 1019 4244 secundam
1036 4210 1105 4251 vero,
1118 4199 1151 4244 ad
1163 4199 1302 4255 llpiiscopos

553 4269 708 4312 austriacas
728 4267 850 4318 ditionis,
873 4273 950 4322 grato
966 4265 1055 4311 antino
1072 4265 1158 4322 :recept
1175 4267 1208 4310 ab
1227 4265 1302 4312 illrho

552 4339 578 4398 et
596 4333 653 4379 miro
669 4333 827 4390 ¹trchiepisc.
847 4334 993 4390 Leopolien.
1012 4335 1083 4378 ruth.
1104 4333 1173 4378 ritus
1193 4335 1300 4390 llatrop.

553 4401 676 4448 italicien.
693 4404 719 4445 l).
736 4400 863 4446 Silvestre
878 4401 1087 4445 Sembtatovvicz.
1105 4405 1175 4450 Quae
1195 4401 1301 4456 quidem

554 4470 697 4515 instructio
708 4480 761 4514 una
775 4479 834 4513 cum
851 4468 952 4513 adiecto
969 4466 1105 4522 rescripto,
1116 4471 1194 4522 prout
1210 4467 1252 4512 hic
1267 4479 1304 4511 se·

552 4538 653 4594 quitur,
674 4535 817 4592 diligenter
838 4536 936 4580 collata
955 4541 994 4578 est
1009 4545 1069 4578 cum
1091 4534 1236 4591 exemplari
1259 4545 1304 4579 au·

553 4605 670 4650 theutico
687 4605 713 4648 in
728 4603 860 4648 Vaticanis
875 4601 1025 4647 'rabrtlariis
1039 4607 1183 4647 asservato.

779 4739 963 4782 trtsritrrrrto
978 4738 1076 4780 rrtrtra

613 4880 648 4920 ced
663 4879 817 4922 Prtrrrntcrn.
836 4879 1051 4928 nrcrrnptscopos
1064 4879 1088 4918 ct
1105 4877 1245 4927 Eprtscopos

773 4950 801 4988 r'rr
817 4948 975 4996 discrepantem
991 4955 1073 4995 repara

593 5077 720 5121 hlenrores
736 5075 820 5126 omen,
836 5087 888 5131 qno
903 5077 1007 5120 assidue
1024 5079 1148 5121 tenentur
1158 5075 1305 5132 advigilare

554 5147 583 5188 nt
597 5143 744 5188 catholicae
759 5143 818 5186 ildei
833 5143 936 5199 puritas
952 5149 977 5188 et
993 5155 1084 5188 sacrae
1098 5143 1253 5199 disciplinae
1268 5143 1304 5186 in·

554 5211 665 5267 tegritas
681 5211 747 5255 nihil
762 5221 878 5266 unquam
887 5210 1041 5254 detrimenti
1053 5211 1149 5268 caprini,
1161 5209 1305 5266 ilungarici

554 5279 629 5334 regni
645 5278 784 5323 antistites
806 5278 850 5322 uhi
868 5277 983 5333 primurn
1007 5278 1254 5322 animadverterunt
1269 5277 1305 5321 in-

554 5355 653 5392 vectam
671 5347 727 5391 illic
742 5345 843 5401 praxim
867 5345 1037 5390 benedicendi
1055 5357 1085 5390 ac
1100 5345 1233 5399 religiosis
1249 5344 1305 5388 riti-

554 5413 602 5458 hus
612 5413 768 5458 honestaudi
780 5411 961 5462 matrimonia,
970 5421 1036 5466 quac
1047 5412 1189 5458 catholicos
1200 5412 1270 5456 inter
1280 5413 1305 5456 et

553 5481 725 5531 acatholicos,
741 5479 814 5523 rrulla
830 5479 936 5534 praevia
953 5479 1081 5523 Ecclesiae
1100 5478 1304 5534 dispensatione,

556 5547 734 5603 neglectisque
755 5545 910 5590 necessariis
929 5545 1106 5598 cautionibus,
1122 5545 1183 5588 iniri
1200 5555 1306 5589 consue-

554 5617 655 5668 verant,
671 5617 762 5670 utpote
777 5611 953 5657 sanctissimis
965 5611 1108 5666 Religionis
1120 5617 1226 5658 nostrae
1237 5612 1307 5668 priu-

554 5679 629 5736 cipiis
645 5685 670 5724 et
685 5689 815 5725 carrorum
827 5677 937 5723 statutis
949 5682 1150 5734 repugnantem,
1162 5677 1264 5722 diutius
1274 5677 1306 5722 ci·

555 5751 599 5792 tra
608 5759 687 5802 grave
703 5746 836 5802 piaculum
850 5745 959 5790 tolerari
971 5757 1021 5789 uon
1033 5757 1116 5802 posse,
1126 5757 1231 5790 omnem
1244 5756 1306 5790 irrra-

556 5812 663 5857 nimiter
678 5823 768 5858 curam
784 5817 864 5869 atque
879 5823 986 5868 cererem
1002 5811 1153 5868 impendere
1163 5823 1214 5856 ivon
1225 5812 1307 5857 distu-

555 5881 645 5925 lerunt
661 5881 692 5924 ad
707 5885 857 5936 opportuna
872 5885 946 5924 tanto
963 5878 1023 5923 huic
1034 5880 1103 5924 nralc
1114 5879 1229 5924 remedia
1239 5890 1306 5924 com·

556 5948 680 6002 paranda¹
701 5951 733 5990 at
755 5946 835 5991 sicuti
856 5945 1011 5991 laetandum
1032 5945 1095 6002 ipsis
1115 5946 1164 5990 tuit
1183 5947 1214 5991 de
1236 5947 1307 5990 tideli

556 6015 731 6071 parochorum
754 6017 780 6058 et
802 6013 898 6069 reliqui
922 6012 988 6057 cleri
1009 6013 1097 6058 studio
1119 6013 1145 6057 in
1168 6013 1307 6070 pastorali·

1063 621 1128 666 lua.
1153 621 1244 666 PONE.
1269 621 1309 666 DE
1332 623 1362 667 P.
1385 623 1415 668 Ε.
1440 621 1523 666 PARS
1544 622 1566 666 1.

1381 735 1551 804 Venerabili
1574 736 1663 804 tratri
1687 735 1838 822 Episcopo
1861 735 2066 819 friburpensi,

1521 879 1738 948 GREGORlUS
1762 881 1823 947 ΡΡ.
1848 879 1920 946 xvi.

1562 1014 1753 1082 Venerabilis
1774 1014 1883 1092 irater,

1382 1110 1511 1176 salutem
1534 1115 1566 1176 et
1588 1109 1787 1192 apostolicam
1811 1107 2063 1174 benedictionem.

1390 1304 1408 1376 g
1432 1301 1458 1362 l.
1484 1301 1553 1364 Non
1576 1300 1646 1362 sine
1670 1299 1758 1376 gravi
1778 1299 1876 1360 animi
1897 1299 1997 1360 nostri
2014 1315 2100 1360 moe-

1350 1412 1425 1456 rore
1448 1395 1508 1456 iam
1532 1394 1756 1464 poscebamus,
1781 1407 1855 1454 ven.
1880 1393 1994 1464 trater,
2019 1407 2100 1468 quae

1352 1489 1414 1551 tuis
1437 1488 1538 1550 literis
1561 1489 1613 1550 die
1629 1505 1671 1548 rv.
1690 1487 1828 1566 proximi
1851 1486 1971 1548 mensis
1995 1485 2100 1547 martii

1352 1583 1386 1644 ad
1406 1599 1462 1644 nos
1479 1581 1556 1644 datis
1579 1581 1726 1643 dolenter
1749 1580 1920 1658 significas,
1938 1579 1978 1640 de
1994 1579 2101 1658 deplo-

1352 1677 1449 1739 randa
1470 1676 1503 1737 in
1525 1675 1591 1737 istis
1614 1675 1800 1752 regionibus
1823 1673 1994 1736 catholicos
2016 1673 2102 1734 inter

1353 1777 1385 1832 et
1406 1769 1596 1832 acatholicos
1613 1769 1893 1830 matrimoniorum
1907 1767 2098 1844 frequentia,

1353 1866 1457 1941 deque
1480 1863 1582 1925 civilis
1612 1862 1775 1940 potestatis
1796 1862 1829 1922 in
1859 1860 2017 1923 eiusmodi
2045 1876 2103 1921 nu·

1354 1958 1426 2036 ptiis
1455 1957 1570 2034 agendi
1602 1957 1736 2018 ratione.
1771 1955 1981 2033 Compertum
2015 1955 2101 2015 enim

1354 2051 1623 2130 exploratumque
1645 2057 1703 2122 est,
1728 2048 1910 2120 catholicos,
1936 2064 1993 2108 seu
2015 2047 2102 2107 viros

1352 2161 1409 2207 seu
1432 2145 1597 2214 mulieres,
1622 2143 1678 2220 qui
1700 2142 1808 2204 mixtis
1831 2141 1950 2219 nuptiis
1980 2147 2102 2202 temere

1355 2239 1591 2308 contrahendis,
1606 2254 1640 2298 se
1656 2255 1689 2299 ac
1706 2237 1830 2316 prolem
1844 2235 1918 2296 inde
1930 2234 2102 2311 suscipien-

1355 2333 1426 2392 dam
1449 2332 1482 2392 in
1504 2331 1723 2410 perversionis
1746 2329 1927 2408 periculum
1943 2327 2100 2394 inliciunt,

1355 2433 1463 2488 contra
1486 2425 1665 2487 naturalem.
1681 2424 1888 2500 divinamque
1910 2421 2017 2498 legem
2034 2436 2103 2498 pec·

1355 2536 1437 2581 care.
1461 2519 1559 2592 Quam
1576 2535 1651 2580 sane
1667 2519 1773 2595 legem
1790 2523 1907 2577 sartam
1924 2522 2103 2590 tectamque

1356 2613 1440 2674 tueri
1455 2613 1620 2674 contendit
1632 2612 1770 2673 Ecclesia
1786 2619 1818 2672 et
1833 2610 1908 2670 haec
1925 2608 2103 2686 Apostolica

1356 2706 1471 2776 Sedes,
1503 2721 1560 2766 seu
1587 2706 1618 2766 in
1643 2705 1786 2782 generali
1813 2704 1954 2780 ipsarum
1981 2702 2104 2780 nuptia-

1356 2815 1429 2860 rnm
1443 2799 1670 2877 prohibitione,
1685 2814 1742 2859 seu
1756 2795 2013 2864 incantionibus,
2028 2810 2104 2871 quas

1356 2893 1426 2954 iure
1439 2908 1497 2955 sno
1511 2893 1611 2969 exigit
1626 2908 1700 2954 cnm
1716 2891 1755 2952 ob
1773 2905 1885 2967 graves
1901 2889 2020 2966 aliquas
2036 2905 2104 2948 cau-

1356 3002 1404 3046 sas
1426 3002 1461 3047 aa
1484 2985 1633 3062 coniugia
1654 3001 1751 3062 aegre
1773 2983 1945 3046 admodum
1967 2982 2053 3054 sinit,
2071 2989 2106 3042 ut

1356 3080 1476 3142 scilicet
1503 3095 1567 3140 narn
1596 3079 1701 3141 solum
1728 3079 1900 3140 catholicus
1922 3077 2039 3140 coniux
2068 3077 2106 3136 ab

1356 3173 1529 3235 acatholico
1543 3173 1686 3250 perverti
1704 3188 1767 3233 non
1785 3172 1895 3250 possit,
1910 3171 1988 3248 quin
2000 3171 2106 3246 potius

1357 3267 1412 3328 ille
1436 3267 1539 3329 teneri
1562 3283 1597 3328 se
1625 3267 1701 3332 sciat
1724 3267 1761 3328 ad
1784 3267 1869 3328 hunc
1899 3281 1957 3343 pro
1983 3263 2106 3325 viribus

1353 3526 1402 3570 bus
1416 3526 1583 3571 documentis
1594 3525 1754 3581 monitisque
1765 3523 1945 3580 perficiendis:
1957 3523 1995 3568 ita
2006 3521 2108 3579 pariter

1354 3598 1560 3650 praesenserunt
1583 3595 1646 3649 quot
1670 3591 1830 3649 quantisque
1855 3589 2056 3636 difficultatibus
2077 3599 2108 3634 ac

1355 3662 1483 3708 molestiis
1498 3673 1525 3706 se
1541 3673 1568 3706 se
1582 3665 1662 3718 atque
1677 3659 1738 3705 illos
1754 3659 1795 3704 his
1808 3661 1840 3703 de
1854 3657 1941 3704 cavvsis
1952 3658 2105 3703 obiicerent.

1355 3729 1490 3774 Eiusmodi
1503 3739 1616 3786 uallique
1627 3733 1754 3785 praesunt
1763 3727 1936 3780 dioecesibus,
1948 3726 1992 3770 ubi
2002 3725 2107 3770 acatho-

1354 3797 1466 3842 licorum
1486 3807 1546 3853 pars
1566 3797 1757 3842 catholicorum
1777 3806 1855 3850 saepe
1873 3803 2016 3838 urvrnerurn
2035 3803 2108 3837 exue·

1355 3869 1427 3921 quat,
1443 3867 1468 3909 ct
1490 3875 1679 3921 nonnunquam
1702 3863 1783 3908 etiarn
1806 3861 1920 3907 excedit:
1942 3865 2023 3918 atque
2042 3861 2108 3906 adeo

1356 3933 1423 3978 tales
1446 3932 1511 3977 inibi
1533 3933 1605 3987 leges
1627 3932 1726 3987 vigent,
1745 3932 1841 3986 quibus
1863 3929 1968 3974 ratione
1984 3928 2108 3974 inductae

1355 4000 1458 4056 pridem
1481 4001 1606 4055 utrinque
1628 3998 1745 4044 civilium
1768 3997 1868 4042 iurium
1884 3991 2066 4054 aequalitatis
2082 3999 2109 4040 et

1355 4067 1465 4112 consilio
1482 4067 1593 4112 tuendae
1614 4065 1734 4124 publicae
1749 4065 1819 4121 pacis
1834 4075 1864 4110 ac
1879 4063 1986 4120 quietis,
2000 4063 2109 4107 liberta-

1357 4139 1410 4179 tem
1424 4135 1520 4180 nrixlas
1530 4135 1637 4190 nuptias
1649 4132 1755 4178 inermdi
1767 4133 1862 4181 fovent,
1874 4132 2036 4188 proindeque
2048 4140 2108 4174 cum

1356 4202 1488 4248 canonicis
1503 4213 1534 4246 ea
1549 4202 1580 4246 de
1595 4213 1624 4246 re
1639 4200 1820 4246 sanctionibus
1840 4197 1979 4244 conciliari
2000 4197 2109 4242 minime

1358 4275 1475 4327 possunt.
1492 4273 1541 4314 Nec
1557 4281 1648 4326 reapse
1665 4269 1780 4314 inultum
1795 4267 1880 4312 abfuit
1896 4272 1925 4311 ut
1941 4265 1966 4310 in
1980 4266 2109 4310 maximas

1358 4339 1543 4394 redigerentur
1563 4336 1715 4393 augustias:
1738 4346 1797 4380 cum
1814 4346 1844 4379 ex
1861 4345 1914 4380 una
1929 4337 2005 4392 parte
2020 4333 2110 4390 nequi-

1357 4409 1417 4451 rent
1439 4406 1482 4450 bei
1500 4405 1682 4460 ecclesiaeque
1703 4413 1810 4448 causum
1833 4403 2002 4459 proderes:
2024 4401 2110 4446 altera

1359 4485 1419 4518 vero
1434 4473 1546 4518 violatae
1567 4471 1633 4526 legis
1648 4469 1751 4526 patriae
1772 4469 1976 4526 perturbatique
1996 4469 2056 4512 inde
2071 4479 2111 4512 or·

1357 4541 1425 4585 diuis
1442 4545 1496 4585 tam
1512 4540 1563 4596 ipsi
1578 4550 1657 4595 (quarn
1680 4537 1819 4582 interiores
1839 4547 1975 4581 sacrorum
1993 4535 2109 4580 ministri

1358 4608 1589 4652 insimularentur.
1613 4611 1641 4651 ln
1659 4608 1708 4652 hac
1728 4605 1830 4650 ditiicili
1851 4603 2000 4649 conditione
2022 4602 2111 4660 positi,

1358 4687 1440 4732 eoque
1452 4675 1561 4731 insuper
1570 4677 1729 4730 spectantes,
1740 4677 1769 4717 nt
1781 4672 1949 4716 imminentia
1960 4671 2110 4716 Catholicae

1359 4743 1490 4799 Religioni
1512 4741 1637 4798 graviora
1658 4741 1824 4786 incommoda
1846 4740 1990 4796 prudenter
2011 4739 2111 4782 averte-

1359 4813 1427 4860 rent,
1440 4809 1629 4864 subditumque
1644 4809 1694 4852 sibi
1709 4808 1809 4852 clerum
1826 4805 2043 4851 adversariorum
2058 4803 2110 4847 iur-

1359 4877 1410 4934 giis
1424 4889 1455 4922 ac
1470 4875 1654 4922 vexationibus
1671 4875 1814 4930 eriperent,
1829 4885 1876 4918 nec
1892 4883 1943 4917 non
1959 4871 1992 4918 iis
2008 4871 2111 4928 potissi·

1360 4955 1432 4988 rnvrm
1447 4956 1478 4988 ex
1493 4943 1586 4988 leviori
1608 4954 1670 4986 sexu
1692 4942 1882 4998 prospicerent,
1897 4950 1965 4996 quae
1987 4940 2019 4984 ob
2035 4949 2110 4994 nega·

1360 5015 1413 5056 tam
1429 5011 1537 5056 ommno
1552 5009 1651 5054 illicitis
1667 5008 1722 5054 suis
1737 5008 1839 5064 nuptiis
1853 5005 1980 5052 catholici
1994 5006 2110 5051 sacerdo·

1361 5078 1395 5123 tis
1410 5078 1589 5135 praesentiam
1604 5089 1620 5121 a
1635 5077 1685 5121 tide
1700 5076 1776 5121 facile
1798 5079 1886 5120 essent
1905 5075 2068 5122 defecturae:
2084 5073 2109 5117 in

1359 5146 1520 5190 sententiam
1531 5145 1694 5188 devenerunt
1706 5143 1837 5189 tolerandi
1848 5155 1877 5186 cr
1889 5143 2061 5200 praesumpto
2071 5143 2111 5184 Se·

1359 5213 1399 5257 dis
1415 5211 1579 5268 apostoticae
1594 5223 1713 5264 assensu,
1725 5217 1755 5255 ut
1770 5209 1878 5266 parochi
1895 5209 1987 5254 iisdem
2003 5207 2112 5264 rrrvptits,

1360 5279 1491 5336 siquidem
1513 5279 1611 5335 absque
1635 5277 1744 5323 stratoris
1760 5277 1821 5322 rnuli
1838 5277 1956 5332 periculo
1972 5273 2111 5320 interverti

1361 5358 1411 5391 iton
1436 5349 1550 5402 possent,
1564 5345 1667 5402 passive
1690 5347 1804 5398 tantum,
1819 5343 1986 5400 exclusisque
2007 5341 2112 5399 penitus

1361 5413 1443 5458 sacris
1455 5412 1561 5466 ritibus,
1569 5412 1700 5458 adessent.
1710 5414 1766 5456 litor
1775 5415 1865 5456 autem
1878 5409 1948 5455 read
1959 5409 2043 5466 ipsam
2053 5411 2113 5454 San·

1360 5486 1429 5526 ctam
1446 5481 1537 5524 Sedem
1558 5479 1794 5536 obsequentissime
1809 5479 1905 5532 delata,
1921 5478 2058 5534 hiatusque
2073 5489 2113 5520 ex·

2128 605 2186 656 Ari.
2203 605 2233 653 C.
2255 603 2317 654 tatu

1360 5547 1453 5604 positis
1469 5547 1611 5602 sergestus,
1626 5557 1693 5602 «puae
1708 5557 1738 5589 ex
1754 5543 1999 5602 ingravescentibus
2016 5544 2041 5588 in
2057 5543 2113 5588 dies
2193 5561 2195 5566 ⁸

1363 5614 1559 5670 impedimentis
1580 5614 1652 5657 clero
1675 5613 1797 5656 videntur
1812 5613 1977 5667 impendere,
1993 5615 2050 5655 tum
2066 5621 2113 5667 per

1362 5681 1468 5726 litteras
1483 5681 1515 5726 ad
1531 5679 1640 5724 SSvhum
1660 5679 1798 5724 Dominum
1819 5682 1940 5724 ricstrunr
1955 5677 2112 5734 Gregorium

1362 5751 1406 5792 ill),
1427 5750 1489 5791 XVI.
1511 5747 1645 5791 cornnruui
1668 5745 1773 5790 rioruine
1794 5745 1878 5800 datiis,
1898 5751 1956 5789 tum
1978 5757 2025 5801 per
2046 5745 2113 5800 lega·

1363 5817 1420 5858 tum
1436 5817 1486 5858 huc
1502 5817 1623 5857 votorum
1639 5822 1749 5856 suorum
1765 5811 1938 5868 interpretem
1957 5812 2112 5868 Episcopum

1362 5879 1573 5932 Osarradienssm,
1586 5878 1647 5922 initi
1661 5881 1707 5923 ahs
1723 5891 1751 5922 se
1766 5877 1869 5922 consilii
1885 5877 2113 5928 ratihabitionem,

1362 5946 1495 6002 simulque
1519 5949 1697 6002 opportunum
1721 5955 1801 5999 super
1824 5944 1948 5988 universo
1970 5943 2018 5988 hoc
2039 5955 2114 5999 riego-

1363 6011 1399 6058 tio
1420 6011 1580 6069 apostolicae
1602 6009 1772 6057 auctoritatis
1794 6009 1925 6056 auxilium
1945 6015 2024 6066 atque
2041 6009 2114 6055 adiu·
