<?xml version="1.0" encoding="UTF-8"?>
<!DOCTYPE html PUBLIC "-//W3C//DTD XHTML 1.0 Transitional//EN"
    "http://www.w3.org/TR/xhtml1/DTD/xhtml1-transitional.dtd">
<html xmlns="http://www.w3.org/1999/xhtml" xml:lang="en" lang="en">
 <head>
  <title>
</title>
<meta http-equiv="Content-Type" content="text/html;charset=utf-8" />
  <meta name='ocr-system' content='tesseract 3.04.00' />
  <meta name='ocr-capabilities' content='ocr_page ocr_carea ocr_par ocr_line ocrx_word'/>
</head>
<body>
  <div class='ocr_page' id='page_1' title='image "./iurispontificii01martgoog_0426.png"; bbox 0 0 4822 6986; ppageno 0'>
   <div class='ocr_carea' id='block_1_1' title="bbox 571 543 631 614">
    <p class='ocr_par' dir='ltr' id='par_1_1' title="bbox 571 543 631 614">
     <span class='ocr_line' id='line_1_1' title="bbox 571 543 631 614; baseline 0.033 -2"><span class='ocrx_word' id='word_1_1' title='bbox 571 543 631 614; x_wconf 81' lang='lat' dir='ltr'>llo</span> 
     </span>
    </p>
   </div>
   <div class='ocr_carea' id='block_1_2' title="bbox 324 683 1318 5939">
    <p class='ocr_par' dir='ltr' id='par_1_2' title="bbox 324 683 1318 5939">
     <span class='ocr_line' id='line_1_2' title="bbox 553 683 1303 764; baseline -0.005 -16"><span class='ocrx_word' id='word_1_2' title='bbox 553 685 694 750; x_wconf 87' lang='lat' dir='ltr'>turbatio</span> <span class='ocrx_word' id='word_1_3' title='bbox 716 685 756 748; x_wconf 92' lang='lat' dir='ltr'>ob</span> <span class='ocrx_word' id='word_1_4' title='bbox 778 691 903 764; x_wconf 90' lang='lat' dir='ltr'>pestem</span> <span class='ocrx_word' id='word_1_5' title='bbox 925 683 979 746; x_wconf 87' lang='lat' dir='ltr'>vel</span> <span class='ocrx_word' id='word_1_6' title='bbox 1000 683 1134 754; x_wconf 85' lang='lat' dir='ltr'>bellum,</span> <span class='ocrx_word' id='word_1_7' title='bbox 1155 688 1209 744; x_wconf 88' lang='lat' dir='ltr'>aut</span> <span class='ocrx_word' id='word_1_8' title='bbox 1231 697 1303 760; x_wconf 92' lang='lat' dir='ltr'>pro-</span> 
     </span>
     <span class='ocr_line' id='line_1_3' title="bbox 553 775 1303 860; baseline -0.005 -18"><span class='ocrx_word' id='word_1_9' title='bbox 553 786 625 860; x_wconf 88' lang='lat' dir='ltr'>pter</span> <span class='ocrx_word' id='word_1_10' title='bbox 647 778 905 859; x_wconf 79' lang='lat' dir='ltr'>persecutionem</span> <span class='ocrx_word' id='word_1_11' title='bbox 927 776 1108 840; x_wconf 86' lang='lat' dir='ltr'>infidelium</span> <span class='ocrx_word' id='word_1_12' title='bbox 1123 775 1177 838; x_wconf 92' lang='lat' dir='ltr'>vel</span> <span class='ocrx_word' id='word_1_13' title='bbox 1193 775 1303 838; x_wconf 87' lang='lat' dir='ltr'>haere-</span> 
     </span>
     <span class='ocr_line' id='line_1_4' title="bbox 554 872 1303 944; baseline -0.005 -9"><span class='ocrx_word' id='word_1_14' title='bbox 554 875 691 936; x_wconf 88' lang='lat' dir='ltr'>ticorum</span> <span class='ocrx_word' id='word_1_15' title='bbox 713 878 746 934; x_wconf 89' lang='lat' dir='ltr'>ot</span> <span class='ocrx_word' id='word_1_16' title='bbox 766 872 1057 944; x_wconf 90' lang='lat' dir='ltr'>schismaticorum,</span> <span class='ocrx_word' id='word_1_17' title='bbox 1081 877 1136 934; x_wconf 91' lang='lat' dir='ltr'>aut</span> <span class='ocrx_word' id='word_1_18' title='bbox 1160 885 1303 934; x_wconf 89' lang='lat' dir='ltr'>commu-</span> 
     </span>
     <span class='ocr_line' id='line_1_5' title="bbox 554 962 1303 1043; baseline -0.004 -15"><span class='ocrx_word' id='word_1_19' title='bbox 554 983 629 1029; x_wconf 85' lang='lat' dir='ltr'>nem</span> <span class='ocrx_word' id='word_1_20' title='bbox 652 963 751 1028; x_wconf 88' lang='lat' dir='ltr'>tolius</span> <span class='ocrx_word' id='word_1_21' title='bbox 779 962 906 1028; x_wconf 86' lang='lat' dir='ltr'>Ordinis</span> <span class='ocrx_word' id='word_1_22' title='bbox 927 964 981 1028; x_wconf 91' lang='lat' dir='ltr'>vel</span> <span class='ocrx_word' id='word_1_23' title='bbox 1003 963 1226 1043; x_wconf 83' lang='lat' dir='ltr'>principalium</span> <span class='ocrx_word' id='word_1_24' title='bbox 1249 979 1303 1042; x_wconf 93' lang='lat' dir='ltr'>po-</span> 
     </span>
     <span class='ocr_line' id='line_1_6' title="bbox 554 1057 1301 1138; baseline -0.003 -16"><span class='ocrx_word' id='word_1_25' title='bbox 554 1061 741 1138; x_wconf 89' lang='lat' dir='ltr'>tiorumque</span> <span class='ocrx_word' id='word_1_26' title='bbox 766 1059 1038 1122; x_wconf 83' lang='lat' dir='ltr'>monasteriorum</span> <span class='ocrx_word' id='word_1_27' title='bbox 1065 1057 1301 1130; x_wconf 89' lang='lat' dir='ltr'>necessitatem,</span> 
     </span>
     <span class='ocr_line' id='line_1_7' title="bbox 554 1152 1303 1232; baseline -0.003 -16"><span class='ocrx_word' id='word_1_28' title='bbox 554 1152 1303 1232; x_wconf 87' lang='lat' dir='ltr'>quaeiudiciocongregationishegumenorum</span> 
     </span>
     <span class='ocr_line' id='line_1_8' title="bbox 554 1245 1304 1324; baseline -0.004 -14"><span class='ocrx_word' id='word_1_29' title='bbox 554 1263 675 1324; x_wconf 88' lang='lat' dir='ltr'>urgens</span> <span class='ocrx_word' id='word_1_30' title='bbox 703 1248 770 1310; x_wconf 90' lang='lat' dir='ltr'>visa</span> <span class='ocrx_word' id='word_1_31' title='bbox 799 1247 916 1321; x_wconf 86' lang='lat' dir='ltr'>luerit;</span> <span class='ocrx_word' id='word_1_32' title='bbox 939 1247 971 1310; x_wconf 90' lang='lat' dir='ltr'>iu</span> <span class='ocrx_word' id='word_1_33' title='bbox 999 1262 1064 1324; x_wconf 96' lang='lat' dir='ltr'>quo</span> <span class='ocrx_word' id='word_1_34' title='bbox 1092 1245 1304 1308; x_wconf 90' lang='lat' dir='ltr'>nihilominus</span> 
     </span>
     <span class='ocr_line' id='line_1_9' title="bbox 554 1337 1305 1418; baseline -0.007 -14"><span class='ocrx_word' id='word_1_35' title='bbox 554 1357 628 1404; x_wconf 86' lang='lat' dir='ltr'>casu</span> <span class='ocrx_word' id='word_1_36' title='bbox 649 1340 894 1418; x_wconf 88' lang='lat' dir='ltr'>significandum</span> <span class='ocrx_word' id='word_1_37' title='bbox 917 1339 949 1402; x_wconf 89' lang='lat' dir='ltr'>id</span> <span class='ocrx_word' id='word_1_38' title='bbox 971 1339 1034 1401; x_wconf 89' lang='lat' dir='ltr'>erit</span> <span class='ocrx_word' id='word_1_39' title='bbox 1051 1337 1215 1401; x_wconf 89' lang='lat' dir='ltr'>abhatibus</span> <span class='ocrx_word' id='word_1_40' title='bbox 1237 1353 1305 1400; x_wconf 92' lang='lat' dir='ltr'>mo·</span> 
     </span>
     <span class='ocr_line' id='line_1_10' title="bbox 555 1433 784 1496; baseline 0 0"><span class='ocrx_word' id='word_1_41' title='bbox 555 1433 784 1496; x_wconf 89' lang='lat' dir='ltr'>nasteriorum.</span> 
     </span>
     <span class='ocr_line' id='line_1_11' title="bbox 371 1528 1305 1606; baseline -0.001 -17"><span class='ocrx_word' id='word_1_42' title='bbox 371 1538 469 1582; x_wconf 75' lang='lat' dir='ltr'>norrun</span> <span class='ocrx_word' id='word_1_43' title='bbox 491 1534 536 1582; x_wconf 81' lang='lat' dir='ltr'>ab·</span> <span class='ocrx_word' id='word_1_44' title='bbox 596 1546 630 1590; x_wconf 91' lang='lat'>11.</span> <span class='ocrx_word' id='word_1_45' title='bbox 654 1529 756 1592; x_wconf 88' lang='lat' dir='ltr'>Penes</span> <span class='ocrx_word' id='word_1_46' title='bbox 777 1528 924 1590; x_wconf 91' lang='lat' dir='ltr'>abbatem</span> <span class='ocrx_word' id='word_1_47' title='bbox 954 1528 1139 1606; x_wconf 80' lang='lat' dir='ltr'>generalem</span> <span class='ocrx_word' id='word_1_48' title='bbox 1162 1535 1211 1590; x_wconf 87' lang='lat' dir='ltr'>est</span> <span class='ocrx_word' id='word_1_49' title='bbox 1232 1543 1305 1590; x_wconf 90' lang='lat' dir='ltr'>con-</span> 
     </span>
     <span class='ocr_line' id='line_1_12' title="bbox 325 1589 1305 1701; baseline -0.007 -12"><span class='ocrx_word' id='word_1_50' title='bbox 325 1589 538 1700; x_wconf 55' lang='lat' dir='ltr'>?nstissosadspfi‘i‘ffli</span> <span class='ocrx_word' id='word_1_51' title='bbox 556 1622 779 1701; x_wconf 89' lang='lat' dir='ltr'>gregationem</span> <span class='ocrx_word' id='word_1_52' title='bbox 807 1622 968 1694; x_wconf 88' lang='lat' dir='ltr'>indicere,</span> <span class='ocrx_word' id='word_1_53' title='bbox 1000 1621 1095 1698; x_wconf 88' lang='lat' dir='ltr'>eique</span> <span class='ocrx_word' id='word_1_54' title='bbox 1122 1621 1305 1700; x_wconf 86' lang='lat' dir='ltr'>praesidere</span> 
     </span>
     <span class='ocr_line' id='line_1_13' title="bbox 324 1706 1305 1798; baseline -0.002 -20"><span class='ocrx_word' id='word_1_55' title='bbox 324 1706 537 1798; x_wconf 57' lang='lat' dir='ltr'>ssssfl}&#39;i²,ffg„⁸,‘{3f“</span> <span class='ocrx_word' id='word_1_56' title='bbox 556 1731 659 1794; x_wconf 93' lang='lat' dir='ltr'>usque</span> <span class='ocrx_word' id='word_1_57' title='bbox 681 1717 719 1778; x_wconf 90' lang='lat' dir='ltr'>ad</span> <span class='ocrx_word' id='word_1_58' title='bbox 740 1716 933 1778; x_wconf 90' lang='lat' dir='ltr'>successoris</span> <span class='ocrx_word' id='word_1_59' title='bbox 949 1715 1153 1778; x_wconf 83' lang='lat' dir='ltr'>electionem.</span> <span class='ocrx_word' id='word_1_60' title='bbox 1178 1713 1210 1777; x_wconf 89' lang='lat' dir='ltr'>Si</span> <span class='ocrx_word' id='word_1_61' title='bbox 1226 1729 1305 1776; x_wconf 92' lang='lat' dir='ltr'>vero</span> 
     </span>
     <span class='ocr_line' id='line_1_14' title="bbox 556 1809 1305 1889; baseline 0.001 -17"><span class='ocrx_word' id='word_1_62' title='bbox 556 1810 624 1889; x_wconf 86' lang='lat' dir='ltr'>ipse</span> <span class='ocrx_word' id='word_1_63' title='bbox 643 1816 792 1874; x_wconf 90' lang='lat' dir='ltr'>mortuus</span> <span class='ocrx_word' id='word_1_64' title='bbox 807 1809 916 1884; x_wconf 90' lang='lat' dir='ltr'>luerit,</span> <span class='ocrx_word' id='word_1_65' title='bbox 934 1816 989 1872; x_wconf 89' lang='lat' dir='ltr'>aut</span> <span class='ocrx_word' id='word_1_66' title='bbox 1003 1815 1180 1888; x_wconf 91' lang='lat' dir='ltr'>promotus,</span> <span class='ocrx_word' id='word_1_67' title='bbox 1197 1817 1252 1872; x_wconf 93' lang='lat' dir='ltr'>aut</span> <span class='ocrx_word' id='word_1_68' title='bbox 1266 1810 1305 1874; x_wconf 92' lang='lat' dir='ltr'>de</span> 
     </span>
     <span class='ocr_line' id='line_1_15' title="bbox 556 1903 1306 1984; baseline 0.001 -18"><span class='ocrx_word' id='word_1_69' title='bbox 556 1904 656 1984; x_wconf 92' lang='lat' dir='ltr'>ipsius</span> <span class='ocrx_word' id='word_1_70' title='bbox 672 1904 763 1967; x_wconf 81' lang='lat' dir='ltr'>causi</span> <span class='ocrx_word' id='word_1_71' title='bbox 778 1903 1025 1968; x_wconf 84' lang='lat' dir='ltr'>consultandum</span> <span class='ocrx_word' id='word_1_72' title='bbox 1040 1904 1091 1977; x_wconf 89' lang='lat' dir='ltr'>sit,</span> <span class='ocrx_word' id='word_1_73' title='bbox 1106 1909 1182 1968; x_wconf 90' lang='lat' dir='ltr'>tunc</span> <span class='ocrx_word' id='word_1_74' title='bbox 1197 1905 1234 1967; x_wconf 88' lang='lat' dir='ltr'>ad</span> <span class='ocrx_word' id='word_1_75' title='bbox 1250 1903 1306 1967; x_wconf 92' lang='lat' dir='ltr'>he-</span> 
     </span>
     <span class='ocr_line' id='line_1_16' title="bbox 558 1997 1305 2078; baseline -0.003 -16"><span class='ocrx_word' id='word_1_76' title='bbox 558 2015 716 2077; x_wconf 89' lang='lat' dir='ltr'>gumenus</span> <span class='ocrx_word' id='word_1_77' title='bbox 738 1997 892 2078; x_wconf 81' lang='lat' dir='ltr'>spectabit</span> <span class='ocrx_word' id='word_1_78' title='bbox 920 1997 1007 2060; x_wconf 91' lang='lat' dir='ltr'>illam</span> <span class='ocrx_word' id='word_1_79' title='bbox 1029 1998 1182 2069; x_wconf 87' lang='lat' dir='ltr'>indicere,</span> <span class='ocrx_word' id='word_1_80' title='bbox 1210 1997 1305 2075; x_wconf 91' lang='lat' dir='ltr'>eique</span> 
     </span>
     <span class='ocr_line' id='line_1_17' title="bbox 557 2091 1306 2172; baseline 0 -18"><span class='ocrx_word' id='word_1_81' title='bbox 557 2093 741 2172; x_wconf 87' lang='lat' dir='ltr'>praesidere</span> <span class='ocrx_word' id='word_1_82' title='bbox 756 2107 860 2170; x_wconf 95' lang='lat' dir='ltr'>usque</span> <span class='ocrx_word' id='word_1_83' title='bbox 881 2091 919 2154; x_wconf 94' lang='lat' dir='ltr'>ad</span> <span class='ocrx_word' id='word_1_84' title='bbox 941 2091 1018 2154; x_wconf 92' lang='lat' dir='ltr'>novi</span> <span class='ocrx_word' id='word_1_85' title='bbox 1037 2091 1157 2154; x_wconf 91' lang='lat' dir='ltr'>abbatis</span> <span class='ocrx_word' id='word_1_86' title='bbox 1173 2108 1306 2170; x_wconf 87' lang='lat' dir='ltr'>genera·</span> 
     </span>
     <span class='ocr_line' id='line_1_18' title="bbox 557 2185 1305 2265; baseline 0.001 -17"><span class='ocrx_word' id='word_1_87' title='bbox 557 2185 596 2248; x_wconf 91' lang='lat' dir='ltr'>lis</span> <span class='ocrx_word' id='word_1_88' title='bbox 618 2187 823 2258; x_wconf 86' lang='lat' dir='ltr'>electionem,</span> <span class='ocrx_word' id='word_1_89' title='bbox 846 2191 900 2250; x_wconf 87' lang='lat' dir='ltr'>aut</span> <span class='ocrx_word' id='word_1_90' title='bbox 926 2186 1045 2248; x_wconf 88' lang='lat' dir='ltr'>veteris</span> <span class='ocrx_word' id='word_1_91' title='bbox 1073 2187 1237 2265; x_wconf 93' lang='lat' dir='ltr'>probatam</span> <span class='ocrx_word' id='word_1_92' title='bbox 1258 2187 1305 2249; x_wconf 93' lang='lat' dir='ltr'>in·</span> 
     </span>
     <span class='ocr_line' id='line_1_19' title="bbox 558 2279 1306 2358; baseline 0.001 -16"><span class='ocrx_word' id='word_1_93' title='bbox 558 2280 749 2353; x_wconf 90' lang='lat' dir='ltr'>nocentiam,</span> <span class='ocrx_word' id='word_1_94' title='bbox 773 2281 899 2342; x_wconf 79' lang='lat' dir='ltr'>servati</span> <span class='ocrx_word' id='word_1_95' title='bbox 919 2295 1049 2358; x_wconf 89' lang='lat' dir='ltr'>semper</span> <span class='ocrx_word' id='word_1_96' title='bbox 1077 2279 1187 2343; x_wconf 87' lang='lat' dir='ltr'>vicarii</span> <span class='ocrx_word' id='word_1_97' title='bbox 1210 2295 1306 2356; x_wconf 91' lang='lat' dir='ltr'>gene·</span> 
     </span>
     <span class='ocr_line' id='line_1_20' title="bbox 557 2373 1307 2452; baseline 0.003 -18"><span class='ocrx_word' id='word_1_98' title='bbox 557 2373 632 2436; x_wconf 87' lang='lat' dir='ltr'>ralis</span> <span class='ocrx_word' id='word_1_99' title='bbox 653 2374 739 2436; x_wconf 87' lang='lat' dir='ltr'>iuter</span> <span class='ocrx_word' id='word_1_100' title='bbox 761 2374 964 2450; x_wconf 88' lang='lat' dir='ltr'>hegumenos</span> <span class='ocrx_word' id='word_1_101' title='bbox 983 2373 1247 2452; x_wconf 78' lang='lat' dir='ltr'>praeeminentia,</span> <span class='ocrx_word' id='word_1_102' title='bbox 1270 2381 1307 2436; x_wconf 93' lang='lat' dir='ltr'>ut</span> 
     </span>
     <span class='ocr_line' id='line_1_21' title="bbox 558 2465 1307 2530; baseline 0.003 -2"><span class='ocrx_word' id='word_1_103' title='bbox 558 2467 677 2530; x_wconf 91' lang='lat' dir='ltr'>dictum</span> <span class='ocrx_word' id='word_1_104' title='bbox 707 2473 756 2530; x_wconf 89' lang='lat' dir='ltr'>est</span> <span class='ocrx_word' id='word_1_105' title='bbox 776 2466 861 2529; x_wconf 93' lang='lat' dir='ltr'>alibi.</span> <span class='ocrx_word' id='word_1_106' title='bbox 893 2465 1032 2530; x_wconf 79' lang='lat' dir='ltr'>vivente</span> <span class='ocrx_word' id='word_1_107' title='bbox 1063 2473 1169 2529; x_wconf 88' lang='lat' dir='ltr'>tamen</span> <span class='ocrx_word' id='word_1_108' title='bbox 1195 2467 1307 2530; x_wconf 85' lang='lat' dir='ltr'>abbate</span> 
     </span>
     <span class='ocr_line' id='line_1_22' title="bbox 559 2561 1307 2640; baseline -0.001 -16"><span class='ocrx_word' id='word_1_109' title='bbox 559 2561 721 2638; x_wconf 88' lang='lat' dir='ltr'>generali,</span> <span class='ocrx_word' id='word_1_110' title='bbox 746 2561 841 2622; x_wconf 87' lang='lat' dir='ltr'>etiam</span> <span class='ocrx_word' id='word_1_111' title='bbox 871 2561 998 2638; x_wconf 92' lang='lat' dir='ltr'>quando</span> <span class='ocrx_word' id='word_1_112' title='bbox 1020 2561 1059 2624; x_wconf 91' lang='lat' dir='ltr'>de</span> <span class='ocrx_word' id='word_1_113' title='bbox 1087 2561 1187 2640; x_wconf 89' lang='lat' dir='ltr'>ipsius</span> <span class='ocrx_word' id='word_1_114' title='bbox 1215 2562 1307 2624; x_wconf 77' lang='lat' dir='ltr'>causi</span> 
     </span>
     <span class='ocr_line' id='line_1_23' title="bbox 558 2655 1307 2734; baseline 0.004 -18"><span class='ocrx_word' id='word_1_115' title='bbox 558 2655 720 2732; x_wconf 92' lang='lat' dir='ltr'>agendum</span> <span class='ocrx_word' id='word_1_116' title='bbox 743 2661 801 2728; x_wconf 86' lang='lat' dir='ltr'>est,</span> <span class='ocrx_word' id='word_1_117' title='bbox 816 2655 849 2716; x_wconf 97' lang='lat' dir='ltr'>in</span> <span class='ocrx_word' id='word_1_118' title='bbox 871 2655 998 2728; x_wconf 90' lang='lat' dir='ltr'>litteris,</span> <span class='ocrx_word' id='word_1_119' title='bbox 1015 2656 1049 2718; x_wconf 93' lang='lat' dir='ltr'>in</span> <span class='ocrx_word' id='word_1_120' title='bbox 1066 2656 1182 2734; x_wconf 90' lang='lat' dir='ltr'>quibus</span> <span class='ocrx_word' id='word_1_121' title='bbox 1198 2656 1236 2718; x_wconf 87' lang='lat' dir='ltr'>ab</span> <span class='ocrx_word' id='word_1_122' title='bbox 1253 2657 1307 2720; x_wconf 90' lang='lat' dir='ltr'>he-</span> 
     </span>
     <span class='ocr_line' id='line_1_24' title="bbox 560 2749 1308 2828; baseline 0.003 -18"><span class='ocrx_word' id='word_1_123' title='bbox 560 2749 710 2828; x_wconf 89' lang='lat' dir='ltr'>gumenis</span> <span class='ocrx_word' id='word_1_124' title='bbox 738 2749 948 2827; x_wconf 89' lang='lat' dir='ltr'>congregatio</span> <span class='ocrx_word' id='word_1_125' title='bbox 977 2749 1155 2822; x_wconf 90' lang='lat' dir='ltr'>indicetur,</span> <span class='ocrx_word' id='word_1_126' title='bbox 1187 2767 1308 2814; x_wconf 90' lang='lat' dir='ltr'>nomen</span> 
     </span>
     <span class='ocr_line' id='line_1_25' title="bbox 559 2843 1308 2922; baseline 0.003 -18"><span class='ocrx_word' id='word_1_127' title='bbox 559 2843 703 2906; x_wconf 88' lang='lat' dir='ltr'>eiusdem</span> <span class='ocrx_word' id='word_1_128' title='bbox 732 2843 851 2906; x_wconf 91' lang='lat' dir='ltr'>abbatis</span> <span class='ocrx_word' id='word_1_129' title='bbox 880 2851 1094 2922; x_wconf 87' lang='lat' dir='ltr'>praeponatur</span> <span class='ocrx_word' id='word_1_130' title='bbox 1124 2845 1308 2909; x_wconf 90' lang='lat' dir='ltr'>nominibus</span> 
     </span>
     <span class='ocr_line' id='line_1_26' title="bbox 559 2937 834 3015; baseline 0 -15"><span class='ocrx_word' id='word_1_131' title='bbox 559 2937 834 3015; x_wconf 88' lang='lat' dir='ltr'>hegumenorum.</span> 
     </span>
     <span class='ocr_line' id='line_1_27' title="bbox 350 3029 1307 3108; baseline 0.003 -14"><span class='ocrx_word' id='word_1_132' title='bbox 350 3047 384 3094; x_wconf 75' lang='lat' dir='ltr'>oe</span> <span class='ocrx_word' id='word_1_133' title='bbox 399 3042 541 3090; x_wconf 72' lang='lat' dir='ltr'>incautione</span> <span class='ocrx_word' id='word_1_134' title='bbox 599 3049 648 3094; x_wconf 94' lang='grc' dir='ltr'><strong>ιιι.</strong></span> <span class='ocrx_word' id='word_1_135' title='bbox 664 3029 794 3095; x_wconf 89' lang='lat' dir='ltr'>Duobus</span> <span class='ocrx_word' id='word_1_136' title='bbox 806 3032 920 3096; x_wconf 91' lang='lat' dir='ltr'>saltem</span> <span class='ocrx_word' id='word_1_137' title='bbox 932 3032 1099 3096; x_wconf 87' lang='lat' dir='ltr'>mensibus</span> <span class='ocrx_word' id='word_1_138' title='bbox 1117 3039 1190 3096; x_wconf 90' lang='lat' dir='ltr'>ante</span> <span class='ocrx_word' id='word_1_139' title='bbox 1209 3034 1307 3108; x_wconf 88' lang='lat' dir='ltr'>diem,</span> 
     </span>
     <span class='ocr_line' id='line_1_28' title="bbox 328 3107 1309 3206; baseline -0.007 -8"><span class='ocrx_word' id='word_1_140' title='bbox 328 3109 446 3198; x_wconf 49' lang='lat' dir='ltr'>ss‘a&#39;r‘iffg&#39;</span> <span class='ocrx_word' id='word_1_141' title='bbox 467 3107 540 3154; x_wconf 51' lang='grc' dir='ltr'>Μ’</span> <span class='ocrx_word' id='word_1_142' title='bbox 560 3143 625 3206; x_wconf 94' lang='lat' dir='ltr'>quo</span> <span class='ocrx_word' id='word_1_143' title='bbox 640 3125 829 3190; x_wconf 90' lang='lat' dir='ltr'>celebranda</span> <span class='ocrx_word' id='word_1_144' title='bbox 841 3125 903 3189; x_wconf 90' lang='lat' dir='ltr'>erit</span> <span class='ocrx_word' id='word_1_145' title='bbox 919 3127 1138 3205; x_wconf 86' lang='lat' dir='ltr'>congregatio,</span> <span class='ocrx_word' id='word_1_146' title='bbox 1152 3127 1309 3191; x_wconf 90' lang='lat' dir='ltr'>indicatur</span> 
     </span>
     <span class='ocr_line' id='line_1_29' title="bbox 561 3221 1311 3302; baseline -0.001 -16"><span class='ocrx_word' id='word_1_147' title='bbox 561 3238 619 3301; x_wconf 88' lang='lat' dir='ltr'>per</span> <span class='ocrx_word' id='word_1_148' title='bbox 635 3221 811 3302; x_wconf 74' lang='lat' dir='ltr'>encyclicas</span> <span class='ocrx_word' id='word_1_149' title='bbox 826 3221 976 3300; x_wconf 90' lang='lat' dir='ltr'>epistolas</span> <span class='ocrx_word' id='word_1_150' title='bbox 987 3221 1025 3284; x_wconf 92' lang='lat' dir='ltr'>ab</span> <span class='ocrx_word' id='word_1_151' title='bbox 1040 3221 1151 3284; x_wconf 91' lang='lat' dir='ltr'>abbate</span> <span class='ocrx_word' id='word_1_152' title='bbox 1167 3223 1311 3299; x_wconf 91' lang='lat' dir='ltr'>generali</span> 
     </span>
     <span class='ocr_line' id='line_1_30' title="bbox 561 3315 1311 3395; baseline 0.001 -16"><span class='ocrx_word' id='word_1_153' title='bbox 561 3322 594 3380; x_wconf 88' lang='lat' dir='ltr'>et</span> <span class='ocrx_word' id='word_1_154' title='bbox 615 3315 810 3393; x_wconf 81' lang='lat' dir='ltr'>hegumenis</span> <span class='ocrx_word' id='word_1_155' title='bbox 824 3315 1018 3395; x_wconf 89' lang='lat' dir='ltr'>subscriptas</span> <span class='ocrx_word' id='word_1_156' title='bbox 1034 3321 1066 3379; x_wconf 90' lang='lat' dir='ltr'>et</span> <span class='ocrx_word' id='word_1_157' title='bbox 1080 3315 1116 3378; x_wconf 93' lang='lat' dir='ltr'>ad</span> <span class='ocrx_word' id='word_1_158' title='bbox 1133 3315 1240 3378; x_wconf 85' lang='lat' dir='ltr'>omnia</span> <span class='ocrx_word' id='word_1_159' title='bbox 1255 3333 1311 3380; x_wconf 92' lang='lat' dir='ltr'>no-</span> 
     </span>
     <span class='ocr_line' id='line_1_31' title="bbox 560 3407 1310 3488; baseline 0.001 -16"><span class='ocrx_word' id='word_1_160' title='bbox 560 3411 619 3472; x_wconf 87' lang='lat' dir='ltr'>stri</span> <span class='ocrx_word' id='word_1_161' title='bbox 640 3407 766 3484; x_wconf 75' lang='lat' dir='ltr'>Ordinis</span> <span class='ocrx_word' id='word_1_162' title='bbox 796 3409 989 3472; x_wconf 89' lang='lat' dir='ltr'>monasteria</span> <span class='ocrx_word' id='word_1_163' title='bbox 1016 3409 1140 3472; x_wconf 89' lang='lat' dir='ltr'>missas.</span> <span class='ocrx_word' id='word_1_164' title='bbox 1170 3409 1202 3473; x_wconf 91' lang='lat' dir='ltr'>Si</span> <span class='ocrx_word' id='word_1_165' title='bbox 1225 3411 1310 3488; x_wconf 94' lang='lat' dir='ltr'>quod</span> 
     </span>
     <span class='ocr_line' id='line_1_32' title="bbox 561 3502 1310 3582; baseline 0.005 -18"><span class='ocrx_word' id='word_1_166' title='bbox 561 3519 641 3566; x_wconf 89' lang='lat' dir='ltr'>vero</span> <span class='ocrx_word' id='word_1_167' title='bbox 653 3503 886 3566; x_wconf 88' lang='lat' dir='ltr'>monasterium</span> <span class='ocrx_word' id='word_1_168' title='bbox 898 3502 1027 3582; x_wconf 87' lang='lat' dir='ltr'>longius</span> <span class='ocrx_word' id='word_1_169' title='bbox 1041 3503 1146 3577; x_wconf 91' lang='lat' dir='ltr'>distet,</span> <span class='ocrx_word' id='word_1_170' title='bbox 1161 3509 1210 3567; x_wconf 91' lang='lat' dir='ltr'>tot</span> <span class='ocrx_word' id='word_1_171' title='bbox 1221 3521 1310 3568; x_wconf 91' lang='lat' dir='ltr'>men-</span> 
     </span>
     <span class='ocr_line' id='line_1_33' title="bbox 561 3595 1310 3676; baseline 0.004 -17"><span class='ocrx_word' id='word_1_172' title='bbox 561 3598 649 3661; x_wconf 89' lang='lat' dir='ltr'>sibus</span> <span class='ocrx_word' id='word_1_173' title='bbox 671 3603 744 3660; x_wconf 88' lang='lat' dir='ltr'>ante</span> <span class='ocrx_word' id='word_1_174' title='bbox 770 3595 937 3661; x_wconf 84' lang='lat' dir='ltr'>indicenda</span> <span class='ocrx_word' id='word_1_175' title='bbox 960 3597 1038 3671; x_wconf 93' lang='lat' dir='ltr'>erit,</span> <span class='ocrx_word' id='word_1_176' title='bbox 1062 3603 1142 3676; x_wconf 89' lang='lat' dir='ltr'>quot</span> <span class='ocrx_word' id='word_1_177' title='bbox 1162 3597 1310 3662; x_wconf 84' lang='lat' dir='ltr'>sufficere</span> 
     </span>
     <span class='ocr_line' id='line_1_34' title="bbox 561 3689 1312 3768; baseline 0.004 -17"><span class='ocrx_word' id='word_1_178' title='bbox 561 3691 760 3754; x_wconf 90' lang='lat' dir='ltr'>videbuntur</span> <span class='ocrx_word' id='word_1_179' title='bbox 787 3689 905 3754; x_wconf 91' lang='lat' dir='ltr'>iudicio</span> <span class='ocrx_word' id='word_1_180' title='bbox 933 3691 1207 3768; x_wconf 89' lang='lat' dir='ltr'>hegumenorum.</span> <span class='ocrx_word' id='word_1_181' title='bbox 1238 3691 1312 3754; x_wconf 89' lang='lat' dir='ltr'>Dies</span> 
     </span>
     <span class='ocr_line' id='line_1_35' title="bbox 562 3785 1312 3864; baseline 0 -16"><span class='ocrx_word' id='word_1_182' title='bbox 562 3791 670 3848; x_wconf 90' lang='lat' dir='ltr'>autem</span> <span class='ocrx_word' id='word_1_183' title='bbox 682 3785 926 3864; x_wconf 82' lang='lat' dir='ltr'>congregationi</span> <span class='ocrx_word' id='word_1_184' title='bbox 938 3785 1147 3850; x_wconf 86' lang='lat' dir='ltr'>celebrandae</span> <span class='ocrx_word' id='word_1_185' title='bbox 1160 3786 1312 3850; x_wconf 89' lang='lat' dir='ltr'>destinari</span> 
     </span>
     <span class='ocr_line' id='line_1_36' title="bbox 563 3877 1311 3958; baseline 0.001 -17"><span class='ocrx_word' id='word_1_186' title='bbox 563 3880 666 3954; x_wconf 85' lang='lat' dir='ltr'>solite,</span> <span class='ocrx_word' id='word_1_187' title='bbox 684 3885 733 3942; x_wconf 89' lang='lat' dir='ltr'>est</span> <span class='ocrx_word' id='word_1_188' title='bbox 748 3879 870 3942; x_wconf 88' lang='lat' dir='ltr'>decima</span> <span class='ocrx_word' id='word_1_189' title='bbox 892 3878 1091 3954; x_wconf 81' lang='lat' dir='ltr'>novembris,</span> <span class='ocrx_word' id='word_1_190' title='bbox 1109 3895 1170 3958; x_wconf 91' lang='lat' dir='ltr'>qua</span> <span class='ocrx_word' id='word_1_191' title='bbox 1185 3877 1311 3944; x_wconf 87' lang='lat' dir='ltr'>Ordinis</span> 
     </span>
     <span class='ocr_line' id='line_1_37' title="bbox 563 3973 1163 4051; baseline 0 -15"><span class='ocrx_word' id='word_1_192' title='bbox 563 3974 666 4036; x_wconf 90' lang='lat' dir='ltr'>nostri</span> <span class='ocrx_word' id='word_1_193' title='bbox 687 3973 903 4051; x_wconf 79' lang='lat' dir='ltr'>congregatio</span> <span class='ocrx_word' id='word_1_194' title='bbox 924 3973 1070 4038; x_wconf 85' lang='lat' dir='ltr'>instituta</span> <span class='ocrx_word' id='word_1_195' title='bbox 1091 3973 1163 4038; x_wconf 89' lang='lat' dir='ltr'>luit.</span> 
     </span>
     <span class='ocr_line' id='line_1_38' title="bbox 603 4067 1313 4147; baseline 0.003 -15"><span class='ocrx_word' id='word_1_196' title='bbox 603 4087 646 4132; x_wconf 87' lang='grc' dir='ltr'>ιι.</span> <span class='ocrx_word' id='word_1_197' title='bbox 670 4068 718 4132; x_wconf 86' lang='lat' dir='ltr'>hd</span> <span class='ocrx_word' id='word_1_198' title='bbox 739 4067 1026 4146; x_wconf 82' lang='lat' dir='ltr'>congregationem</span> <span class='ocrx_word' id='word_1_199' title='bbox 1050 4070 1236 4147; x_wconf 90' lang='lat' dir='ltr'>generalem</span> <span class='ocrx_word' id='word_1_200' title='bbox 1257 4087 1313 4134; x_wconf 95' lang='lat' dir='ltr'>vo-</span> 
     </span>
     <span class='ocr_line' id='line_1_39' title="bbox 564 4161 1313 4240; baseline 0.001 -14"><span class='ocrx_word' id='word_1_201' title='bbox 564 4161 655 4226; x_wconf 88' lang='lat' dir='ltr'>candi</span> <span class='ocrx_word' id='word_1_202' title='bbox 677 4168 785 4236; x_wconf 90' lang='lat' dir='ltr'>eruut,</span> <span class='ocrx_word' id='word_1_203' title='bbox 809 4161 904 4240; x_wconf 84' lang='lat' dir='ltr'>eique</span> <span class='ocrx_word' id='word_1_204' title='bbox 919 4161 1076 4224; x_wconf 88' lang='lat' dir='ltr'>interesse</span> <span class='ocrx_word' id='word_1_205' title='bbox 1099 4169 1132 4226; x_wconf 91' lang='lat' dir='ltr'>et</span> <span class='ocrx_word' id='word_1_206' title='bbox 1152 4163 1186 4228; x_wconf 94' lang='lat' dir='ltr'>in</span> <span class='ocrx_word' id='word_1_207' title='bbox 1208 4163 1244 4226; x_wconf 83' lang='lat' dir='ltr'>ea</span> <span class='ocrx_word' id='word_1_208' title='bbox 1258 4179 1313 4227; x_wconf 91' lang='lat' dir='ltr'>vo-</span> 
     </span>
     <span class='ocr_line' id='line_1_40' title="bbox 565 4255 1314 4336; baseline 0 -16"><span class='ocrx_word' id='word_1_209' title='bbox 565 4271 635 4320; x_wconf 90' lang='lat' dir='ltr'>cem</span> <span class='ocrx_word' id='word_1_210' title='bbox 647 4255 767 4319; x_wconf 87' lang='lat' dir='ltr'>habere</span> <span class='ocrx_word' id='word_1_211' title='bbox 779 4261 943 4335; x_wconf 89' lang='lat' dir='ltr'>poterunt,</span> <span class='ocrx_word' id='word_1_212' title='bbox 956 4262 1085 4335; x_wconf 90' lang='lat' dir='ltr'>praeter</span> <span class='ocrx_word' id='word_1_213' title='bbox 1096 4256 1243 4320; x_wconf 89' lang='lat' dir='ltr'>abbatem</span> <span class='ocrx_word' id='word_1_214' title='bbox 1260 4274 1314 4336; x_wconf 92' lang='lat' dir='ltr'>ge-</span> 
     </span>
     <span class='ocr_line' id='line_1_41' title="bbox 564 4349 1314 4430; baseline 0.005 -18"><span class='ocrx_word' id='word_1_215' title='bbox 564 4349 708 4413; x_wconf 90' lang='lat' dir='ltr'>neralem</span> <span class='ocrx_word' id='word_1_216' title='bbox 721 4355 753 4412; x_wconf 91' lang='lat' dir='ltr'>et</span> <span class='ocrx_word' id='word_1_217' title='bbox 763 4355 902 4428; x_wconf 87' lang='lat' dir='ltr'>quatuor</span> <span class='ocrx_word' id='word_1_218' title='bbox 914 4349 1118 4428; x_wconf 88' lang='lat' dir='ltr'>hegumenos</span> <span class='ocrx_word' id='word_1_219' title='bbox 1134 4367 1314 4430; x_wconf 87' lang='lat' dir='ltr'>eorumque</span> 
     </span>
     <span class='ocr_line' id='line_1_42' title="bbox 488 4443 1315 4526; baseline 0.006 -22"><span class='ocrx_word' id='word_1_220' title='bbox 488 4456 493 4462; x_wconf 90' lang='lat'><em>·</em></span> <span class='ocrx_word' id='word_1_221' title='bbox 563 4443 699 4506; x_wconf 92' lang='lat' dir='ltr'>vicarios</span> <span class='ocrx_word' id='word_1_222' title='bbox 720 4443 761 4526; x_wconf 93' lang='lat' dir='ltr'>(si</span> <span class='ocrx_word' id='word_1_223' title='bbox 782 4444 838 4522; x_wconf 95' lang='lat' dir='ltr'>qui</span> <span class='ocrx_word' id='word_1_224' title='bbox 859 4451 950 4508; x_wconf 89' lang='lat' dir='ltr'>autea</span> <span class='ocrx_word' id='word_1_225' title='bbox 973 4444 1067 4508; x_wconf 86' lang='lat' dir='ltr'>electi</span> <span class='ocrx_word' id='word_1_226' title='bbox 1088 4444 1239 4526; x_wconf 84' lang='lat' dir='ltr'>luerent),</span> <span class='ocrx_word' id='word_1_227' title='bbox 1263 4447 1315 4509; x_wconf 91' lang='lat' dir='ltr'>ab·</span> 
     </span>
     <span class='ocr_line' id='line_1_43' title="bbox 564 4537 1316 4619; baseline 0.007 -20"><span class='ocrx_word' id='word_1_228' title='bbox 564 4537 652 4602; x_wconf 89' lang='lat' dir='ltr'>bates</span> <span class='ocrx_word' id='word_1_229' title='bbox 665 4555 778 4602; x_wconf 89' lang='lat' dir='ltr'>omnes</span> <span class='ocrx_word' id='word_1_230' title='bbox 800 4543 865 4602; x_wconf 86' lang='lat' dir='ltr'>tam</span> <span class='ocrx_word' id='word_1_231' title='bbox 880 4539 1120 4619; x_wconf 87' lang='lat' dir='ltr'>provinciarum</span> <span class='ocrx_word' id='word_1_232' title='bbox 1137 4553 1232 4618; x_wconf 87' lang='lat' dir='ltr'>quam</span> <span class='ocrx_word' id='word_1_233' title='bbox 1248 4555 1316 4604; x_wconf 91' lang='lat' dir='ltr'>mo·</span> 
     </span>
     <span class='ocr_line' id='line_1_44' title="bbox 564 4633 1315 4712; baseline 0.007 -18"><span class='ocrx_word' id='word_1_234' title='bbox 564 4633 796 4708; x_wconf 87' lang='lat' dir='ltr'>nasteriorum,</span> <span class='ocrx_word' id='word_1_235' title='bbox 822 4639 948 4696; x_wconf 91' lang='lat' dir='ltr'>etcum</span> <span class='ocrx_word' id='word_1_236' title='bbox 977 4649 1175 4712; x_wconf 92' lang='lat' dir='ltr'>unoquoque</span> <span class='ocrx_word' id='word_1_237' title='bbox 1204 4634 1315 4699; x_wconf 87' lang='lat' dir='ltr'>abbate</span> 
     </span>
     <span class='ocr_line' id='line_1_45' title="bbox 564 4727 1315 4806; baseline 0.005 -17"><span class='ocrx_word' id='word_1_238' title='bbox 564 4727 669 4790; x_wconf 86' lang='lat' dir='ltr'>socius</span> <span class='ocrx_word' id='word_1_239' title='bbox 684 4745 701 4790; x_wconf 94' lang='lat' dir='ltr'>a</span> <span class='ocrx_word' id='word_1_240' title='bbox 716 4728 967 4806; x_wconf 89' lang='lat' dir='ltr'>congregatione</span> <span class='ocrx_word' id='word_1_241' title='bbox 984 4728 1217 4792; x_wconf 87' lang='lat' dir='ltr'>monachorum</span> <span class='ocrx_word' id='word_1_242' title='bbox 1230 4729 1315 4794; x_wconf 90' lang='lat' dir='ltr'>illius</span> 
     </span>
     <span class='ocr_line' id='line_1_46' title="bbox 565 4821 1315 4902; baseline 0.003 -18"><span class='ocrx_word' id='word_1_243' title='bbox 565 4823 752 4886; x_wconf 87' lang='lat' dir='ltr'>monasterii</span> <span class='ocrx_word' id='word_1_244' title='bbox 785 4821 923 4885; x_wconf 87' lang='lat' dir='ltr'>electus:</span> <span class='ocrx_word' id='word_1_245' title='bbox 959 4828 1120 4901; x_wconf 87' lang='lat' dir='ltr'>quotquot</span> <span class='ocrx_word' id='word_1_246' title='bbox 1150 4833 1315 4902; x_wconf 89' lang='lat' dir='ltr'>praeterea</span> 
     </span>
     <span class='ocr_line' id='line_1_47' title="bbox 566 4917 1316 4995; baseline 0.004 -17"><span class='ocrx_word' id='word_1_247' title='bbox 566 4917 668 4980; x_wconf 88' lang='lat' dir='ltr'>cilicio</span> <span class='ocrx_word' id='word_1_248' title='bbox 697 4917 817 4980; x_wconf 86' lang='lat' dir='ltr'>abbatis</span> <span class='ocrx_word' id='word_1_249' title='bbox 847 4917 1007 4995; x_wconf 90' lang='lat' dir='ltr'>generalis</span> <span class='ocrx_word' id='word_1_250' title='bbox 1033 4917 1087 4980; x_wconf 92' lang='lat' dir='ltr'>vel</span> <span class='ocrx_word' id='word_1_251' title='bbox 1114 4917 1316 4995; x_wconf 90' lang='lat' dir='ltr'>hegumeno·</span> 
     </span>
     <span class='ocr_line' id='line_1_48' title="bbox 564 5010 1315 5084; baseline 0.003 -11"><span class='ocrx_word' id='word_1_252' title='bbox 564 5025 640 5074; x_wconf 91' lang='lat' dir='ltr'>rum</span> <span class='ocrx_word' id='word_1_253' title='bbox 669 5010 771 5076; x_wconf 89' lang='lat' dir='ltr'>iuncti</span> <span class='ocrx_word' id='word_1_254' title='bbox 799 5017 891 5084; x_wconf 90' lang='lat' dir='ltr'>sunt,</span> <span class='ocrx_word' id='word_1_255' title='bbox 915 5011 1012 5074; x_wconf 93' lang='lat' dir='ltr'>modo</span> <span class='ocrx_word' id='word_1_256' title='bbox 1040 5028 1106 5074; x_wconf 93' lang='lat' dir='ltr'>non</span> <span class='ocrx_word' id='word_1_257' title='bbox 1128 5010 1250 5075; x_wconf 89' lang='lat' dir='ltr'>luerint</span> <span class='ocrx_word' id='word_1_258' title='bbox 1275 5013 1315 5076; x_wconf 95' lang='lat' dir='ltr'>ob</span> 
     </span>
     <span class='ocr_line' id='line_1_49' title="bbox 567 5105 1316 5184; baseline -0.001 -15"><span class='ocrx_word' id='word_1_259' title='bbox 567 5105 710 5169; x_wconf 86' lang='lat' dir='ltr'>delectus</span> <span class='ocrx_word' id='word_1_260' title='bbox 722 5105 846 5183; x_wconf 90' lang='lat' dir='ltr'>aliquos</span> <span class='ocrx_word' id='word_1_261' title='bbox 861 5105 1014 5184; x_wconf 90' lang='lat' dir='ltr'>depositi:</span> <span class='ocrx_word' id='word_1_262' title='bbox 1029 5105 1067 5168; x_wconf 92' lang='lat' dir='ltr'>iis</span> <span class='ocrx_word' id='word_1_263' title='bbox 1079 5112 1187 5168; x_wconf 90' lang='lat' dir='ltr'>autem</span> <span class='ocrx_word' id='word_1_264' title='bbox 1199 5122 1316 5168; x_wconf 92' lang='lat' dir='ltr'>unum-</span> 
     </span>
     <span class='ocr_line' id='line_1_50' title="bbox 565 5198 1316 5277; baseline 0.004 -15"><span class='ocrx_word' id='word_1_265' title='bbox 565 5199 718 5277; x_wconf 84' lang='lat' dir='ltr'>quodque</span> <span class='ocrx_word' id='word_1_266' title='bbox 740 5198 974 5262; x_wconf 89' lang='lat' dir='ltr'>mouasterium</span> <span class='ocrx_word' id='word_1_267' title='bbox 993 5199 1032 5261; x_wconf 92' lang='lat' dir='ltr'>do</span> <span class='ocrx_word' id='word_1_268' title='bbox 1054 5199 1235 5262; x_wconf 91' lang='lat' dir='ltr'>necessario</span> <span class='ocrx_word' id='word_1_269' title='bbox 1252 5200 1316 5266; x_wconf 89' lang='lat' dir='ltr'>via·</span> 
     </span>
     <span class='ocr_line' id='line_1_51' title="bbox 565 5293 1316 5373; baseline 0.003 -17"><span class='ocrx_word' id='word_1_270' title='bbox 565 5294 628 5357; x_wconf 91' lang='lat' dir='ltr'>tico</span> <span class='ocrx_word' id='word_1_271' title='bbox 657 5293 839 5372; x_wconf 86' lang='lat' dir='ltr'>providebit</span> <span class='ocrx_word' id='word_1_272' title='bbox 865 5301 930 5357; x_wconf 92' lang='lat' dir='ltr'>tam</span> <span class='ocrx_word' id='word_1_273' title='bbox 963 5294 997 5356; x_wconf 91' lang='lat' dir='ltr'>in</span> <span class='ocrx_word' id='word_1_274' title='bbox 1026 5295 1133 5358; x_wconf 92' lang='lat' dir='ltr'>eundo</span> <span class='ocrx_word' id='word_1_275' title='bbox 1162 5310 1257 5373; x_wconf 88' lang='lat' dir='ltr'>quam</span> <span class='ocrx_word' id='word_1_276' title='bbox 1282 5295 1316 5358; x_wconf 95' lang='lat' dir='ltr'>in</span> 
     </span>
     <span class='ocr_line' id='line_1_52' title="bbox 566 5387 1315 5473; baseline 0.004 -24"><span class='ocrx_word' id='word_1_277' title='bbox 566 5388 750 5452; x_wconf 89' lang='lat' dir='ltr'>redeundo:</span> <span class='ocrx_word' id='word_1_278' title='bbox 777 5388 817 5452; x_wconf 93' lang='lat' dir='ltr'>oh</span> <span class='ocrx_word' id='word_1_279' title='bbox 839 5404 937 5467; x_wconf 89' lang='lat' dir='ltr'>quem</span> <span class='ocrx_word' id='word_1_280' title='bbox 956 5387 1058 5473; x_wconf 75' lang='lat' dir='ltr'>¹finem</span> <span class='ocrx_word' id='word_1_281' title='bbox 1082 5405 1098 5450; x_wconf 92' lang='lat' dir='ltr'>a</span> <span class='ocrx_word' id='word_1_282' title='bbox 1119 5387 1315 5468; x_wconf 86' lang='lat' dir='ltr'>primoribus</span> 
     </span>
     <span class='ocr_line' id='line_1_53' title="bbox 566 5481 1316 5548; baseline 0.003 -4"><span class='ocrx_word' id='word_1_283' title='bbox 566 5489 636 5544; x_wconf 87' lang='lat' dir='ltr'>turn</span> <span class='ocrx_word' id='word_1_284' title='bbox 659 5483 880 5546; x_wconf 90' lang='lat' dir='ltr'>ecclesiasticis</span> <span class='ocrx_word' id='word_1_285' title='bbox 902 5482 1209 5546; x_wconf 86' lang='lat' dir='ltr'>tumsaecularibus</span> <span class='ocrx_word' id='word_1_286' title='bbox 1230 5481 1316 5548; x_wconf 90' lang='lat' dir='ltr'>illius</span> 
     </span>
     <span class='ocr_line' id='line_1_54' title="bbox 566 5576 1318 5656; baseline 0.003 -18"><span class='ocrx_word' id='word_1_287' title='bbox 566 5577 749 5656; x_wconf 88' lang='lat' dir='ltr'>provinciae</span> <span class='ocrx_word' id='word_1_288' title='bbox 764 5578 893 5642; x_wconf 88' lang='lat' dir='ltr'>abbates</span> <span class='ocrx_word' id='word_1_289' title='bbox 909 5577 1150 5656; x_wconf 82' lang='lat' dir='ltr'>eleemosynam</span> <span class='ocrx_word' id='word_1_290' title='bbox 1165 5576 1318 5655; x_wconf 91' lang='lat' dir='ltr'>colligant</span> 
     </span>
     <span class='ocr_line' id='line_1_55' title="bbox 567 5671 1000 5736; baseline 0.002 -3"><span class='ocrx_word' id='word_1_291' title='bbox 567 5676 599 5734; x_wconf 89' lang='lat' dir='ltr'>et</span> <span class='ocrx_word' id='word_1_292' title='bbox 621 5688 690 5734; x_wconf 90' lang='lat' dir='ltr'>eam</span> <span class='ocrx_word' id='word_1_293' title='bbox 711 5687 821 5736; x_wconf 92' lang='lat' dir='ltr'>secum</span> <span class='ocrx_word' id='word_1_294' title='bbox 843 5671 1000 5736; x_wconf 86' lang='lat' dir='ltr'>delerant.</span> 
     </span>
     <span class='ocr_line' id='line_1_56' title="bbox 335 5764 1317 5846; baseline 0.003 -18"><span class='ocrx_word' id='word_1_295' title='bbox 335 5779 458 5846; x_wconf 67' lang='lat' dir='ltr'>Legitima</span> <span class='ocrx_word' id='word_1_296' title='bbox 472 5777 549 5836; x_wconf 71' lang='lat' dir='ltr'>impe·</span> <span class='ocrx_word' id='word_1_297' title='bbox 608 5781 637 5826; x_wconf 88' lang='lat' dir='ltr'>v.</span> <span class='ocrx_word' id='word_1_298' title='bbox 662 5764 694 5828; x_wconf 88' lang='lat' dir='ltr'>Si</span> <span class='ocrx_word' id='word_1_299' title='bbox 716 5766 789 5844; x_wconf 87' lang='lat' dir='ltr'>quis</span> <span class='ocrx_word' id='word_1_300' title='bbox 810 5765 904 5828; x_wconf 89' lang='lat' dir='ltr'>abbas</span> <span class='ocrx_word' id='word_1_301' title='bbox 926 5765 980 5830; x_wconf 92' lang='lat' dir='ltr'>vel</span> <span class='ocrx_word' id='word_1_302' title='bbox 1002 5765 1104 5830; x_wconf 84' lang='lat' dir='ltr'>officio</span> <span class='ocrx_word' id='word_1_303' title='bbox 1126 5765 1246 5830; x_wconf 91' lang='lat' dir='ltr'>abbatis</span> <span class='ocrx_word' id='word_1_304' title='bbox 1263 5783 1317 5845; x_wconf 90' lang='lat' dir='ltr'>ge·</span> 
     </span>
     <span class='ocr_line' id='line_1_57' title="bbox 336 5831 1317 5939; baseline 0 -15"><span class='ocrx_word' id='word_1_305' title='bbox 336 5835 389 5936; x_wconf 53' lang='grc' dir='ltr'>ἓξὲξ</span> <span class='ocrx_word' id='word_1_306' title='bbox 402 5831 548 5936; x_wconf 45' lang='grc' dir='ltr'>Ἑζῖῗῗέῃῗῗῄ</span> <span class='ocrx_word' id='word_1_307' title='bbox 568 5859 687 5924; x_wconf 90' lang='lat' dir='ltr'>neralis</span> <span class='ocrx_word' id='word_1_308' title='bbox 699 5866 754 5922; x_wconf 91' lang='lat' dir='ltr'>aut</span> <span class='ocrx_word' id='word_1_309' title='bbox 768 5860 946 5938; x_wconf 90' lang='lat' dir='ltr'>hegumeni</span> <span class='ocrx_word' id='word_1_310' title='bbox 968 5859 1150 5936; x_wconf 80' lang='lat' dir='ltr'>defunctus,</span> <span class='ocrx_word' id='word_1_311' title='bbox 1175 5861 1215 5924; x_wconf 94' lang='lat' dir='ltr'>ob</span> <span class='ocrx_word' id='word_1_312' title='bbox 1237 5860 1317 5939; x_wconf 92' lang='lat' dir='ltr'>legi·</span> 
     </span>
    </p>
   </div>
   <div class='ocr_carea' id='block_1_3' title="bbox 570 5953 1317 6035">
    <p class='ocr_par' dir='ltr' id='par_1_3' title="bbox 570 5953 1317 6035">
     <span class='ocr_line' id='line_1_58' title="bbox 570 5953 1317 6035; baseline 0.003 -17"><span class='ocrx_word' id='word_1_313' title='bbox 570 5953 686 6018; x_wconf 87' lang='lat' dir='ltr'>timum</span> <span class='ocrx_word' id='word_1_314' title='bbox 714 5953 996 6035; x_wconf 88' lang='lat' dir='ltr'>impedimentum,</span> <span class='ocrx_word' id='word_1_315' title='bbox 1019 5973 1036 6017; x_wconf 94' lang='lat' dir='ltr'>a</span> <span class='ocrx_word' id='word_1_316' title='bbox 1065 5957 1317 6034; x_wconf 89' lang='lat' dir='ltr'>congregatione</span> 
     </span>
    </p>
   </div>
   <div class='ocr_carea' id='block_1_4' title="bbox 332 4075 545 4241">
    <p class='ocr_par' dir='ltr' id='par_1_4' title="bbox 332 4075 545 4241">
     <span class='ocr_line' id='line_1_59' title="bbox 371 4075 545 4130; baseline -0.011 -8"><span class='ocrx_word' id='word_1_317' title='bbox 371 4075 420 4130; x_wconf 87' lang='lat' dir='ltr'>oui</span> <span class='ocrx_word' id='word_1_318' title='bbox 437 4075 488 4123; x_wconf 85' lang='lat' dir='ltr'>sint</span> <span class='ocrx_word' id='word_1_319' title='bbox 503 4086 545 4121; x_wconf 85' lang='lat' dir='ltr'>ro-</span> 
     </span>
     <span class='ocr_line' id='line_1_60' title="bbox 332 4131 545 4176; baseline -0.009 0"><span class='ocrx_word' id='word_1_320' title='bbox 332 4131 407 4176; x_wconf 83' lang='lat' dir='ltr'>candl</span> <span class='ocrx_word' id='word_1_321' title='bbox 432 4132 464 4176; x_wconf 86' lang='lat' dir='ltr'>ad</span> <span class='ocrx_word' id='word_1_322' title='bbox 487 4141 545 4175; x_wconf 88' lang='lat' dir='ltr'>con·</span> 
     </span>
     <span class='ocr_line' id='line_1_61' title="bbox 332 4183 514 4241; baseline -0.011 -10"><span class='ocrx_word' id='word_1_323' title='bbox 332 4183 514 4241; x_wconf 81' lang='lat' dir='ltr'>gregationem.</span> 
     </span>
    </p>
   </div>
   <div class='ocr_carea' id='block_1_5' title="bbox 1071 555 1575 612">
    <p class='ocr_par' dir='ltr' id='par_1_5' title="bbox 1071 555 1575 612">
     <span class='ocr_line' id='line_1_62' title="bbox 1071 555 1575 612; baseline -0.01 -1"><span class='ocrx_word' id='word_1_324' title='bbox 1071 561 1136 612; x_wconf 82' lang='lat' dir='ltr'>ioh.</span> <span class='ocrx_word' id='word_1_325' title='bbox 1161 561 1253 610; x_wconf 78' lang='lat' dir='ltr'>PON&#39;l&#39;.</span> <span class='ocrx_word' id='word_1_326' title='bbox 1277 557 1318 608; x_wconf 81' lang='lat' dir='ltr'>bit</span> <span class='ocrx_word' id='word_1_327' title='bbox 1340 557 1369 608; x_wconf 78' lang='lat' dir='ltr'>P.</span> <span class='ocrx_word' id='word_1_328' title='bbox 1393 555 1424 607; x_wconf 63' lang='grc'>11.</span> <span class='ocrx_word' id='word_1_329' title='bbox 1448 556 1532 608; x_wconf 71' lang='lat' dir='ltr'>PARS</span> <span class='ocrx_word' id='word_1_330' title='bbox 1553 555 1575 606; x_wconf 85' lang='lat' dir='ltr'>l.</span> 
     </span>
    </p>
   </div>
   <div class='ocr_carea' id='block_1_6' title="bbox 1359 676 2323 3583">
    <p class='ocr_par' dir='ltr' id='par_1_6' title="bbox 1359 676 2323 1978">
     <span class='ocr_line' id='line_1_63' title="bbox 1360 676 2107 756; baseline -0.005 -14"><span class='ocrx_word' id='word_1_331' title='bbox 1360 680 1593 743; x_wconf 90' lang='lat' dir='ltr'>monachorum</span> <span class='ocrx_word' id='word_1_332' title='bbox 1620 677 1837 756; x_wconf 91' lang='lat' dir='ltr'>probandum,</span> <span class='ocrx_word' id='word_1_333' title='bbox 1861 692 1919 756; x_wconf 88' lang='lat' dir='ltr'>per</span> <span class='ocrx_word' id='word_1_334' title='bbox 1941 693 1976 739; x_wconf 90' lang='lat' dir='ltr'>se</span> <span class='ocrx_word' id='word_1_335' title='bbox 2000 676 2107 756; x_wconf 90' lang='lat' dir='ltr'>ipsum</span> 
     </span>
     <span class='ocr_line' id='line_1_64' title="bbox 1360 770 2109 851; baseline -0.007 -15"><span class='ocrx_word' id='word_1_336' title='bbox 1360 774 1471 838; x_wconf 92' lang='lat' dir='ltr'>adesse</span> <span class='ocrx_word' id='word_1_337' title='bbox 1493 771 1688 851; x_wconf 90' lang='lat' dir='ltr'>nequiverit,</span> <span class='ocrx_word' id='word_1_338' title='bbox 1706 771 1812 835; x_wconf 88' lang='lat' dir='ltr'>mittat</span> <span class='ocrx_word' id='word_1_339' title='bbox 1833 771 2027 834; x_wconf 91' lang='lat' dir='ltr'>monachum</span> <span class='ocrx_word' id='word_1_340' title='bbox 2042 770 2109 832; x_wconf 93' lang='lat' dir='ltr'>ido-</span> 
     </span>
     <span class='ocr_line' id='line_1_65' title="bbox 1360 863 2109 944; baseline -0.005 -14"><span class='ocrx_word' id='word_1_341' title='bbox 1360 883 1478 942; x_wconf 90' lang='lat' dir='ltr'>neum,</span> <span class='ocrx_word' id='word_1_342' title='bbox 1510 867 1565 944; x_wconf 93' lang='lat' dir='ltr'>qui</span> <span class='ocrx_word' id='word_1_343' title='bbox 1586 866 1673 930; x_wconf 89' lang='lat' dir='ltr'>vices</span> <span class='ocrx_word' id='word_1_344' title='bbox 1702 881 1774 928; x_wconf 81' lang='lat' dir='ltr'>suas</span> <span class='ocrx_word' id='word_1_345' title='bbox 1795 866 1828 928; x_wconf 91' lang='lat' dir='ltr'>in</span> <span class='ocrx_word' id='word_1_346' title='bbox 1856 863 2109 942; x_wconf 87' lang='lat' dir='ltr'>congregatione</span> 
     </span>
     <span class='ocr_line' id='line_1_66' title="bbox 1361 957 2110 1039; baseline -0.009 -14"><span class='ocrx_word' id='word_1_347' title='bbox 1361 960 1504 1039; x_wconf 88' lang='lat' dir='ltr'>generali</span> <span class='ocrx_word' id='word_1_348' title='bbox 1536 959 1697 1038; x_wconf 89' lang='lat' dir='ltr'>suppleat,</span> <span class='ocrx_word' id='word_1_349' title='bbox 1728 959 1907 1036; x_wconf 89' lang='lat' dir='ltr'>habeatque</span> <span class='ocrx_word' id='word_1_350' title='bbox 1939 959 2047 1020; x_wconf 91' lang='lat' dir='ltr'>locum</span> <span class='ocrx_word' id='word_1_351' title='bbox 2075 957 2110 1018; x_wconf 93' lang='lat' dir='ltr'>in</span> 
     </span>
     <span class='ocr_line' id='line_1_67' title="bbox 1359 1051 2110 1134; baseline -0.008 -16"><span class='ocrx_word' id='word_1_352' title='bbox 1359 1053 1612 1134; x_wconf 90' lang='lat' dir='ltr'>congregatione</span> <span class='ocrx_word' id='word_1_353' title='bbox 1640 1059 1802 1131; x_wconf 91' lang='lat' dir='ltr'>tamquam</span> <span class='ocrx_word' id='word_1_354' title='bbox 1830 1051 1970 1115; x_wconf 91' lang='lat' dir='ltr'>absentis</span> <span class='ocrx_word' id='word_1_355' title='bbox 1996 1067 2110 1130; x_wconf 91' lang='lat' dir='ltr'>procu-</span> 
     </span>
     <span class='ocr_line' id='line_1_68' title="bbox 1360 1144 2111 1226; baseline -0.004 -17"><span class='ocrx_word' id='word_1_356' title='bbox 1360 1155 1458 1212; x_wconf 87' lang='lat' dir='ltr'>rator.</span> <span class='ocrx_word' id='word_1_357' title='bbox 1481 1147 1540 1222; x_wconf 88' lang='lat' dir='ltr'>Qui</span> <span class='ocrx_word' id='word_1_358' title='bbox 1561 1153 1786 1226; x_wconf 88' lang='lat' dir='ltr'>veropropter</span> <span class='ocrx_word' id='word_1_359' title='bbox 1808 1145 2041 1210; x_wconf 88' lang='lat' dir='ltr'>contumaciam</span> <span class='ocrx_word' id='word_1_360' title='bbox 2056 1144 2111 1206; x_wconf 92' lang='lat' dir='ltr'>vel</span> 
     </span>
     <span class='ocr_line' id='line_1_69' title="bbox 1359 1239 2110 1320; baseline -0.005 -15"><span class='ocrx_word' id='word_1_361' title='bbox 1359 1244 1471 1306; x_wconf 92' lang='lat' dir='ltr'>inanes</span> <span class='ocrx_word' id='word_1_362' title='bbox 1494 1257 1602 1306; x_wconf 89' lang='lat' dir='ltr'>causas</span> <span class='ocrx_word' id='word_1_363' title='bbox 1624 1241 1735 1306; x_wconf 88' lang='lat' dir='ltr'>adesse</span> <span class='ocrx_word' id='word_1_364' title='bbox 1757 1239 1958 1320; x_wconf 82' lang='lat' dir='ltr'>neglexerit,</span> <span class='ocrx_word' id='word_1_365' title='bbox 1982 1239 2110 1316; x_wconf 79' lang='lat' dir='ltr'>cogniti</span> 
     </span>
     <span class='ocr_line' id='line_1_70' title="bbox 1361 1333 2112 1411; baseline -0.008 -11"><span class='ocrx_word' id='word_1_366' title='bbox 1361 1343 1393 1400; x_wconf 90' lang='lat' dir='ltr'>et</span> <span class='ocrx_word' id='word_1_367' title='bbox 1414 1335 1570 1399; x_wconf 74' lang='lat' dir='ltr'>declarati</span> <span class='ocrx_word' id='word_1_368' title='bbox 1598 1335 1667 1397; x_wconf 90' lang='lat' dir='ltr'>eius</span> <span class='ocrx_word' id='word_1_369' title='bbox 1690 1335 1782 1398; x_wconf 82' lang='lat' dir='ltr'>causat</span> <span class='ocrx_word' id='word_1_370' title='bbox 1802 1335 1836 1398; x_wconf 95' lang='lat' dir='ltr'>in</span> <span class='ocrx_word' id='word_1_371' title='bbox 1858 1333 2112 1411; x_wconf 79' lang='lat' dir='ltr'>congregatione</span> 
     </span>
     <span class='ocr_line' id='line_1_71' title="bbox 1362 1428 2111 1508; baseline -0.004 -15"><span class='ocrx_word' id='word_1_372' title='bbox 1362 1429 1516 1508; x_wconf 88' lang='lat' dir='ltr'>generali,</span> <span class='ocrx_word' id='word_1_373' title='bbox 1534 1429 1845 1504; x_wconf 80' lang='lat' dir='ltr'>excommunicetur,</span> <span class='ocrx_word' id='word_1_374' title='bbox 1863 1435 1895 1492; x_wconf 89' lang='lat' dir='ltr'>et</span> <span class='ocrx_word' id='word_1_375' title='bbox 1910 1428 2058 1491; x_wconf 92' lang='lat' dir='ltr'>monachi</span> <span class='ocrx_word' id='word_1_376' title='bbox 2072 1428 2111 1490; x_wconf 92' lang='lat' dir='ltr'>ab</span> 
     </span>
     <span class='ocr_line' id='line_1_72' title="bbox 1361 1522 2112 1604; baseline -0.007 -17"><span class='ocrx_word' id='word_1_377' title='bbox 1361 1525 1430 1588; x_wconf 90' lang='lat' dir='ltr'>eius</span> <span class='ocrx_word' id='word_1_378' title='bbox 1453 1523 1634 1587; x_wconf 83' lang='lat' dir='ltr'>obedientia</span> <span class='ocrx_word' id='word_1_379' title='bbox 1656 1523 1877 1586; x_wconf 88' lang='lat' dir='ltr'>absolvantur:</span> <span class='ocrx_word' id='word_1_380' title='bbox 1902 1522 1980 1604; x_wconf 90' lang='lat' dir='ltr'>socii</span> <span class='ocrx_word' id='word_1_381' title='bbox 2002 1527 2112 1584; x_wconf 86' lang='lat' dir='ltr'>autem</span> 
     </span>
     <span class='ocr_line' id='line_1_73' title="bbox 1361 1614 2113 1695; baseline -0.005 -14"><span class='ocrx_word' id='word_1_382' title='bbox 1361 1618 1522 1692; x_wconf 90' lang='lat' dir='ltr'>abbatum,</span> <span class='ocrx_word' id='word_1_383' title='bbox 1540 1617 1643 1695; x_wconf 93' lang='lat' dir='ltr'>quiin</span> <span class='ocrx_word' id='word_1_384' title='bbox 1665 1617 1919 1695; x_wconf 86' lang='lat' dir='ltr'>congregatione</span> <span class='ocrx_word' id='word_1_385' title='bbox 1940 1614 2113 1680; x_wconf 91' lang='lat' dir='ltr'>monacho-</span> 
     </span>
     <span class='ocr_line' id='line_1_74' title="bbox 1361 1709 2113 1790; baseline -0.004 -17"><span class='ocrx_word' id='word_1_386' title='bbox 1361 1729 1435 1775; x_wconf 86' lang='lat' dir='ltr'>rum</span> <span class='ocrx_word' id='word_1_387' title='bbox 1458 1712 1552 1776; x_wconf 91' lang='lat' dir='ltr'>electi</span> <span class='ocrx_word' id='word_1_388' title='bbox 1566 1711 1698 1782; x_wconf 90' lang='lat' dir='ltr'>luerint,</span> <span class='ocrx_word' id='word_1_389' title='bbox 1716 1711 1882 1774; x_wconf 90' lang='lat' dir='ltr'>neminem</span> <span class='ocrx_word' id='word_1_390' title='bbox 1902 1715 2038 1790; x_wconf 89' lang='lat' dir='ltr'>possunt</span> <span class='ocrx_word' id='word_1_391' title='bbox 2051 1709 2113 1772; x_wconf 90' lang='lat' dir='ltr'>sibi</span> 
     </span>
     <span class='ocr_line' id='line_1_75' title="bbox 1361 1804 2110 1880; baseline -0.005 -10"><span class='ocrx_word' id='word_1_392' title='bbox 1361 1807 1569 1880; x_wconf 86' lang='lat' dir='ltr'>substituere,</span> <span class='ocrx_word' id='word_1_393' title='bbox 1584 1822 1643 1868; x_wconf 89' lang='lat' dir='ltr'>uec</span> <span class='ocrx_word' id='word_1_394' title='bbox 1655 1821 1731 1868; x_wconf 91' lang='lat' dir='ltr'>suae</span> <span class='ocrx_word' id='word_1_395' title='bbox 1744 1806 1895 1870; x_wconf 86' lang='lat' dir='ltr'>electioni</span> <span class='ocrx_word' id='word_1_396' title='bbox 1906 1804 2110 1868; x_wconf 87' lang='lat' dir='ltr'>renunciare.</span> 
     </span>
     <span class='ocr_line' id='line_1_76' title="bbox 1402 1899 2323 1978; baseline 0 -18"><span class='ocrx_word' id='word_1_397' title='bbox 1402 1919 1444 1963; x_wconf 90' lang='lat' dir='ltr'>rr.</span> <span class='ocrx_word' id='word_1_398' title='bbox 1462 1900 1565 1964; x_wconf 90' lang='lat' dir='ltr'>Nemo</span> <span class='ocrx_word' id='word_1_399' title='bbox 1580 1900 1615 1962; x_wconf 95' lang='lat' dir='ltr'>in</span> <span class='ocrx_word' id='word_1_400' title='bbox 1630 1901 1882 1978; x_wconf 90' lang='lat' dir='ltr'>congrega-tione</span> <span class='ocrx_word' id='word_1_401' title='bbox 1898 1899 2042 1978; x_wconf 88' lang='lat' dir='ltr'>generali</span> <span class='ocrx_word' id='word_1_402' title='bbox 2056 1914 2113 1962; x_wconf 93' lang='lat' dir='ltr'>vo·</span> <span class='ocrx_word' id='word_1_403' title='bbox 2161 1913 2211 1966; x_wconf 83' lang='lat' dir='ltr'>om</span> <span class='ocrx_word' id='word_1_404' title='bbox 2227 1924 2297 1958; x_wconf 74' lang='lat' dir='ltr'>vom</span> <span class='ocrx_word' id='word_1_405' title='bbox 2308 1919 2323 1960; x_wconf 80' lang='grc' dir='ltr'>ι.</span> 
     </span>
    </p>

    <p class='ocr_par' dir='ltr' id='par_1_7' title="bbox 1362 1969 2320 3583">
     <span class='ocr_line' id='line_1_77' title="bbox 1362 1969 2320 2078; baseline 0.007 -18"><span class='ocrx_word' id='word_1_406' title='bbox 1362 2013 1432 2060; x_wconf 89' lang='lat' dir='ltr'>cem</span> <span class='ocrx_word' id='word_1_407' title='bbox 1444 1995 1568 2066; x_wconf 89' lang='lat' dir='ltr'>haheat,</span> <span class='ocrx_word' id='word_1_408' title='bbox 1583 1995 1644 2057; x_wconf 92' lang='lat' dir='ltr'>nisi</span> <span class='ocrx_word' id='word_1_409' title='bbox 1659 2011 1716 2056; x_wconf 82' lang='lat' dir='ltr'>sex</span> <span class='ocrx_word' id='word_1_410' title='bbox 1731 2010 1831 2058; x_wconf 87' lang='lat' dir='ltr'>annos</span> <span class='ocrx_word' id='word_1_411' title='bbox 1848 1995 1881 2058; x_wconf 92' lang='lat' dir='ltr'>in</span> <span class='ocrx_word' id='word_1_412' title='bbox 1896 1995 2014 2058; x_wconf 90' lang='lat' dir='ltr'>Ordine</span> <span class='ocrx_word' id='word_1_413' title='bbox 2027 2011 2114 2058; x_wconf 88' lang='lat' dir='ltr'>com·</span> <span class='ocrx_word' id='word_1_414' title='bbox 2135 1969 2320 2078; x_wconf 45' lang='lat' dir='ltr'>ssssnngifrfiia&#39;i&#39;ilf&#39;</span> 
     </span>
     <span class='ocr_line' id='line_1_78' title="bbox 1362 2089 2111 2170; baseline -0.001 -17"><span class='ocrx_word' id='word_1_415' title='bbox 1362 2090 1511 2170; x_wconf 89' lang='lat' dir='ltr'>pleverit,</span> <span class='ocrx_word' id='word_1_416' title='bbox 1528 2089 1708 2164; x_wconf 87' lang='lat' dir='ltr'>inchoando</span> <span class='ocrx_word' id='word_1_417' title='bbox 1729 2089 1767 2152; x_wconf 94' lang='lat' dir='ltr'>ab</span> <span class='ocrx_word' id='word_1_418' title='bbox 1788 2091 1880 2153; x_wconf 92' lang='lat' dir='ltr'>annis</span> <span class='ocrx_word' id='word_1_419' title='bbox 1902 2089 2111 2169; x_wconf 89' lang='lat' dir='ltr'>probationis,</span> 
     </span>
     <span class='ocr_line' id='line_1_79' title="bbox 1363 2183 2114 2260; baseline -0.001 -12"><span class='ocrx_word' id='word_1_420' title='bbox 1363 2190 1395 2248; x_wconf 90' lang='lat' dir='ltr'>et</span> <span class='ocrx_word' id='word_1_421' title='bbox 1416 2184 1478 2246; x_wconf 93' lang='lat' dir='ltr'>nisi</span> <span class='ocrx_word' id='word_1_422' title='bbox 1506 2183 1639 2260; x_wconf 88' lang='lat' dir='ltr'>triginta</span> <span class='ocrx_word' id='word_1_423' title='bbox 1664 2199 1763 2246; x_wconf 90' lang='lat' dir='ltr'>annos</span> <span class='ocrx_word' id='word_1_424' title='bbox 1790 2185 1900 2246; x_wconf 88' lang='lat' dir='ltr'>aetatis</span> <span class='ocrx_word' id='word_1_425' title='bbox 1929 2184 2044 2247; x_wconf 92' lang='lat' dir='ltr'>saltem</span> <span class='ocrx_word' id='word_1_426' title='bbox 2065 2185 2114 2247; x_wconf 93' lang='lat' dir='ltr'>in-</span> 
     </span>
     <span class='ocr_line' id='line_1_80' title="bbox 1363 2275 2114 2340; baseline 0.003 -2"><span class='ocrx_word' id='word_1_427' title='bbox 1363 2278 1492 2340; x_wconf 90' lang='lat' dir='ltr'>choatos</span> <span class='ocrx_word' id='word_1_428' title='bbox 1522 2276 1646 2338; x_wconf 91' lang='lat' dir='ltr'>habeat.</span> <span class='ocrx_word' id='word_1_429' title='bbox 1677 2275 1757 2340; x_wconf 93' lang='lat' dir='ltr'>ltem</span> <span class='ocrx_word' id='word_1_430' title='bbox 1780 2293 1877 2340; x_wconf 90' lang='lat' dir='ltr'>nemo</span> <span class='ocrx_word' id='word_1_431' title='bbox 1898 2277 1932 2338; x_wconf 92' lang='lat' dir='ltr'>in</span> <span class='ocrx_word' id='word_1_432' title='bbox 1954 2283 2114 2340; x_wconf 88' lang='lat' dir='ltr'>monaste-</span> 
     </span>
     <span class='ocr_line' id='line_1_81' title="bbox 1363 2369 2113 2450; baseline 0.003 -16"><span class='ocrx_word' id='word_1_433' title='bbox 1363 2371 1467 2444; x_wconf 91' lang='lat' dir='ltr'>rium,</span> <span class='ocrx_word' id='word_1_434' title='bbox 1501 2371 1539 2434; x_wconf 93' lang='lat' dir='ltr'>ad</span> <span class='ocrx_word' id='word_1_435' title='bbox 1567 2369 1792 2434; x_wconf 90' lang='lat' dir='ltr'>celebrandam</span> <span class='ocrx_word' id='word_1_436' title='bbox 1824 2371 2113 2450; x_wconf 89' lang='lat' dir='ltr'>congregationem</span> 
     </span>
     <span class='ocr_line' id='line_1_82' title="bbox 1364 2465 2114 2538; baseline 0 -8"><span class='ocrx_word' id='word_1_437' title='bbox 1364 2467 1569 2538; x_wconf 87' lang='lat' dir='ltr'>destinatum,</span> <span class='ocrx_word' id='word_1_438' title='bbox 1593 2465 1695 2528; x_wconf 89' lang='lat' dir='ltr'>intret</span> <span class='ocrx_word' id='word_1_439' title='bbox 1717 2466 1777 2528; x_wconf 92' lang='lat' dir='ltr'>nisi</span> <span class='ocrx_word' id='word_1_440' title='bbox 1799 2466 1902 2530; x_wconf 87' lang='lat' dir='ltr'>tribus</span> <span class='ocrx_word' id='word_1_441' title='bbox 1925 2466 2039 2530; x_wconf 92' lang='lat' dir='ltr'>diebus</span> <span class='ocrx_word' id='word_1_442' title='bbox 2060 2484 2114 2530; x_wconf 91' lang='lat' dir='ltr'>an-</span> 
     </span>
     <span class='ocr_line' id='line_1_83' title="bbox 1364 2560 2114 2640; baseline 0 -17"><span class='ocrx_word' id='word_1_443' title='bbox 1364 2568 1494 2640; x_wconf 90' lang='lat' dir='ltr'>tequam</span> <span class='ocrx_word' id='word_1_444' title='bbox 1516 2560 1693 2624; x_wconf 89' lang='lat' dir='ltr'>inehoanda</span> <span class='ocrx_word' id='word_1_445' title='bbox 1715 2561 1757 2624; x_wconf 92' lang='lat' dir='ltr'>sit</span> <span class='ocrx_word' id='word_1_446' title='bbox 1777 2561 1997 2639; x_wconf 86' lang='lat' dir='ltr'>congregatio,</span> <span class='ocrx_word' id='word_1_447' title='bbox 2022 2577 2114 2624; x_wconf 85' lang='lat' dir='ltr'>erce-</span> 
     </span>
     <span class='ocr_line' id='line_1_84' title="bbox 1365 2653 2114 2734; baseline -0.001 -17"><span class='ocrx_word' id='word_1_448' title='bbox 1365 2656 1426 2734; x_wconf 87' lang='lat' dir='ltr'>ptis</span> <span class='ocrx_word' id='word_1_449' title='bbox 1439 2655 1477 2716; x_wconf 91' lang='lat' dir='ltr'>iis</span> <span class='ocrx_word' id='word_1_450' title='bbox 1492 2655 1546 2734; x_wconf 91' lang='lat' dir='ltr'>qui</span> <span class='ocrx_word' id='word_1_451' title='bbox 1561 2669 1600 2716; x_wconf 82' lang='lat' dir='ltr'>ex</span> <span class='ocrx_word' id='word_1_452' title='bbox 1612 2653 1789 2732; x_wconf 79' lang='lat' dir='ltr'>longinqui</span> <span class='ocrx_word' id='word_1_453' title='bbox 1801 2654 1936 2731; x_wconf 89' lang='lat' dir='ltr'>regione</span> <span class='ocrx_word' id='word_1_454' title='bbox 1952 2671 2011 2734; x_wconf 90' lang='lat' dir='ltr'>per</span> <span class='ocrx_word' id='word_1_455' title='bbox 2025 2670 2114 2717; x_wconf 91' lang='lat' dir='ltr'>mare</span> 
     </span>
     <span class='ocr_line' id='line_1_85' title="bbox 1364 2747 2116 2826; baseline 0.004 -17"><span class='ocrx_word' id='word_1_456' title='bbox 1364 2750 1512 2812; x_wconf 89' lang='lat' dir='ltr'>veniunt.</span> <span class='ocrx_word' id='word_1_457' title='bbox 1535 2747 1594 2822; x_wconf 86' lang='lat' dir='ltr'>Oui</span> <span class='ocrx_word' id='word_1_458' title='bbox 1608 2749 1646 2810; x_wconf 91' lang='lat' dir='ltr'>ad</span> <span class='ocrx_word' id='word_1_459' title='bbox 1661 2749 1948 2826; x_wconf 88' lang='lat' dir='ltr'>congregationem</span> <span class='ocrx_word' id='word_1_460' title='bbox 1963 2750 2116 2812; x_wconf 88' lang='lat' dir='ltr'>venerint</span> 
     </span>
     <span class='ocr_line' id='line_1_86' title="bbox 1365 2843 2114 2922; baseline 0 -16"><span class='ocrx_word' id='word_1_461' title='bbox 1365 2843 1435 2906; x_wconf 89' lang='lat' dir='ltr'>sine</span> <span class='ocrx_word' id='word_1_462' title='bbox 1456 2843 1595 2914; x_wconf 80' lang='lat' dir='ltr'>licentii,</span> <span class='ocrx_word' id='word_1_463' title='bbox 1612 2857 1670 2920; x_wconf 93' lang='lat' dir='ltr'>per</span> <span class='ocrx_word' id='word_1_464' title='bbox 1686 2849 1790 2905; x_wconf 90' lang='lat' dir='ltr'>totum</span> <span class='ocrx_word' id='word_1_465' title='bbox 1805 2849 1944 2922; x_wconf 90' lang='lat' dir='ltr'>tempus,</span> <span class='ocrx_word' id='word_1_466' title='bbox 1961 2859 2026 2920; x_wconf 93' lang='lat' dir='ltr'>quo</span> <span class='ocrx_word' id='word_1_467' title='bbox 2041 2859 2114 2906; x_wconf 89' lang='lat' dir='ltr'>con-</span> 
     </span>
     <span class='ocr_line' id='line_1_87' title="bbox 1366 2935 2114 3016; baseline 0.003 -18"><span class='ocrx_word' id='word_1_468' title='bbox 1366 2937 1511 3016; x_wconf 87' lang='lat' dir='ltr'>gregatio</span> <span class='ocrx_word' id='word_1_469' title='bbox 1527 2935 1664 3010; x_wconf 89' lang='lat' dir='ltr'>durabit,</span> <span class='ocrx_word' id='word_1_470' title='bbox 1683 2936 1888 3000; x_wconf 88' lang='lat' dir='ltr'>detineantur</span> <span class='ocrx_word' id='word_1_471' title='bbox 1902 2938 1936 3000; x_wconf 91' lang='lat' dir='ltr'>in</span> <span class='ocrx_word' id='word_1_472' title='bbox 1951 2938 2021 3000; x_wconf 93' lang='lat' dir='ltr'>loco</span> <span class='ocrx_word' id='word_1_473' title='bbox 2040 2953 2114 3016; x_wconf 90' lang='lat' dir='ltr'>poe-</span> 
     </span>
     <span class='ocr_line' id='line_1_88' title="bbox 1366 3031 2112 3109; baseline -0.001 -14"><span class='ocrx_word' id='word_1_474' title='bbox 1366 3031 1529 3096; x_wconf 87' lang='lat' dir='ltr'>nitentiae:</span> <span class='ocrx_word' id='word_1_475' title='bbox 1545 3031 1797 3109; x_wconf 87' lang='lat' dir='ltr'>congregatione</span> <span class='ocrx_word' id='word_1_476' title='bbox 1809 3037 1918 3094; x_wconf 88' lang='lat' dir='ltr'>autem</span> <span class='ocrx_word' id='word_1_477' title='bbox 1930 3031 2112 3105; x_wconf 80' lang='lat' dir='ltr'>terminati,</span> 
     </span>
     <span class='ocr_line' id='line_1_89' title="bbox 1367 3125 2115 3204; baseline -0.001 -15"><span class='ocrx_word' id='word_1_478' title='bbox 1367 3126 1519 3189; x_wconf 87' lang='lat' dir='ltr'>decernat</span> <span class='ocrx_word' id='word_1_479' title='bbox 1540 3126 1579 3188; x_wconf 89' lang='lat' dir='ltr'>de</span> <span class='ocrx_word' id='word_1_480' title='bbox 1601 3125 1647 3187; x_wconf 92' lang='lat' dir='ltr'>eis</span> <span class='ocrx_word' id='word_1_481' title='bbox 1675 3126 1885 3204; x_wconf 87' lang='lat' dir='ltr'>congregatio</span> <span class='ocrx_word' id='word_1_482' title='bbox 1914 3126 2115 3204; x_wconf 90' lang='lat' dir='ltr'>hegumeno-</span> 
     </span>
     <span class='ocr_line' id='line_1_90' title="bbox 1367 3219 2115 3298; baseline 0 -14"><span class='ocrx_word' id='word_1_483' title='bbox 1367 3238 1452 3284; x_wconf 92' lang='lat' dir='ltr'>ru1u.</span> <span class='ocrx_word' id='word_1_484' title='bbox 1467 3219 1500 3283; x_wconf 92' lang='lat' dir='ltr'>Si</span> <span class='ocrx_word' id='word_1_485' title='bbox 1516 3221 1587 3298; x_wconf 91' lang='lat' dir='ltr'>quis</span> <span class='ocrx_word' id='word_1_486' title='bbox 1602 3235 1682 3282; x_wconf 91' lang='lat' dir='ltr'>vero</span> <span class='ocrx_word' id='word_1_487' title='bbox 1698 3221 1847 3298; x_wconf 88' lang='lat' dir='ltr'>querelas</span> <span class='ocrx_word' id='word_1_488' title='bbox 1859 3221 1973 3283; x_wconf 89' lang='lat' dir='ltr'>habeat</span> <span class='ocrx_word' id='word_1_489' title='bbox 1987 3222 2025 3284; x_wconf 94' lang='lat' dir='ltr'>ad</span> <span class='ocrx_word' id='word_1_490' title='bbox 2041 3237 2115 3284; x_wconf 90' lang='lat' dir='ltr'>con-</span> 
     </span>
     <span class='ocr_line' id='line_1_91' title="bbox 1367 3313 2115 3394; baseline 0 -16"><span class='ocrx_word' id='word_1_491' title='bbox 1367 3316 1590 3394; x_wconf 88' lang='lat' dir='ltr'>gregationem</span> <span class='ocrx_word' id='word_1_492' title='bbox 1613 3313 1812 3388; x_wconf 88' lang='lat' dir='ltr'>delerendas,</span> <span class='ocrx_word' id='word_1_493' title='bbox 1837 3315 1943 3378; x_wconf 87' lang='lat' dir='ltr'>mittat</span> <span class='ocrx_word' id='word_1_494' title='bbox 1968 3331 2020 3378; x_wconf 91' lang='lat' dir='ltr'>eas</span> <span class='ocrx_word' id='word_1_495' title='bbox 2042 3332 2115 3378; x_wconf 92' lang='lat' dir='ltr'>cum</span> 
     </span>
     <span class='ocr_line' id='line_1_92' title="bbox 1367 3407 2116 3489; baseline 0.001 -19"><span class='ocrx_word' id='word_1_496' title='bbox 1367 3409 1479 3472; x_wconf 87' lang='lat' dir='ltr'>abbate</span> <span class='ocrx_word' id='word_1_497' title='bbox 1490 3407 1544 3470; x_wconf 91' lang='lat' dir='ltr'>vel</span> <span class='ocrx_word' id='word_1_498' title='bbox 1566 3408 1635 3472; x_wconf 89' lang='lat' dir='ltr'>eius</span> <span class='ocrx_word' id='word_1_499' title='bbox 1658 3408 1755 3480; x_wconf 89' lang='lat' dir='ltr'>socio,</span> <span class='ocrx_word' id='word_1_500' title='bbox 1772 3409 1902 3489; x_wconf 78' lang='lat' dir='ltr'>proprii</span> <span class='ocrx_word' id='word_1_501' title='bbox 1924 3423 2020 3472; x_wconf 91' lang='lat' dir='ltr'>manu</span> <span class='ocrx_word' id='word_1_502' title='bbox 2042 3409 2116 3472; x_wconf 89' lang='lat' dir='ltr'>sub-</span> 
     </span>
     <span class='ocr_line' id='line_1_93' title="bbox 1367 3505 1510 3583; baseline 0.007 -18"><span class='ocrx_word' id='word_1_503' title='bbox 1367 3505 1510 3583; x_wconf 90' lang='lat' dir='ltr'>scriptas.</span> 
     </span>
    </p>
   </div>
   <div class='ocr_carea' id='block_1_7' title="bbox 1407 3595 2381 3706">
    <p class='ocr_par' dir='ltr' id='par_1_8' title="bbox 1407 3595 2381 3706">
     <span class='ocr_line' id='line_1_94' title="bbox 1407 3595 2381 3706; baseline -0.018 -46"><span class='ocrx_word' id='word_1_504' title='bbox 1407 3615 1463 3660; x_wconf 89' lang='lat' dir='ltr'>vu.</span> <span class='ocrx_word' id='word_1_505' title='bbox 1487 3595 1717 3675; x_wconf 87' lang='lat' dir='ltr'>Unusquisque</span> <span class='ocrx_word' id='word_1_506' title='bbox 1733 3597 1827 3660; x_wconf 87' lang='lat' dir='ltr'>abbas</span> <span class='ocrx_word' id='word_1_507' title='bbox 1842 3597 1880 3660; x_wconf 94' lang='lat' dir='ltr'>ad</span> <span class='ocrx_word' id='word_1_508' title='bbox 1895 3597 2117 3676; x_wconf 90' lang='lat' dir='ltr'>congregatio·</span> <span class='ocrx_word' id='word_1_509' title='bbox 2137 3607 2223 3706; x_wconf 72' lang='lat' dir='ltr'>¹crozo</span> <span class='ocrx_word' id='word_1_510' title='bbox 2235 3603 2323 3648; x_wconf 71' lang='grc' dir='ltr'><strong>ιιιιιι.</strong></span> <span class='ocrx_word' id='word_1_511' title='bbox 2380 3611 2381 3618; x_wconf 21' lang='grc' dir='ltr'><strong>ι</strong></span> 
     </span>
    </p>
   </div>
   <div class='ocr_carea' id='block_1_8' title="bbox 1367 3657 2319 3765">
    <p class='ocr_par' dir='ltr' id='par_1_9' title="bbox 1367 3657 2319 3765">
     <span class='ocr_line' id='line_1_95' title="bbox 1367 3657 2319 3765; baseline -0.004 -9"><span class='ocrx_word' id='word_1_512' title='bbox 1367 3708 1442 3756; x_wconf 90' lang='lat' dir='ltr'>nem</span> <span class='ocrx_word' id='word_1_513' title='bbox 1458 3691 1604 3765; x_wconf 90' lang='lat' dir='ltr'>veniens,</span> <span class='ocrx_word' id='word_1_514' title='bbox 1621 3697 1676 3754; x_wconf 91' lang='lat' dir='ltr'>aut</span> <span class='ocrx_word' id='word_1_515' title='bbox 1689 3691 1846 3754; x_wconf 86' lang='lat' dir='ltr'>ricarium</span> <span class='ocrx_word' id='word_1_516' title='bbox 1861 3709 1957 3754; x_wconf 90' lang='lat' dir='ltr'>suum</span> <span class='ocrx_word' id='word_1_517' title='bbox 1973 3691 2115 3765; x_wconf 86' lang='lat' dir='ltr'>mittens,</span> <span class='ocrx_word' id='word_1_518' title='bbox 2137 3661 2212 3761; x_wconf 56' lang='lat' dir='ltr'>siffis</span> <span class='ocrx_word' id='word_1_519' title='bbox 2224 3657 2319 3703; x_wconf 68' lang='lat'>⁸““‘⁰&#39;¹²</span> 
     </span>
    </p>
   </div>
   <div class='ocr_carea' id='block_1_9' title="bbox 1368 3785 2317 5939">
    <p class='ocr_par' dir='ltr' id='par_1_10' title="bbox 1368 3785 2317 4806">
     <span class='ocr_line' id='line_1_96' title="bbox 1368 3785 2118 3850; baseline -0.005 0"><span class='ocrx_word' id='word_1_520' title='bbox 1368 3786 1464 3850; x_wconf 88' lang='lat' dir='ltr'>dehet</span> <span class='ocrx_word' id='word_1_521' title='bbox 1484 3785 1601 3848; x_wconf 86' lang='lat' dir='ltr'>allerre</span> <span class='ocrx_word' id='word_1_522' title='bbox 1622 3801 1734 3848; x_wconf 91' lang='lat' dir='ltr'>secum</span> <span class='ocrx_word' id='word_1_523' title='bbox 1749 3785 1803 3848; x_wconf 91' lang='lat' dir='ltr'>vel</span> <span class='ocrx_word' id='word_1_524' title='bbox 1825 3786 2030 3850; x_wconf 88' lang='lat' dir='ltr'>cumvicario</span> <span class='ocrx_word' id='word_1_525' title='bbox 2045 3785 2118 3847; x_wconf 86' lang='lat' dir='ltr'>mit-</span> 
     </span>
     <span class='ocr_line' id='line_1_97' title="bbox 1368 3878 2118 3957; baseline 0 -15"><span class='ocrx_word' id='word_1_526' title='bbox 1368 3885 1451 3944; x_wconf 90' lang='lat' dir='ltr'>tere:</span> <span class='ocrx_word' id='word_1_527' title='bbox 1478 3897 1499 3942; x_wconf 93' lang='lat'>1.</span> <span class='ocrx_word' id='word_1_528' title='bbox 1525 3878 1676 3957; x_wconf 89' lang='lat' dir='ltr'>Sigillum</span> <span class='ocrx_word' id='word_1_529' title='bbox 1706 3880 1913 3956; x_wconf 88' lang='lat' dir='ltr'>monasterii;</span> <span class='ocrx_word' id='word_1_530' title='bbox 1937 3896 1972 3942; x_wconf 89' lang='grc' dir='ltr'>ιι.</span> <span class='ocrx_word' id='word_1_531' title='bbox 1996 3879 2118 3944; x_wconf 87' lang='lat' dir='ltr'>Oatalo-</span> 
     </span>
     <span class='ocr_line' id='line_1_98' title="bbox 1369 3972 2119 4052; baseline -0.001 -16"><span class='ocrx_word' id='word_1_532' title='bbox 1369 3989 1458 4052; x_wconf 91' lang='lat' dir='ltr'>gum,</span> <span class='ocrx_word' id='word_1_533' title='bbox 1482 3974 1515 4036; x_wconf 93' lang='lat' dir='ltr'>in</span> <span class='ocrx_word' id='word_1_534' title='bbox 1538 3989 1602 4051; x_wconf 95' lang='lat' dir='ltr'>quo</span> <span class='ocrx_word' id='word_1_535' title='bbox 1618 3973 1797 4052; x_wconf 88' lang='lat' dir='ltr'>descriptus</span> <span class='ocrx_word' id='word_1_536' title='bbox 1819 3972 1860 4035; x_wconf 90' lang='lat' dir='ltr'>sit</span> <span class='ocrx_word' id='word_1_537' title='bbox 1878 3989 2036 4036; x_wconf 90' lang='lat' dir='ltr'>numerus</span> <span class='ocrx_word' id='word_1_538' title='bbox 2050 3989 2119 4036; x_wconf 92' lang='lat' dir='ltr'>mo·</span> 
     </span>
     <span class='ocr_line' id='line_1_99' title="bbox 1368 4067 2120 4146; baseline 0 -16"><span class='ocrx_word' id='word_1_539' title='bbox 1368 4068 1546 4132; x_wconf 85' lang='lat' dir='ltr'>pachorum</span> <span class='ocrx_word' id='word_1_540' title='bbox 1567 4068 1720 4131; x_wconf 92' lang='lat' dir='ltr'>vivorum</span> <span class='ocrx_word' id='word_1_541' title='bbox 1736 4073 1769 4130; x_wconf 86' lang='lat' dir='ltr'>et</span> <span class='ocrx_word' id='word_1_542' title='bbox 1783 4073 1863 4146; x_wconf 89' lang='lat' dir='ltr'>quot</span> <span class='ocrx_word' id='word_1_543' title='bbox 1884 4067 2028 4132; x_wconf 90' lang='lat' dir='ltr'>deiuncti</span> <span class='ocrx_word' id='word_1_544' title='bbox 2042 4074 2120 4131; x_wconf 90' lang='lat' dir='ltr'>sunt</span> 
     </span>
     <span class='ocr_line' id='line_1_100' title="bbox 1369 4161 2120 4241; baseline -0.001 -16"><span class='ocrx_word' id='word_1_545' title='bbox 1369 4169 1441 4241; x_wconf 92' lang='lat' dir='ltr'>post</span> <span class='ocrx_word' id='word_1_546' title='bbox 1462 4161 1609 4226; x_wconf 86' lang='lat' dir='ltr'>ultimam</span> <span class='ocrx_word' id='word_1_547' title='bbox 1625 4163 1912 4240; x_wconf 90' lang='lat' dir='ltr'>congregationem</span> <span class='ocrx_word' id='word_1_548' title='bbox 1928 4168 1961 4225; x_wconf 90' lang='lat' dir='ltr'>et</span> <span class='ocrx_word' id='word_1_549' title='bbox 1975 4169 2055 4240; x_wconf 94' lang='lat' dir='ltr'>quot</span> <span class='ocrx_word' id='word_1_550' title='bbox 2069 4179 2120 4224; x_wconf 89' lang='lat' dir='ltr'>re-</span> 
     </span>
     <span class='ocr_line' id='line_1_101' title="bbox 1369 4257 2119 4337; baseline 0 -17"><span class='ocrx_word' id='word_1_551' title='bbox 1369 4258 1542 4337; x_wconf 77' lang='lat' dir='ltr'>cepti31u.</span> <span class='ocrx_word' id='word_1_552' title='bbox 1566 4257 1733 4320; x_wconf 81' lang='lat' dir='ltr'>Rationem</span> <span class='ocrx_word' id='word_1_553' title='bbox 1763 4257 1826 4320; x_wconf 89' lang='lat' dir='ltr'>dati</span> <span class='ocrx_word' id='word_1_554' title='bbox 1848 4263 1881 4320; x_wconf 91' lang='lat' dir='ltr'>et</span> <span class='ocrx_word' id='word_1_555' title='bbox 1909 4258 2029 4336; x_wconf 89' lang='lat' dir='ltr'>accepti</span> <span class='ocrx_word' id='word_1_556' title='bbox 2051 4263 2119 4320; x_wconf 92' lang='lat' dir='ltr'>toto</span> 
     </span>
     <span class='ocr_line' id='line_1_102' title="bbox 1368 4349 2120 4430; baseline 0 -16"><span class='ocrx_word' id='word_1_557' title='bbox 1368 4351 1537 4429; x_wconf 92' lang='lat' dir='ltr'>regiminis</span> <span class='ocrx_word' id='word_1_558' title='bbox 1566 4351 1616 4414; x_wconf 90' lang='lat' dir='ltr'>sui</span> <span class='ocrx_word' id='word_1_559' title='bbox 1643 4358 1802 4430; x_wconf 89' lang='lat' dir='ltr'>tempore.</span> <span class='ocrx_word' id='word_1_560' title='bbox 1828 4349 1939 4414; x_wconf 90' lang='lat' dir='ltr'>Socius</span> <span class='ocrx_word' id='word_1_561' title='bbox 1965 4367 2046 4416; x_wconf 92' lang='lat' dir='ltr'>vero</span> <span class='ocrx_word' id='word_1_562' title='bbox 2068 4353 2120 4414; x_wconf 93' lang='lat' dir='ltr'>ab·</span> 
     </span>
     <span class='ocr_line' id='line_1_103' title="bbox 1369 4445 2120 4510; baseline 0.001 -2"><span class='ocrx_word' id='word_1_563' title='bbox 1369 4445 1450 4508; x_wconf 88' lang='lat' dir='ltr'>batis</span> <span class='ocrx_word' id='word_1_564' title='bbox 1466 4445 1563 4508; x_wconf 92' lang='lat' dir='ltr'>debet</span> <span class='ocrx_word' id='word_1_565' title='bbox 1576 4461 1687 4508; x_wconf 88' lang='lat' dir='ltr'>secum</span> <span class='ocrx_word' id='word_1_566' title='bbox 1703 4446 1834 4508; x_wconf 81' lang='lat' dir='ltr'>aberro:</span> <span class='ocrx_word' id='word_1_567' title='bbox 1860 4463 1882 4508; x_wconf 93' lang='lat'>1.</span> <span class='ocrx_word' id='word_1_568' title='bbox 1899 4445 2036 4510; x_wconf 87' lang='lat' dir='ltr'>Litteras</span> <span class='ocrx_word' id='word_1_569' title='bbox 2052 4462 2120 4509; x_wconf 92' lang='lat' dir='ltr'>mo-</span> 
     </span>
     <span class='ocr_line' id='line_1_104' title="bbox 1369 4539 2120 4620; baseline 0 -16"><span class='ocrx_word' id='word_1_570' title='bbox 1369 4541 1547 4604; x_wconf 79' lang='lat' dir='ltr'>nocherum</span> <span class='ocrx_word' id='word_1_571' title='bbox 1559 4541 1598 4603; x_wconf 92' lang='lat' dir='ltr'>de</span> <span class='ocrx_word' id='word_1_572' title='bbox 1613 4541 1669 4602; x_wconf 84' lang='lat' dir='ltr'>sui</span> <span class='ocrx_word' id='word_1_573' title='bbox 1692 4541 1916 4620; x_wconf 90' lang='lat' dir='ltr'>deputatione;</span> <span class='ocrx_word' id='word_1_574' title='bbox 1940 4557 1976 4603; x_wconf 96' lang='grc' dir='ltr'>ιι.</span> <span class='ocrx_word' id='word_1_575' title='bbox 1999 4539 2120 4615; x_wconf 86' lang='lat' dir='ltr'>Quere-</span> 
     </span>
     <span class='ocr_line' id='line_1_105' title="bbox 1369 4633 1923 4712; baseline 0.002 -16"><span class='ocrx_word' id='word_1_576' title='bbox 1369 4634 1414 4698; x_wconf 91' lang='lat' dir='ltr'>las</span> <span class='ocrx_word' id='word_1_577' title='bbox 1437 4634 1639 4708; x_wconf 90' lang='lat' dir='ltr'>eorumdem,</span> <span class='ocrx_word' id='word_1_578' title='bbox 1664 4633 1793 4712; x_wconf 90' lang='lat' dir='ltr'>siquae</span> <span class='ocrx_word' id='word_1_579' title='bbox 1816 4641 1923 4698; x_wconf 90' lang='lat' dir='ltr'>erunt.</span> 
     </span>
     <span class='ocr_line' id='line_1_106' title="bbox 1410 4727 2317 4806; baseline -0.002 -16"><span class='ocrx_word' id='word_1_580' title='bbox 1410 4747 1480 4792; x_wconf 91' lang='grc' dir='ltr'><strong>ιιιι.</strong></span> <span class='ocrx_word' id='word_1_581' title='bbox 1503 4727 1608 4792; x_wconf 86' lang='lat' dir='ltr'>hbbas</span> <span class='ocrx_word' id='word_1_582' title='bbox 1631 4728 1802 4806; x_wconf 86' lang='lat' dir='ltr'>generalis,</span> <span class='ocrx_word' id='word_1_583' title='bbox 1826 4729 1891 4802; x_wconf 94' lang='lat' dir='ltr'>vel,</span> <span class='ocrx_word' id='word_1_584' title='bbox 1913 4745 1951 4792; x_wconf 92' lang='lat' dir='ltr'>eo</span> <span class='ocrx_word' id='word_1_585' title='bbox 1973 4729 2117 4804; x_wconf 88' lang='lat' dir='ltr'>absente,</span> <span class='ocrx_word' id='word_1_586' title='bbox 2162 4753 2196 4795; x_wconf 84' lang='lat' dir='ltr'>m</span> <span class='ocrx_word' id='word_1_587' title='bbox 2211 4752 2317 4792; x_wconf 68' lang='lat' dir='ltr'>neronom</span> 
     </span>
    </p>

    <p class='ocr_par' dir='ltr' id='par_1_11' title="bbox 1369 4809 2314 5939">
     <span class='ocr_line' id='line_1_107' title="bbox 1369 4809 2314 4903; baseline 0.003 -19"><span class='ocrx_word' id='word_1_588' title='bbox 1369 4823 1559 4902; x_wconf 89' lang='lat' dir='ltr'>hegumeni,</span> <span class='ocrx_word' id='word_1_589' title='bbox 1571 4829 1753 4902; x_wconf 92' lang='lat' dir='ltr'>opportuno</span> <span class='ocrx_word' id='word_1_590' title='bbox 1769 4829 1917 4903; x_wconf 91' lang='lat' dir='ltr'>tempore</span> <span class='ocrx_word' id='word_1_591' title='bbox 1929 4825 2120 4903; x_wconf 76' lang='lat' dir='ltr'>provideant</span> <span class='ocrx_word' id='word_1_592' title='bbox 2139 4813 2249 4903; x_wconf 51' lang='lat' dir='ltr'>{gflfffffl‘</span> <span class='ocrx_word' id='word_1_593' title='bbox 2264 4809 2314 4852; x_wconf 58' lang='lat'><strong>“¹¹‘&#39;</strong></span> 
     </span>
     <span class='ocr_line' id='line_1_108' title="bbox 1371 4916 2118 4996; baseline 0.004 -17"><span class='ocrx_word' id='word_1_594' title='bbox 1371 4917 1409 4980; x_wconf 90' lang='lat' dir='ltr'>de</span> <span class='ocrx_word' id='word_1_595' title='bbox 1425 4918 1523 4981; x_wconf 92' lang='lat' dir='ltr'>rebus</span> <span class='ocrx_word' id='word_1_596' title='bbox 1538 4917 1576 4980; x_wconf 93' lang='lat' dir='ltr'>ad</span> <span class='ocrx_word' id='word_1_597' title='bbox 1590 4916 1813 4982; x_wconf 88' lang='lat' dir='ltr'>celebrandam</span> <span class='ocrx_word' id='word_1_598' title='bbox 1833 4918 2118 4996; x_wconf 86' lang='lat' dir='ltr'>congregationem</span> 
     </span>
     <span class='ocr_line' id='line_1_109' title="bbox 1370 5011 2117 5088; baseline 0 -14"><span class='ocrx_word' id='word_1_599' title='bbox 1370 5011 1568 5076; x_wconf 90' lang='lat' dir='ltr'>necessariis.</span> <span class='ocrx_word' id='word_1_600' title='bbox 1592 5011 1695 5086; x_wconf 88' lang='lat' dir='ltr'>Quare</span> <span class='ocrx_word' id='word_1_601' title='bbox 1710 5029 1731 5074; x_wconf 92' lang='grc' dir='ltr'>ι.</span> <span class='ocrx_word' id='word_1_602' title='bbox 1746 5011 1903 5076; x_wconf 87' lang='lat' dir='ltr'>hbbatem</span> <span class='ocrx_word' id='word_1_603' title='bbox 1919 5013 2117 5088; x_wconf 90' lang='lat' dir='ltr'>monasterii,</span> 
     </span>
     <span class='ocr_line' id='line_1_110' title="bbox 1370 5105 2117 5184; baseline 0.005 -18"><span class='ocrx_word' id='word_1_604' title='bbox 1370 5105 1404 5168; x_wconf 93' lang='lat' dir='ltr'>in</span> <span class='ocrx_word' id='word_1_605' title='bbox 1426 5121 1490 5184; x_wconf 91' lang='lat' dir='ltr'>quo</span> <span class='ocrx_word' id='word_1_606' title='bbox 1519 5105 1729 5182; x_wconf 89' lang='lat' dir='ltr'>congregatio</span> <span class='ocrx_word' id='word_1_607' title='bbox 1758 5105 1948 5170; x_wconf 90' lang='lat' dir='ltr'>celebranda</span> <span class='ocrx_word' id='word_1_608' title='bbox 1970 5113 2029 5180; x_wconf 92' lang='lat' dir='ltr'>est,</span> <span class='ocrx_word' id='word_1_609' title='bbox 2053 5107 2117 5178; x_wconf 89' lang='lat' dir='ltr'>vel,</span> 
     </span>
     <span class='ocr_line' id='line_1_111' title="bbox 1372 5199 2117 5275; baseline 0 -13"><span class='ocrx_word' id='word_1_610' title='bbox 1372 5216 1410 5262; x_wconf 87' lang='lat' dir='ltr'>eo</span> <span class='ocrx_word' id='word_1_611' title='bbox 1421 5199 1564 5274; x_wconf 89' lang='lat' dir='ltr'>absente,</span> <span class='ocrx_word' id='word_1_612' title='bbox 1579 5199 1773 5262; x_wconf 87' lang='lat' dir='ltr'>monachum</span> <span class='ocrx_word' id='word_1_613' title='bbox 1788 5200 1898 5275; x_wconf 90' lang='lat' dir='ltr'>alium,</span> <span class='ocrx_word' id='word_1_614' title='bbox 1912 5201 2117 5274; x_wconf 88' lang='lat' dir='ltr'>constituant,</span> 
     </span>
     <span class='ocr_line' id='line_1_112' title="bbox 1372 5293 2120 5372; baseline 0 -16"><span class='ocrx_word' id='word_1_615' title='bbox 1372 5293 1427 5372; x_wconf 94' lang='lat' dir='ltr'>qui</span> <span class='ocrx_word' id='word_1_616' title='bbox 1439 5293 1608 5358; x_wconf 86' lang='lat' dir='ltr'>oeconomi</span> <span class='ocrx_word' id='word_1_617' title='bbox 1619 5294 1879 5372; x_wconf 90' lang='lat' dir='ltr'>congregationis</span> <span class='ocrx_word' id='word_1_618' title='bbox 1892 5295 2052 5372; x_wconf 90' lang='lat' dir='ltr'>generalis</span> <span class='ocrx_word' id='word_1_619' title='bbox 2064 5311 2120 5357; x_wconf 93' lang='lat' dir='ltr'>no-</span> 
     </span>
     <span class='ocr_line' id='line_1_113' title="bbox 1372 5388 2120 5467; baseline 0 -17"><span class='ocrx_word' id='word_1_620' title='bbox 1372 5403 1448 5450; x_wconf 91' lang='lat' dir='ltr'>men</span> <span class='ocrx_word' id='word_1_621' title='bbox 1471 5393 1580 5465; x_wconf 89' lang='lat' dir='ltr'>gerat;</span> <span class='ocrx_word' id='word_1_622' title='bbox 1604 5393 1771 5466; x_wconf 86' lang='lat' dir='ltr'>curetque,</span> <span class='ocrx_word' id='word_1_623' title='bbox 1788 5393 1825 5450; x_wconf 91' lang='lat' dir='ltr'>ut</span> <span class='ocrx_word' id='word_1_624' title='bbox 1840 5388 1929 5452; x_wconf 90' lang='lat' dir='ltr'>locus</span> <span class='ocrx_word' id='word_1_625' title='bbox 1945 5405 2120 5467; x_wconf 85' lang='lat' dir='ltr'>congrega-</span> 
     </span>
     <span class='ocr_line' id='line_1_114' title="bbox 1373 5480 2120 5561; baseline 0.004 -18"><span class='ocrx_word' id='word_1_626' title='bbox 1373 5480 1453 5544; x_wconf 90' lang='lat' dir='ltr'>tioni</span> <span class='ocrx_word' id='word_1_627' title='bbox 1475 5487 1676 5560; x_wconf 89' lang='lat' dir='ltr'>opportunus</span> <span class='ocrx_word' id='word_1_628' title='bbox 1698 5489 1923 5561; x_wconf 89' lang='lat' dir='ltr'>praeparetur,</span> <span class='ocrx_word' id='word_1_629' title='bbox 1947 5488 2047 5560; x_wconf 87' lang='lat' dir='ltr'>utque</span> <span class='ocrx_word' id='word_1_630' title='bbox 2069 5483 2120 5546; x_wconf 91' lang='lat' dir='ltr'>ad-</span> 
     </span>
     <span class='ocr_line' id='line_1_115' title="bbox 1372 5575 2120 5655; baseline 0.003 -18"><span class='ocrx_word' id='word_1_631' title='bbox 1372 5575 1437 5638; x_wconf 90' lang='lat' dir='ltr'>sint</span> <span class='ocrx_word' id='word_1_632' title='bbox 1457 5575 1606 5638; x_wconf 88' lang='lat' dir='ltr'>victualia</span> <span class='ocrx_word' id='word_1_633' title='bbox 1628 5575 1702 5638; x_wconf 88' lang='lat' dir='ltr'>lecti</span> <span class='ocrx_word' id='word_1_634' title='bbox 1725 5582 1757 5638; x_wconf 93' lang='lat' dir='ltr'>et</span> <span class='ocrx_word' id='word_1_635' title='bbox 1778 5591 2001 5655; x_wconf 91' lang='lat' dir='ltr'>quaecumque</span> <span class='ocrx_word' id='word_1_636' title='bbox 2017 5577 2055 5639; x_wconf 93' lang='lat' dir='ltr'>ad</span> <span class='ocrx_word' id='word_1_637' title='bbox 2070 5593 2120 5639; x_wconf 88' lang='lat' dir='ltr'>re-</span> 
     </span>
     <span class='ocr_line' id='line_1_116' title="bbox 1373 5669 2120 5750; baseline 0 -18"><span class='ocrx_word' id='word_1_638' title='bbox 1373 5669 1555 5749; x_wconf 87' lang='lat' dir='ltr'>ceptionem</span> <span class='ocrx_word' id='word_1_639' title='bbox 1577 5671 1809 5733; x_wconf 89' lang='lat' dir='ltr'>monachorum</span> <span class='ocrx_word' id='word_1_640' title='bbox 1825 5670 1989 5750; x_wconf 91' lang='lat' dir='ltr'>hospitum</span> <span class='ocrx_word' id='word_1_641' title='bbox 2011 5687 2120 5735; x_wconf 85' lang='lat' dir='ltr'>neccs-</span> 
     </span>
     <span class='ocr_line' id='line_1_117' title="bbox 1373 5763 2120 5842; baseline 0.001 -17"><span class='ocrx_word' id='word_1_642' title='bbox 1373 5764 1454 5826; x_wconf 89' lang='lat' dir='ltr'>saria</span> <span class='ocrx_word' id='word_1_643' title='bbox 1464 5769 1558 5841; x_wconf 87' lang='lat' dir='ltr'>sunt;</span> <span class='ocrx_word' id='word_1_644' title='bbox 1582 5781 1617 5826; x_wconf 89' lang='lat' dir='ltr'>rr.</span> <span class='ocrx_word' id='word_1_645' title='bbox 1641 5763 1803 5842; x_wconf 87' lang='lat' dir='ltr'>Deputent</span> <span class='ocrx_word' id='word_1_646' title='bbox 1818 5763 1898 5826; x_wconf 91' lang='lat' dir='ltr'>duos</span> <span class='ocrx_word' id='word_1_647' title='bbox 1920 5765 2120 5828; x_wconf 89' lang='lat' dir='ltr'>saltemcon-</span> 
     </span>
     <span class='ocr_line' id='line_1_118' title="bbox 1373 5857 2121 5939; baseline 0.003 -20"><span class='ocrx_word' id='word_1_648' title='bbox 1373 5857 1523 5922; x_wconf 88' lang='lat' dir='ltr'>iessarios</span> <span class='ocrx_word' id='word_1_649' title='bbox 1535 5875 1609 5922; x_wconf 92' lang='lat' dir='ltr'>cum</span> <span class='ocrx_word' id='word_1_650' title='bbox 1621 5857 1823 5922; x_wconf 83' lang='lat' dir='ltr'>facultatibus</span> <span class='ocrx_word' id='word_1_651' title='bbox 1836 5860 2035 5939; x_wconf 89' lang='lat' dir='ltr'>opportunis,</span> <span class='ocrx_word' id='word_1_652' title='bbox 2049 5875 2121 5922; x_wconf 89' lang='lat' dir='ltr'>nec-</span> 
     </span>
    </p>
   </div>
   <div class='ocr_carea' id='block_1_10' title="bbox 1374 5953 2120 6034">
    <p class='ocr_par' dir='ltr' id='par_1_12' title="bbox 1374 5953 2120 6034">
     <span class='ocr_line' id='line_1_119' title="bbox 1374 5953 2120 6034; baseline -0.001 -17"><span class='ocrx_word' id='word_1_653' title='bbox 1374 5971 1439 6018; x_wconf 90' lang='lat' dir='ltr'>non</span> <span class='ocrx_word' id='word_1_654' title='bbox 1468 5969 1571 6018; x_wconf 91' lang='lat' dir='ltr'>uuum</span> <span class='ocrx_word' id='word_1_655' title='bbox 1599 5953 1736 6017; x_wconf 90' lang='lat' dir='ltr'>scribam</span> <span class='ocrx_word' id='word_1_656' title='bbox 1768 5954 2038 6034; x_wconf 87' lang='lat' dir='ltr'>congregationis,</span> <span class='ocrx_word' id='word_1_657' title='bbox 2066 5953 2120 6034; x_wconf 93' lang='lat' dir='ltr'>qui</span> 
     </span>
    </p>
   </div>
   <div class='ocr_carea' id='block_1_11' title="bbox 0 0 2434 6980">
    <p class='ocr_par' dir='ltr' id='par_1_13' title="bbox 0 0 2434 6980">
     <span class='ocr_line' id='line_1_120' title="bbox 0 0 2434 6980; baseline 0 0"><span class='ocrx_word' id='word_1_658' title='bbox 0 0 2434 6980; x_wconf 95' lang='lat' dir='ltr'> </span> 
     </span>
    </p>
   </div>
  </div>
 </body>
</html>
