4788 6980
889 596 1064 642 baudonius
1086 597 1137 642 PP.
1161 597 1227 642 xvi.

282 714 413 786 ctrtnae,
437 714 563 776 iniuriis
585 714 802 794 conviciisque
824 715 1027 794 christianam

283 823 445 886 opponere
467 809 747 871 mansuetudinem
769 815 801 870 et
822 809 997 870 caritatem.

322 901 411 976 §lt
434 901 515 976 Quid
544 903 693 980 denique,
723 903 782 964 nisi
811 897 925 979 magna
955 919 1028 964 cum

283 995 386 1068 laude,
411 995 581 1057 dicendum
601 997 640 1058 de
656 996 776 1058 celebri
796 997 851 1058 illa
864 997 1026 1068 societate,

282 1105 363 1167 quae
385 1105 449 1152 non
471 1089 576 1150 solum
599 1091 632 1151 in
651 1090 813 1152 catholicis
828 1089 1026 1166 regionibus,

281 1181 454 1244 sedetiam
477 1182 509 1244 in
531 1184 780 1246 acatholicorum
802 1189 834 1245 et
848 1183 1028 1246 infidelium

283 1277 377 1338 terris
399 1292 481 1338 nora
502 1293 632 1356 semper
661 1277 784 1340 obtinet
811 1279 1027 1353 incrementa;

224 1371 227 1375 '
282 1386 428 1448 quaeque
449 1372 597 1434 fidelibus
620 1371 768 1434 omnibus
797 1372 1029 1449 cuiuscumque

281 1463 471 1526 conditionis
493 1465 617 1526 facilem
639 1465 723 1526 viam
746 1465 944 1550 modumque
958 1482 1029 1544 ape-

281 1559 333 1630 rit,
364 1564 400 1620 ut
428 1559 467 1620 de
497 1559 677 1637 apostolicis
709 1559 914 1621 missionibus
946 1559 1029 1621 bene

281 1659 478 1726 mereantur,
493 1669 526 1716 ac
542 1653 580 1715 dc
596 1653 815 1731 spiritualibus
830 1653 959 1715 illarum
975 1654 1028 1716 bo-

281 1748 330 1808 nis
352 1747 520 1825 participes
544 1754 576 1808 et
596 1748 656 1826 ipsi
677 1747 776 1808 fiantl
797 1747 861 1809 lam
876 1748 1029 1825 intelligi-

282 1841 331 1912 tis,
353 1855 539 1903 sermonem
562 1841 613 1902 hic
635 1847 720 1902 esset
738 1841 777 1903 de
793 1841 959 1903 notissima
974 1839 1029 1903 So-

280 1935 393 1996 cietate
415 1934 474 1995 sub
498 1935 590 1996 titulo
609 1935 852 2016 propagationis
874 1934 957 2015 fidei.

320 2028 409 2102 §lh
440 2027 690 2091 communicatis
720 2029 815 2090 modo
845 2029 1026 2102 vobiscum,

281 2121 483 2183 venerabiles
512 2122 637 2194 tratres,
662 2127 695 2183 et
716 2123 889 2198 angoribus
912 2123 1028 2200 quibus

281 2215 320 2276 ob
342 2216 476 2278 iacturas
496 2216 694 2288 conficimur,
713 2223 746 2278 et
760 2217 1028 2280 consolationibus

281 2307 396 2384 quibus
412 2315 631 2370 sustentamur
648 2307 688 2370 ob
699 2308 879 2370 Catholicae
892 2309 1029 2388 Religio-

280 2400 329 2461 nis
351 2401 550 2480 triumphos3
567 2407 666 2464 restat
680 2419 776 2475 nunc,
790 2409 826 2464 ut
840 2403 960 2481 pariter
974 2420 1029 2466 vo-

280 2495 326 2556 bis
348 2496 624 2557 communicemus
656 2497 916 2570 sollicitudinem,
948 2513 1029 2576 quae

280 2605 337 2650 nos
351 2596 449 2666 urget
460 2605 518 2668 pro
532 2591 643 2652 maiori
662 2591 850 2652 societatum
868 2597 930 2653 tam
946 2591 1029 2654 bene

280 2683 319 2745 de
334 2683 493 2760 religione
509 2685 706 2746 merentium
723 2685 946 2762 prosperitate.
964 2685 1028 2748 Vos

279 2777 379 2853 igitur
403 2777 549 2855 impense
578 2777 746 2839 hortamur
768 2778 801 2838 in
823 2777 969 2852 Domino,
994 2788 1030 2842 ut

280 2885 331 2932 eas
353 2870 385 2930 in
407 2876 590 2932 vestrarum
619 2871 815 2932 dioecesium
844 2873 962 2935 finibus
984 2873 1029 2934 io-

280 2978 368 3036 vere,
392 2963 477 3026 tueri
498 2969 593 3041 atque
615 2980 734 3041 augere
756 2965 919 3028 studeatis.

287 3058 291 3064 '
318 3058 337 3132 ἓ
360 3056 407 3118 13.
431 3056 592 3135 imprimis
615 3064 721 3120 autem
738 3058 829 3120 vobis
845 3075 1028 3140 summope-

279 3167 315 3212 re
331 3151 594 3212 commendamus
610 3159 821 3214 memoratam
842 3154 1025 3216 societatem

277 3243 519 3323 propagationis
549 3243 632 3324 fidei,
663 3259 743 3321 quae
776 3245 850 3307 inde
879 3247 916 3308 ab
945 3262 1028 3310 anno

279 3353 467 3399 uocccxxn.
492 3337 525 3398 in
554 3338 741 3417 perantiqua
769 3355 803 3400 ac
832 3339 1028 3403 nobilissima

278 3431 487 3508 Lugdunensi
509 3431 593 3494 urbe
620 3432 761 3510 primum
790 3433 945 3506 instituta,
970 3437 1028 3497 mi-

279 3525 370 3587 rabili
397 3526 532 3588 subinde
561 3527 725 3588 celeritate
753 3539 787 3588 ac
817 3529 1027 3607 prosperitate

277 3619 376 3700 longe
397 3621 525 3698 lateque
542 3621 654 3683 diffusa
669 3627 728 3684 est.
742 3620 807 3684 Nec
823 3623 940 3684 minori
956 3639 1027 3701 pro-

277 3713 362 3777 lecto
393 3716 672 3778 commendatione
704 3715 843 3793 reliquas
880 3717 1028 3780 huiusce·

278 3809 366 3871 modi
386 3809 566 3872 sodalitates
588 3810 827 3888 prosequimur,
852 3825 933 3887 qnae
952 3810 1027 3873 Vin·

278 3903 422 3964 dobonae
444 3909 497 3965 aut
518 3901 591 3965 alibi
616 3904 779 3976 conflatae,
805 3904 931 3967 diverso
953 3905 1028 3968 licet

277 3999 410 4060 nomine
422 3998 671 4075 distinguantur,
686 3998 718 4058 in
730 3998 815 4060 idem
828 4003 935 4060 tamen
949 4016 1026 4078 opus

277 4093 514 4171 propagationis
543 4092 633 4165 fidei,
664 4091 907 4169 religiosissimo
930 4095 1025 4156 etiam

277 4187 508 4250 catholicorum
531 4186 711 4265 principum
738 4185 847 4248 lavore
869 4193 1025 4250 sustenta-

279 4289 357 4352 tum,
372 4296 471 4358 aequa
486 4280 667 4342 animorum
683 4281 890 4342 contentione
902 4283 1025 4360 conspi-

277 4382 358 4437 rant.
377 4375 527 4452 Magnum
543 4391 618 4436 sane
634 4389 713 4452 opus
730 4380 762 4435 et
775 4375 1022 4449 sanctissimum,

278 4470 363 4547 quod
385 4469 516 4530 modicis
540 4467 754 4530 oblationibus
777 4475 809 4528 et
832 4469 1024 4545 quotidianis

277 4563 424 4641 precihus
453 4579 469 4622 a
498 4562 642 4638 quolibet
669 4562 826 4624 sodalium
856 4563 894 4624 ad
923 4563 1025 4626 Deum

278 4658 384 4720 etfusis
416 4657 612 4728 sustinetur,
646 4663 801 4733 augetur,
835 4657 1023 4734 invalescit3

277 4753 426 4830 quodque
455 4751 634 4829 apostolicis
665 4751 818 4829 operariis
844 4759 1024 4814 sustentan-

277 4847 335 4920 dis,
352 4845 607 4922 christianaeque
627 4845 764 4906 oaritatis
781 4845 932 4924 operibus
948 4863 1024 4926 erga

277 4941 462 5020 Neophytos
485 4939 684 5011 exercendis,
709 4955 854 5002 necnon
877 4939 1024 5002 lidelihus

277 5035 313 5097 ab
342 5035 465 5112 impetu
494 5032 757 5111 persecutionum
785 5031 957 5094 liberandis
978 5033 1025 5096 in-

277 5129 420 5200 ductum,
451 5127 611 5188 bonorum
641 5125 786 5188 omnium
816 5126 1025 5190 admiratione

277 5229 371 5300 atque
400 5237 509 5283 amore
538 5220 762 5298 dignissimum
793 5221 1023 5284 existimamus.

277 5315 341 5379 Nec
367 5317 437 5379 sine
465 5314 618 5394 peculiari
647 5315 773 5377 diuinae
805 5316 1025 5394 providentiae

277 5411 409 5474 oonsilio
430 5416 555 5472 tantum
577 5409 738 5472 commodi
763 5415 857 5486 atque
878 5408 1024 5472 utilitatis

277 5504 434 5568 Ecclesiae
450 5503 646 5582 nuperrimis
658 5503 744 5564 hisce
757 5502 956 5580 temporibus
973 5503 1025 5565 ob·

277 5599 405 5660 venisse
426 5597 624 5660 censendum
645 5602 704 5658 ast.
722 5595 804 5679 Dum
821 5595 908 5657 enim
924 5597 1025 5658 omni·

278 5708 358 5770 gena
387 5691 506 5753 interni
534 5691 634 5752 hostis
663 5689 918 5752 machinamenta
947 5690 1024 5751 dile-

278 5793 359 5848 ctam
381 5785 499 5849 Christi
521 5800 668 5864 sponsam
690 5784 864 5859 lacessunt3
882 5783 962 5845 nihil
977 5782 1024 5844 illi

317 6001 345 6074 (t)
362 6003 397 6045 Ex
413 6000 498 6046 verbis
514 6003 537 6045 s,
555 6000 645 6045 Leonis
661 6003 691 6044 itt.
708 6003 791 6045 serm.
807 6002 832 6044 lt
846 6001 879 6045 al.
895 6003 927 6045 43.

1086 716 1296 794 opportunius
1319 715 1508 792 contingere
1530 719 1665 793 potarat,
1683 726 1778 789 quam
1800 717 1837 772 ut

1086 809 1245 872 desiderio
1267 810 1487 889 propagandae
1503 807 1675 870 catholicae
1690 806 1835 868 veritatis
1934 889 1936 893 .

1085 904 1203 966 Christi
1225 907 1337 969 fideles
1358 905 1556 976 inflammati,
1577 903 1693 966 iunctis
1709 902 1833 975 studiis,

1085 997 1262 1076 collataque
1285 1015 1355 1078 ope,
1374 1015 1486 1062 omnes
1501 989 1629 1060 Christo
1647 997 1836 1059 lucrifacere

1085 1092 1340 1155 conniterentur.

1124 1187 1143 1260 ς
1166 1186 1213 1248 lt.
1236 1185 1339 1260 Quare
1368 1203 1425 1249 nos
1447 1187 1480 1249 in
1501 1201 1662 1266 suprema,
1691 1185 1766 1247 licet
1787 1185 1834 1246 in-

1086 1279 1185 1356 digni,
1210 1280 1368 1343 Ecclesiae
1388 1281 1517 1359 specula
1532 1279 1697 1342 constituti
1713 1279 1834 1342 nullam

1085 1373 1361 1451 praetermisimus
1388 1373 1678 1453 opportunitatem,
1711 1373 1835 1448 quomi-

1086 1483 1144 1528 nus
1167 1467 1454 1530 Praedecessorum
1481 1473 1667 1528 nostrorum
1689 1466 1835 1544 vestigiis

1085 1559 1289 1623 inhaerentes
1318 1565 1350 1622 et
1378 1575 1510 1640 pronam
1539 1564 1682 1621 nostram
1710 1559 1743 1619 in
1771 1565 1834 1620 ‘tam

1085 1654 1283 1732 praeclarum
1306 1669 1385 1733 opus
1406 1653 1607 1715 voluntatem
1622 1651 1835 1714 disertissime

1086 1753 1296 1819 testaremur,
1328 1753 1360 1809 et
1388 1747 1532 1808 ridellum
1561 1747 1646 1809 inid
1670 1746 1835 1808 caritatem

1085 1841 1235 1917 congruis
1257 1856 1444 1902 acueremus
1466 1841 1692 1903 incitamentis.
1717 1840 1757 1902 Et
1777 1854 1834 1902 vos

1085 1935 1195 2012 igitur,
1220 1935 1422 1996 venerabiles
1445 1934 1572 2006 iratres,
1591 1935 1694 2013 quiin
1711 1940 1835 2013 partem

1084 2029 1187 2091 vocati
1209 2029 1284 2090 estis
1307 2029 1530 2092 sollicitudinis
1559 2035 1699 2102 nostrae,
1722 2029 1835 2091 sedulo

1085 2123 1180 2200 agite,
1200 2129 1234 2184 ut
1256 2129 1380 2186 tantum
1396 2123 1476 2186 illud
1493 2140 1572 2202 opus
1588 2123 1743 2202 ampliora
1758 2139 1836 2200 quo-

1085 2215 1161 2277 tidie
1189 2231 1288 2293 penes
1317 2217 1526 2278 commissum
1553 2217 1670 2294 cuique
1698 2231 1835 2294 gregem

1085 2310 1283 2372 incrementa
1304 2309 1443 2389 accipiat.
1471 2307 1584 2372 ductito
1603 2307 1680 2373 tuba
1695 2309 1730 2371 irc
1746 2307 1834 2380 Sion,

1085 2403 1290 2482 paternisque
1306 2405 1436 2465 monitis
1454 2409 1486 2466 et
1500 2403 1701 2466 suasionibus
1713 2410 1833 2476 curate,

1084 2503 1120 2558 ut
1134 2497 1189 2575 qui
1205 2497 1422 2575 pientissimae
1446 2496 1590 2560 societati
1605 2498 1749 2559 nondum
1764 2513 1835 2560 sese

1085 2591 1219 2653 comites
1251 2590 1486 2664 adiunxerunt,
1517 2591 1605 2652 illam
1636 2591 1835 2670 perlibenter

1084 2685 1325 2762 ingrediantur3
1350 2685 1506 2762 quivero
1529 2685 1634 2747 eidem
1657 2701 1691 2746 se
1708 2685 1835 2747 addixe-

1084 2779 1159 2850 rint,
1183 2779 1216 2839 in
1239 2778 1402 2856 proposito
1425 2785 1645 2856 perseverent.

1124 2873 1143 2945 g
1167 2870 1214 2932 lh.
1238 2870 1304 2932 Hoc
1325 2885 1401 2932 sane
1425 2877 1551 2949 tempus
1575 2879 1633 2943 est,
1658 2885 1755 2948 «quo
1778 2887 1835 2949 per

1086 2971 1188 3026 totum
1211 2963 1369 3026 mundum
1399 2964 1563 3026 saeviente
1593 2965 1729 3037 diabolo,
1753 2965 1835 3027 acies

1084 3058 1181 3120 debet
1209 3057 1380 3120 christiana
1410 3057 1618 3135 cornigera»
1646 3057 1709 3138 (l),
1740 3065 1836 3136 atquo

1084 3152 1162 3213 adeo
1185 3157 1312 3229 tempus
1334 3151 1394 3212 hoc
1416 3156 1465 3213 est
1487 3151 1574 3212 omni
1601 3152 1707 3214 studio
1730 3153 1836 3230 provi-

1084 3245 1191 3318 dendi,
1215 3250 1252 3306 ut
1280 3243 1491 3324 plorantibus,
1520 3244 1696 3318 orantibus,
1721 3263 1755 3308 ac
1777 3261 1835 3324 pro

1083 3339 1146 3402 fide
1167 3339 1385 3402 laborantibus
1407 3339 1625 3402 sacerdotibus
1650 3346 1756 3402 sancta
1778 3341 1835 3404 hao

1083 3449 1155 3494 sese
1176 3433 1372 3510 coniungant
1393 3432 1630 3512 conspiratione
1652 3433 1776 3495 fideles.
1800 3434 1835 3496 ln

1082 3543 1172 3605 spem
1194 3533 1302 3588 autem
1325 3526 1541 3588 firmissimam
1571 3527 1730 3603 erigimur
1751 3528 1832 3602 fore,

1084 3625 1119 3681 ιιι
1140 3620 1235 3692 Deus,
1259 3621 1314 3696 qui
1336 3619 1510 3682 Ecclesiam
1527 3633 1616 3680 suam
1633 3621 1665 3681 in
1682 3627 1769 3682 tanto
1784 3639 1834 3684 re-

1083 3713 1210 3791 ligionis
1231 3713 1426 3783 discrimine,
1445 3721 1477 3776 et
1491 3715 1524 3774 in
1541 3720 1604 3775 tam
1621 3715 1702 3776 duro
1717 3732 1751 3777 ac
1767 3716 1835 3778 diu-

1084 3814 1180 3869 turno
1202 3825 1275 3870 cum
1305 3807 1449 3869 hostibus
1478 3809 1665 3882 certamine,
1691 3810 1835 3888 omnipo-

1084 3901 1201 3963 tentiae
1223 3917 1298 3964 suae
1320 3902 1453 3963 deutera
1473 3907 1656 3964 sustentare
1672 3919 1736 3964 non
1753 3903 1834 3966 desi-

1083 3995 1140 4066 nit,
1165 3994 1374 4071 fideliumque
1396 3994 1573 4056 constantia
1588 3994 1717 4057 caritate
1733 4013 1766 4059 ac
1781 3998 1834 4058 de-

1081 4088 1213 4150 votione
1235 4087 1398 4164 laetificat3
1424 4087 1642 4167 multiplicatis
1669 4097 1833 4168 pastorum

1082 4188 1176 4259 atque
1210 4183 1319 4244 ovium
1353 4182 1500 4260 precibus
1529 4182 1655 4261 piisque
1682 4185 1834 4263 operibus

1082 4277 1280 4355 propitiatus,
1305 4277 1410 4338 eidem
1437 4278 1565 4339 tandem
1588 4284 1725 4355 optatam
1749 4285 1833 4341 tran-

1082 4370 1274 4448 quillitatem
1304 4387 1338 4433 ao
1360 4383 1468 4450 paoem
1499 4371 1752 4433 misericorditer
1774 4372 1834 4434 lar-

1082 4467 1197 4544 giatur.

1121 4562 1139 4636 ἓ
1163 4558 1209 4622 to.
1230 4559 1356 4621 interea
1370 4559 1471 4630 vobis,
1489 4560 1691 4624 venerabiles
1707 4561 1831 4636 fratres,
1864 4604 1866 4608 .

1082 4660 1113 4716 et
1134 4653 1262 4716 creditis
1284 4659 1410 4714 vestrae
1432 4669 1528 4716 curae
1542 4655 1666 4718 clericis
1682 4657 1833 4735 laicisque

1081 4747 1230 4810 fidelibus
1245 4747 1407 4808 universis
1420 4748 1626 4825 apostolicam
1638 4749 1833 4814 benedictio-

1081 4859 1156 4906 nem
1179 4847 1382 4921 peramanter
1403 4841 1620 4920 impertimur.

1122 4938 1236 4999 Datum
1265 4935 1385 4998 Romae
1414 4937 1496 5014 apud
1527 4934 1558 4998 S.
1584 4937 1713 4999 Mariam
1740 4939 1833 5002 llaio-

1082 5047 1152 5093 rem
1175 5030 1235 5093 suh
1251 5030 1370 5092 annulo
1390 5029 1555 5092 Piscatoris
1573 5029 1623 5092 die
1639 5049 1730 5094 xvnr.
1748 5039 1829 5112 sept.

1082 5142 1254 5198 nncccuc„
1279 5125 1481 5204 pontificatus
1504 5125 1604 5186 nostri
1620 5141 1702 5188 anno
1718 5144 1749 5188 x.

1380 5499 1528 5564 CLXXV.

1081 5688 1287 5751 Prouinciam
1312 5687 1469 5751 luc-curt
1491 5689 1526 5749 iu
1549 5687 1634 5750 Sidis
1652 5694 1831 5770 segregato
1907 5687 1908 5690 ’

1120 5782 1284 5845 vicariatu
1313 5780 1516 5851 Sutchucrtst',
1547 5786 1577 5842 ιι
1605 5782 1700 5862 erigit
1721 5782 1755 5844 iu
1777 5801 1831 5845 no-

1757 579 1815 640 253
1865 579 1919 632 An.
1935 582 1964 632 Ο.
1987 580 2056 634 1840
