4770 6982
97 2222 223 2269 'situlum
245 2233 282 2266 ec-

59 2280 149 2378 «lmine
175 2277 284 2332 suppri-

59 2347 91 2379 mi
109 2371 114 2380 .

96 3359 183 3401 horam
200 3353 289 3397 sedem

86 3409 157 3464 erigit.

87 4389 152 4482 dlura
167 4394 246 4428 novae
258 4392 294 4428 se·

104 4451 130 4484 rs.

901 591 1076 642 conuentus
1090 591 1148 642 BP.
1171 589 1237 640 XVI.

294 715 474 798 episcopatu
486 713 528 780 de
541 718 687 781 Truxillo
701 717 769 779 sive
784 715 823 778 ab
838 714 907 777 eius
919 715 1043 778 dioece-

295 814 322 876 si
341 817 496 892 perpetuo
517 811 692 874 dividimus
708 827 743 872 ac
761 808 1041 879 dismembramus,

296 903 494 982 insimulque
517 922 629 968 omnes
652 911 683 967 et
703 903 847 980 singulas
871 903 1042 982 paroecias,

296 999 464 1072 ecclesias,
497 1005 689 1070 conventus,
717 996 910 1059 monasteria
934 1003 965 1058 et
986 996 1046 1058 alia

296 1109 520 1172 quaecumque
541 1092 713 1155 saecularia
735 1099 768 1154 et
789 1091 979 1168 quorumvis
996 1107 1046 1154 or-

296 1188 410 1252 dinum
432 1187 593 1265 regularia
608 1186 772 1258 beneficia,
792 1201 873 1264 quae
889 1185 968 1246 inibi
982 1184 1046 1246 lor-

296 1298 353 1344 san
365 1281 514 1352 existant,
528 1297 588 1344 nec
602 1297 667 1342 non
682 1280 852 1357 utriusque
863 1293 960 1342 sexus
976 1295 1046 1356 per-

297 1391 406 1448 sonas,
436 1375 630 1436 habitatores
653 1381 684 1434 et
705 1373 824 1435 incolas
852 1380 917 1435 tam
939 1371 1045 1444 laicos,

298 1483 395 1546 quam
405 1469 547 1540 clericos,
558 1468 763 1546 presbyteros
773 1466 988 1539 beneficiatos,
998 1481 1048 1528 re-

298 1563 432 1640 ligiosos
454 1563 687 1639 cuiuscumque
711 1562 838 1638 gradus,
863 1567 974 1633 status,
999 1575 1049 1622 or-

300 1657 382 1719 dinis
406 1663 439 1720 et
459 1655 662 1726 conditionis,
680 1655 719 1718 ab
741 1655 901 1717 ordinaria
922 1653 1050 1716 iurisdi-

299 1752 416 1826 ctione,
434 1757 591 1830 potestate
606 1767 640 1812 ac
655 1749 881 1828 superioritate
903 1746 1053 1826 Episcopi

300 1862 358 1926 pro
381 1851 530 1924 tempore
551 1844 719 1908 existentis
746 1843 960 1906 Truxillensis
982 1843 1051 1904 sive

301 1941 370 2004 eius
383 1940 538 2004 dioecesis
555 1938 706 2000 ordinarii
722 1945 916 2017 perpetuum
931 1937 1052 2015 pariter

300 2035 491 2098 immodum
514 2033 687 2096 eximimus
703 2032 835 2096 omniuo
857 2039 952 2110 atque
974 2031 1053 2094 libe·
1083 2025 1086 2030 ’

302 2144 424 2190 ramus.
449 2151 450 2155 ¹

341 2222 410 2298 §h
435 2221 603 2285 Eiusmodi
625 2228 731 2283 autem
755 2220 1052 2292 dismembratione,

303 2317 463 2379 divisione
484 2321 580 2393 atque
603 2316 810 2394 exemptione
830 2322 965 2393 peracta,
983 2331 1054 2392 per-

303 2417 401 2490 petuo
418 2410 652 2489 supprimimus
667 2416 764 2486 atque
779 2409 1002 2486 extinguimus
1018 2409 1056 2470 ti-

303 2504 410 2566 tulum
432 2503 516 2566 sedis
532 2502 718 2582 episcopalis
734 2510 766 2565 et
781 2502 1052 2564 cathedralitatem

304 2597 457 2661 ecclesiae
480 2597 648 2660 existentis
669 2595 846 2658 incivitate
868 2596 907 2657 de
929 2595 1057 2674 blaynas

305 2707 442 2769 eamque
471 2690 658 2753 reducimus
687 2690 724 2752 ad
754 2695 872 2752 statum
902 2689 1057 2767 simplicis

305 2785 506 2864 parochialis,
524 2791 556 2846 et
571 2783 649 2846 inibi
672 2783 812 2846 matricis
835 2783 1000 2851 ecclesiae,
1018 2782 1078 2844 si-.

306 2879 439 2957 mulque
462 2878 739 2949 commendamus,
762 2883 799 2938 ut
820 2876 890 2938 eius
909 2893 1005 2938 curae
1027 2883 1059 2938 et

306 2972 556 3044 manutentum,
588 2987 738 3034 necnon
767 2969 877 3033 divino
904 2971 1004 3032 cultui
1027 2975 1060 3032 et

306 3072 581 3130 sacramentorum
591 3064 858 3128 administrationi
870 3063 1060 3126 ritedecen-

308 3167 423 3238 terque
435 3160 648 3239 peragendae,
662 3159 765 3236 quoad
778 3157 896 3220 melius
908 3158 977 3219 lieri
992 3164 1060 3237 pot-

309 3254 382 3326 erit,
407 3253 582 3330 diligenter
604 3253 801 3315 consulatur.

348 3348 417 3424 §li
442 3347 505 3410 llac
526 3347 611 3410 sedis
633 3347 821 3425 episcopalis
843 3353 876 3409 et
897 3347 1061 3410 cathedra·

309 3443 407 3530 litatis
434 3442 616 3522 Maynensis
649 3442 802 3504 ecclesiae
830 3441 1061 3520 suppressione

309 3543 342 3597 ct
363 3537 560 3598 extinctione
576 3536 729 3607 conlecta,
747 3534 906 3597 civitatem
922 3534 1062 3597 chacha-

309 3645 408 3708 poyas
422 3630 456 3692 in
472 3636 650 3692 memorata
672 3629 815 3690 eiusdem
832 3627 973 3690 nominis
988 3643 1062 3707 pro-

308 3724 413 3786 vincia
435 3725 592 3801 erigimus
622 3724 718 3786 etiam
744 3728 840 3801 atque
861 3723 1062 3784 instituimus

308 3819 343 3881 iu
364 3819 529 3882 civitatem
552 3817 766 3896 episcopalem
784 3815 935 3879 omnibus
951 3823 984 3878 et
999 3817 1062 3878 sin-

311 3913 395 3990 gulis
418 3913 590 3974 fruituram
613 3912 792 3974 bonoribus
817 3911 943 3974 iuribus
965 3911 1063 3988 privi-

310 4007 405 4083 legiis
427 4023 461 4070 ac
473 4007 705 4086 praerogativis
722 4006 839 4084 quibus
861 4010 1007 4067 caeterae
1022 4005 1063 4067 ci-

310 4101 426 4164 vitates
448 4100 618 4180 episcopali
634 4101 710 4162 sede
723 4101 890 4163 decoratae
911 4100 945 4161 in
966 4099 1064 4161 ludiis

312 4209 493 4272 eorumque
515 4195 638 4257 incolae
660 4201 693 4257 et
714 4194 800 4256 cives
816 4200 954 4256 utuntur
969 4200 1064 4271 atque

312 4289 494 4367 potiuntur.
667 4294 669 4299 '

353 4385 371 4458 g
392 4383 422 4444 ii.
447 4383 617 4462 Templum
633 4391 741 4446 autem
757 4384 843 4461 quod
853 4384 892 4469 in
907 4383 1065 4445 antedicta

313 4477 441 4540 civitate
455 4476 679 4556 Chachapoyas
695 4477 755 4539 sub
770 4477 973 4541 invocatione
990 4475 1066 4538 San·

313 4570 354 4632 cti
369 4570 494 4632 loannis
507 4570 661 4649 Baptistae
677 4572 816 4634 dicatum
830 4578 888 4644 est,
902 4572 935 4633 in
948 4586 1064 4633 novam

314 4663 531 4726 cathedralem
547 4664 586 4727 de
601 4663 826 4744 Chachapoyas
849 4665 1006 4742 erigimus
1022 4670 1066 4726 at-

315 4772 378 4834 qne
400 4759 636 4832 constituimus,
660 4764 788 4822 retento
815 4758 973 4836 siquidem
1003 4759 1067 4838 pri-

314 4851 399 4914 stino
422 4853 516 4915 titulo
539 4851 571 4915 S.
595 4853 721 4916 loannis
743 4853 901 4932 Baptistae
923 4861 955 4915 et
976 4849 1067 4932 paro'·

315 4945 409 5008 chiali
424 4947 590 5010 adservata
604 4947 786 5009 animarum
802 4963 888 5020 cura,
905 4948 1067 5026 protinus-

316 5055 380 5118 que
401 5041 480 5104 iuibi
501 5041 613 5104 sedem
635 5042 886 5120 cathedramque
905 5042 1067 5120 pontifica-

316 5134 381 5197 lem
404 5150 463 5214 pro
484 5151 550 5196 uuo
572 5135 723 5212 deinceps
745 5134 902 5214 Episcopo
928 5135 967 5198 de
989 5134 1068 5196 (lha-

317 5229 474 5308 cbapoyus
501 5229 725 5292 tautummodo
754 5229 987 5308 nuncupando,
1014 5230 1068 5307 qui

319 5323 424 5386 eidem
434 5323 728 5397 ecclesiae,civitati
740 5330 773 5385 et
783 5322 921 5386 dioecesi
933 5323 1069 5386 inlerius

319 5417 526 5495 assignandae
543 5418 678 5496 eiusque
695 5417 782 5480 clero
798 5424 831 5480 et
845 5419 964 5498 populo
980 5435 1071 5498 prae-

320 5511 370 5585 sit,
394 5513 555 5591 synodum
577 5519 733 5575 convocet
751 5529 810 5574 neo
831 5529 896 5575 nou
918 5514 1024 5576 omnia
1040 5519 1072 5575 et

321 5605 449 5684 singula
469 5607 540 5669 iura
568 5607 669 5670 cilicia
690 5613 722 5668 et
743 5607 853 5669 munia
882 5606 1072 5686 episcopalia

322 5699 436 5764 habeat
451 5707 546 5778 atque
568 5707 718 5764 exerceat
738 5717 812 5763 cum
834 5702 899 5764 suis
920 5701 1069 5780 capitulo,

321 5809 404 5869 arca,
427 5795 546 5872 sigillo,
562 5812 672 5858 mensa
694 5795 894 5872 caeterisque
910 5795 1073 5858 cathedra·

320 5888 408 5951 -lihus
427 5889 586 5966 insigniis,
603 5889 739 5964 iuribus,
758 5891 946 5962 honoribus,
964 5905 1073 5968 praee·

282 5999 285 6010 ·
324 5983 501 6058 minentiis,
527 5985 647 6062 gratiis,
671 5983 847 6058 favoribus,
864 5984 1008 6058 indultis,
1027 5985 1074 6046 iu-

430 6132 483 6178 lur.
502 6133 571 6179 Pom.
587 6131 618 6178 de
632 6133 707 6192 Prop.
723 6131 786 6178 Fide
801 6133 883 6179 Partis
898 6133 916 6178 l.
932 6132 985 6179 vol.
1001 6134 1028 6176 v.

1100 710 1339 796 risdiotionibus
1355 717 1388 774 et
1397 695 1629 788 praerogativis
1642 706 1759 784 quibus
1772 705 1850 768 aliae

1099 806 1299 870 cathedrales
1322 804 1475 867 ecclesiae
1497 804 1530 866 in
1550 803 1647 866 lndiis
1668 799 1851 865 Occidenta-

1099 901 1184 963 libus
1197 915 1375 977 earumque
1388 899 1553 978 praesules
1565 897 1745 977 potiuntur,
1760 895 1851 958 dum-

1101 996 1197 1058 modo
1217 1012 1257 1058 ex
1276 993 1430 1074 peculiari
1451 993 1578 1056 indulto
1600 1009 1657 1056 seu
1680 990 1852 1070 privilegio

1102 1107 1167 1153 non
1196 1089 1261 1152 sint
1286 1089 1332 1151 eis
1354 1088 1521 1162 attribute,
1552 1093 1710 1168 perpetuo
1733 1085 1854 1164 pariter

1103 1185 1260 1262 erigimus
1282 1190 1377 1262 atque
1399 1183 1611 1246 instituimus.

1143 1281 1161 1354 ἓ
1184 1279 1212 1341 7.
1236 1278 1341 1353 Quum
1363 1293 1445 1340 vero
1474 1277 1613 1340 relatum
1636 1276 1737 1339 inerit
1764 1291 1855 1354 prae·
1878 1337 1880 1340 ,

1103 1373 1199 1436 iatam
1226 1373 1393 1436 ecclesiam
1418 1371 1449 1434 S.
1474 1371 1600 1434 loannis
1623 1371 1780 1451 Baptistae
1802 1369 1856 1432 de·

1104 1471 1190 1534 ceuti
1217 1486 1276 1534 ceu
1300 1487 1355 1549 par
1381 1476 1430 1532 est
1454 1485 1511 1548 pro
1535 1468 1774 1531 cathedralitate
1800 1483 1856 1528 sua

1104 1566 1241 1628 sacrario
1273 1561 1369 1642 atque
1398 1565 1493 1626 etiam
1518 1579 1638 1640 organo
1661 1579 1781 1634 carere,
1811 1561 1856 1623 id·

1106 1660 1190 1722 circo
1212 1658 1425 1739 praecipimus
1441 1665 1478 1720 ut
1491 1657 1640 1734 utrisque
1654 1655 1743 1718 hisce
1758 1654 1857 1718 rebus

1107 1754 1293 1818 consulatur
1322 1759 1480 1831 quatenus
1506 1751 1538 1814 id
1564 1751 1709 1814 nondum
1738 1749 1857 1812 tactum

1107 1849 1217 1912 inerit.

1148 1946 1167 2020 ἓ
1188 1943 1217 2004 8.
1241 1943 1423 2007 Gatbedrali
1439 1940 1858 2019 ecclesiadecbachapopas
1878 1950 2092 2048 seris⁰2i¹ar¹l⁰rlff⁰

1108 2039 1170 2103 hoc
1181 2037 1278 2100 modo
1291 2043 1407 2109 erecta,
1421 2043 1459 2098 ut
1469 2037 1599 2116 propria
1610 2034 1760 2113 deinceps
1773 2034 1860 2098 dioe-

1110 2133 1188 2194 cesis
1211 2131 1372 2194 tribuatur
1392 2129 1480 2192 illius
1509 2128 1667 2202 Antistiti,
1695 2128 1797 2208 ipsam
1817 2129 1860 2191 ci-

1109 2227 1243 2288 vitatem
1256 2221 1299 2288 de'
1316 2224 1541 2302 Chachapoyas
1558 2229 1590 2284 et
1604 2229 1728 2284 caetera
1749 2229 1860 2284 cuncta

1111 2322 1178 2384 loca
1200 2336 1281 2397 quae
1305 2318 1506 2381 territorium
1529 2335 1562 2380 ac
1585 2316 1758 2380 dioecesim
1777 2316 1861 2396 biay·

1111 2429 1245 2477 nensem
1258 2414 1412 2475 hactenus
1424 2411 1672 2484 constituerunt,
1681 2415 1751 2472 ium
1765 2409 1860 2472 etiam

1110 2509 1263 2571 universa
1277 2505 1345 2568 loca
1357 2511 1390 2568 et
1401 2504 1605 2568 territorium
1617 2519 1681 2582 quo
1697 2509 1730 2566 et
1744 2503 1861 2582 quibus

1111 2601 1406 2681 inpraesentiarum
1420 2605 1567 2663 constant
1577 2604 1774 2661 memoratae
1790 2613 1861 2678 pro·
1916 2611 1918 2616 ·

1111 2697 1235 2758 vinciae
1257 2695 1348 2756 Pataz
1365 2699 1397 2756 et
1410 2692 1635 2771 Chacbapogas
1656 2697 1693 2754 ut
1714 2707 1809 2770 supra
1824 2691 1862 2753 ab

1113 2791 1297 2870 episcopatu
1310 2787 1507 2851 Truxillensi
1520 2787 1655 2865 eiusque
1669 2786 1863 2849 iurisdictio-

1113 2901 1155 2948 ne
1177 2890 1346 2962 exemptae
1368 2890 1463 2960 atque
1485 2881 1626 2954 avulsae,
1643 2897 1701 2961 pro
1724 2881 1864 2944 dioecesi

1113 2977 1296 3041 istiusmodi
1332 2976 1532 3056 episcopatus
1568 2976 1607 3039 de
1642 2974 1864 3054 Cluacbapoyas

1114 3073 1313 3151 assignamus
1346 3070 1601 3149 perenniterque
1630 3069 1861 3132 adiudicamus:

1114 3167 1201 3246 quod
1223 3165 1354 3244 quidem
1376 3163 1580 3226 territorium
1602 3163 1647 3224 sic
1668 3163 1865 3240 assignatum

1114 3277 1148 3323 ac
1170 3261 1204 3322 in
1225 3277 1263 3322 eo
1286 3260 1463 3320 existentes
1485 3273 1544 3319 seu
1563 3255 1734 3319 existentia
1754 3271 1866 3336 paroe-

1115 3355 1188 3426 cias,
1213 3351 1373 3423 ecclesias,
1397 3358 1587 3423 conventus,
1615 3351 1809 3413 monasteria
1835 3357 1867 3414 et

1116 3461 1338 3527 quaecumque
1360 3445 1419 3509 alia
1440 3445 1613 3508 saecularia
1625 3461 1659 3507 ac
1675 3446 1867 3522 quorumvis

1116 3543 1266 3606 ordinum
1279 3540 1441 3618 regularia
1452 3539 1617 3611 beneficia,
1632 3539 1803 3616 utriusque
1818 3555 1866 3600 se-

1114 3653 1176 3698 xus
1198 3650 1351 3715 personas
1374 3640 1405 3695 et
1426 3631 1545 3694 incolas
1568 3637 1632 3693 tam
1658 3631 1755 3694 laicos
1770 3645 1867 3709 quam

1116 3729 1261 3799 clericos,
1279 3744 1344 3788 non
1360 3732 1469 3788 tamen
1484 3732 1663 3804 exemptos,
1685 3726 1867 3787 cuiuscum-

1118 3839 1181 3903 que
1204 3821 1321 3900 gradus
1338 3827 1370 3882 et
1384 3817 1577 3882 conditionis
1597 3834 1673 3880 mox
1689 3819 1868 3881 ordinariae

1117 3933 1176 3996 pro
1191 3923 1339 3994 tempore
1355 3913 1522 3976 existentis
1537 3911 1698 3974 Antistitis
1715 3911 1868 3976 ecclesiae

1118 4005 1870 4086 dechachapoyasiurisdictioni,regiminipo·

1119 4103 1226 4167 testati
1247 4119 1282 4164 ac
1303 4099 1522 4180 superioritati
1540 4106 1698 4180 perpetuo
1719 4100 1870 4163 similiter

1119 4199 1390 4274 continenterque
1404 4195 1602 4268 subiicimus,
1618 4195 1713 4272 eique
1725 4211 1783 4275 pro
1795 4195 1871 4258 civi-

1119 4299 1194 4365 tate,
1220 4289 1395 4362 territorio,
1420 4289 1570 4362 dioecesi,
1588 4287 1676 4351 clero
1699 4295 1731 4351 et
1751 4289 1871 4368 populo

1119 4393 1314 4468 perpetuum
1336 4383 1457 4464 pariter
1472 4382 1505 4445 in
1520 4383 1654 4444 modum
1671 4383 1871 4460 assignamus

1120 4487 1216 4558 atque
1238 4479 1476 4542 constituimus.

1160 4573 1229 4651 59.
1258 4571 1444 4635 Venerabili
1473 4571 1564 4634 iratri
1592 4571 1726 4650 losepho
1758 4571 1873 4634 Mariae
1893 4571 2106 4682 effigiei&

1122 4669 1161 4731 de
1177 4667 1320 4744 hrriaga,
1338 4667 1394 4744 qui
1416 4665 1622 4744 Magnensem
1638 4665 1734 4728 modo
1751 4665 1874 4728 obtine·

1122 4763 1175 4824 bat
1187 4762 1404 4840 episcopatum
1417 4759 1567 4838 superius
1580 4765 1809 4834 memoratum,
1820 4760 1874 4822 be·

1122 4857 1266 4934 nigniter
1279 4855 1445 4918 lacultates
1461 4854 1667 4916 concedimus
1680 4853 1874 4917 necessarias

1124 4957 1157 5013 et
1178 4953 1385 5030 opportunas,
1401 4953 1439 5010 ut
1453 4947 1573 5025 absque
1588 4965 1671 5010 nova
1692 4947 1875 5011 litterarum

1124 5043 1371 5124 apostolicarum
1391 5042 1597 5122 expeditione
1620 5043 1808 5105 antedictam
1827 5059 1876 5104 ec·

1125 5139 1254 5201 clesiam
1271 5144 1303 5200 et
1319 5137 1490 5217 episcopat.
1509 5137 1547 5200 de
1569 5135 1793 5216 Chacbapoyas
1809 5152 1876 5198 mo·

1127 5233 1304 5295 derandum
1326 5231 1683 5308 administrandumque
1711 5232 1876 5309 suscipere

1126 5333 1221 5404 atque
1235 5327 1382 5388 obtinere
1393 5325 1492 5404 possit
1503 5331 1535 5386 et
1546 5325 1660 5397 valeat,
1671 5330 1783 5403 utpote
1796 5323 1877 5386 eius·

1127 5421 1200 5482 dem
1213 5417 1409 5492 ordinarius,
1421 5433 1518 5496 quem
1531 5418 1567 5481 ad
1581 5418 1679 5480 linem
1692 5417 1876 5480 Antistitem
1978 5461 1980 5464 -

1126 5513 1233 5592 ipsum
1256 5513 1352 5575 etiam
1381 5519 1476 5590 atque
1503 5511 1598 5574 etiam
1628 5511 1812 5582 hortamur,
1836 5525 1877 5572 ne

1127 5607 1247 5669 vicario
1271 5605 1415 5684 generali
1431 5605 1550 5667 diutius
1566 5621 1676 5668 carere
1690 5603 1781 5676 velit,
1799 5603 1878 5682 quin

1128 5701 1229 5764 immo
1256 5699 1471 5778 quantocitius
1497 5705 1589 5762 curet
1609 5704 1645 5761 ut
1668 5699 1702 5760 in
1723 5698 1754 5760 id
1785 5697 1879 5760 officii

1128 5795 1237 5858 virum
1250 5793 1501 5858 ecclesiasticum
1517 5792 1666 5872 probum,
1684 5793 1879 5871 prudentem

1130 5895 1226 5968 atque
1257 5889 1411 5951 idoneum
1440 5887 1500 5950 sibi
1529 5904 1567 5951 eo
1596 5885 1775 5966 impensius
1804 5901 1880 5948 uan-

1130 5983 1201 6046 cisci
1225 5983 1360 6054 studeat,
1379 5997 1443 6060 quo
1466 5981 1568 6044 maior
1584 5987 1633 6043 est
1647 5980 1801 6043 dioecesis
1817 5996 1881 6042 am-

1749 6131 1775 6178 40

1771 567 1829 632 313
1881 567 1933 618 ln.
1949 567 1978 619 c.
2001 563 2070 618 rate
