4770 6982
351 561 404 616 An.
419 564 449 618 0.
472 563 541 616 1845
590 563 649 630 3166

571 701 745 780 praefectio
759 718 818 781 per
839 717 897 763 nos
909 707 946 764 ut
961 701 1042 764 infra
1054 701 1216 766 faciendae
1231 718 1320 781 prae-

571 801 744 872 sentesque
768 803 895 858 nostrae
917 797 1043 860 litterae
1069 813 1163 858 suum
1186 797 1321 859 sortian-

571 893 625 949 tur
647 889 808 962 eifectum,
829 889 946 951 harum
965 889 1048 952 serie
1070 889 1274 952 absolventes
1290 896 1322 952 et

571 982 753 1045 absolutum
777 983 846 1045 fore
862 989 1040 1054 censentes
1068 983 1234 1060 ipsamque
1257 984 1320 1046 616-

571 1077 692 1140 116666
715 1093 772 1139 666
795 1078 1043 1156 postulationem
1060 1078 1099 1138 de
1115 1078 1250 1140 fratrum
1268 1095 1320 1140 66-

571 1171 722 1232 16611661
757 1171 890 1234 66661116
926 1171 1097 1250 6666161166
1132 1172 1321 1234 66616111616

571 1264 798 1327 condrmantes
824 1271 857 1326 et
881 1264 1111 1343 approbantes,
1143 1279 1320 1341 omnesque

571 1363 604 1419 61
627 1358 772 1436 singulos
802 1365 833 1421 et
861 1359 1086 1422 substantiales
1116 1359 1271 1430 1161661116,
1295 1357 1321 1418 61

571 1451 681 1528 quiin
704 1453 862 1516 electione
888 1467 944 1514 seu
968 1452 1183 1531 postulatione
1211 1450 1321 1512 huius-

571 1547 658 1608 modi
680 1546 924 1623 quomodolibet
944 1546 1191 1619 intervenerint,
1210 1545 1321 1606 eadem

571 1639 741 1718 apostolica
752 1640 940 1702 auctoritate
962 1640 1149 1718 supplentes
1166 1646 1197 1701 et
1211 1655 1322 1700 sanan-

572 1737 631 1806 tes,
648 1733 736 1796 16116
751 1733 918 1795 decretum
940 1733 973 1795 in
995 1733 1254 1810 congregatione
1270 1747 1322 1794 eo-

572 1827 722 1888 rumdem
745 1827 881 1889 fratrum
898 1834 1085 1889 nostrorum
1103 1827 1322 1889 811111161-

572 1920 726 1983 dinalium
739 1921 877 1999 negotiis
888 1921 926 1983 116
935 1919 1224 2000 Propagandafide
1233 1936 1322 1998 prae-

572 2015 751 2092 positorum
774 2021 957 2078 emanatum
977 2021 1009 2076 et
1025 2031 1082 2092 per
1097 2031 1155 2076 nos
1170 2014 1322 2092 adproba-

573 2114 653 2180 tum,
671 2113 713 2182 te,
731 2107 807 2172 licet
820 2110 998 2180 absentem,
1016 2128 1031 2170 a
1047 2109 1177 2170 vinculo
1194 2123 1257 2185 quo
1274 2124 1322 2170 ec-

572 2203 686 2266 clesiae
698 2204 896 2276 Damascen,
910 2205 961 2266 cni
976 2203 1129 2265 hactenus
1143 2203 1320 2281 praefuisti,

571 2297 744 2370 tenebaris,
762 2299 801 2360 de
817 2297 953 2360 fratrum
975 2297 1166 2360 eorumdem
1189 2296 1322 2358 consilio

571 2409 605 2452 ac
634 2392 823 2470 apostolicae
852 2391 1018 2470 potestatis
1047 2391 1249 2469 plenitudine
1270 2391 1322 2452 ab·

571 2485 746 2558 solventes
770 2485 808 2548 ad
837 2490 1047 2546 memoratam
1078 2484 1320 2562 patriarchalem

571 2580 738 2644 ecclesiam
753 2579 946 2642 Antiochen.
964 2579 1102 2640 nationis
1118 2577 1323 2658 Syro-liare-

571 2674 713 2736 nitarnm
736 2674 775 2735 de
804 2673 937 2735 consilio
959 2679 990 2734 at
1015 2673 1205 2752 apostolicae
1234 2680 1322 2752 6616-

572 2767 661 2830 statis
682 2767 883 2846 plenitudine
905 2766 1065 2828 similibus
1085 2767 1320 2840 transferimus,

571 2868 669 2938 teque
691 2861 738 2923 illi
766 2861 799 2922 in
821 2861 1034 2922 Patriarcham
1065 2863 1268 2940 praeficimus
1291 2871 1323 2924 61

571 2962 745 3033 pastorem,
763 2970 884 3026 curam,
908 2954 1057 3030 regimen
1075 2962 1107 3016 et
1123 2955 1322 3016 administra-

572 3049 695 3110 tionem
717 3047 814 3109 huius
842 3048 1060 3126 patriarchalis
1090 3048 1242 3110 666166166
1266 3048 1322 3110 11111

571 3141 605 3203 16
627 3141 846 3220 spiritualibus
869 3147 902 3202 61
924 3141 1155 3220 temporalibus
1180 3142 1323 3220 plenarie

573 3236 804 3298 committendo
831 3235 1031 3311 liberamque
1060 3235 1114 3297 tibi
1144 3237 1179 3298 ad
1208 3237 1322 3298 dictam

572 3329 815 3408 patriarchalem
839 3329 1005 3391 ecclesiam
1022 3329 1210 3392 transeundi
1226 3331 1322 3392 licen-

572 3423 648 3484 tiam
671 3423 854 3495 tribuendo,
878 3423 911 3484 in
933 3423 989 3484 illo
1018 3423 1073 3499 qui
1094 3423 1146 3484 dat
1161 3423 1276 3500 gratias
1292 3429 1324 3483 61

572 3515 709 3594 largitur
731 3517 885 3596 praemia,
910 3515 1108 3578 confidentes
1131 3515 1323 3593 6661111111-

573 3616 669 3687 gente
682 3609 817 3672 Domino
830 3616 1013 3681 661661666,
1027 3609 1093 3686 1666
1106 3609 1323 3686 patriarchalis

572 3703 705 3766 66616616
727 3704 787 3767 sub
812 3703 973 3766 166161161
1005 3702 1163 3780 gubernio
1189 3709 1323 3778 regetur

571 3797 696 3860 utiliter
719 3805 927 3877 6161666616
949 3797 1109 3874 dirigetur
1131 3813 1164 3858 66
1187 3802 1275 3873 grata
1290 3795 1323 3856 16

572 3891 694 3953 6161166
717 3891 935 3970 spiritualibus
951 3897 983 3952 et
1002 3889 1233 3969 temporalibus
1255 3905 1323 3950 sus-

572 3985 668 4063 cipiet
688 3985 899 4048 incrementa.

611 4077 762 4152 Quocirca
784 4077 975 4140 fraternitati
996 4084 1069 4140 inae
1084 4093 1142 4156 per
1153 4077 1323 4157 apostolica

572 4173 688 4252 scripta
711 4173 911 4244 mandamus,
936 4179 1093 4256 quatenus
1115 4173 1152 4234 ad
1175 4173 1322 4234 eamdem

573 4265 817 4347 patriarchalem
845 4265 1012 4328 ecclesiam
1038 4282 1111 4328 cum
1142 4265 1241 4343 gratia
1268 4282 1323 4328 no-

572 4368 657 4423 strae
673 4359 904 4422 benedictionis
920 4360 1083 4433 accedens,
1101 4375 1210 4422 curam
1226 4367 1258 4422 et
1272 4361 1323 4422 611-

572 4453 844 4516 ministrationem
859 4451 1014 4532 praefatas
1029 4454 1074 4516 sic
1089 4469 1242 4516 61616616
1258 4461 1323 4515 616-

573 4549 646 4610 deas
661 4547 809 4620 sollicite,
826 4546 966 4610 fideliter
980 4564 1015 4608 ac
1030 4547 1218 4626 prudenter,
1237 4547 1323 4624 quod

574 4643 690 4704 6116116
712 4641 830 4721 6661611
847 4641 971 4703 1166166
993 4641 1187 4720 6161661661
1201 4659 1235 4704 66
1250 4648 1322 4704 1666

573 4735 674 4798 honae
687 4737 788 4800 famae
801 4738 880 4800 odor
893 4753 933 4799 61
948 4736 1011 4798 1616
1024 4735 1235 4798 laudabilibus
1248 4735 1322 4798 actis

572 4830 667 4892 latius
690 4831 887 4893 diffundatur
908 4835 1003 4907 atque
1024 4829 1090 4908 ipsa
1105 4829 1323 4908 patriarchalis

573 4925 706 4986 66616616
728 4923 937 5002 gubernatori
958 4923 1093 5004 provido
1109 4940 1143 4984 ac
1158 4923 1323 4985 fructuoso

572 5019 824 5082 administratori
846 5019 983 5096 gaudeat
1004 5035 1038 5080 se
1055 5018 1259 5080 commissam
1275 5024 1323 5079 tu-

573 5129 636 5190 que
663 5119 790 5192 praeter
810 5119 960 5174 aeternae
982 5112 1205 5174 retributionis
1235 5128 1323 5190 6166-

572 5207 673 5270 mium
698 5214 841 5270 nostram
858 5213 890 5269 et
912 5207 1012 5269 dictae
1028 5207 1111 5268 sedis
1128 5206 1324 5269 benedictio-

573 5317 648 5363 nem
672 5309 703 5363 et
726 5302 859 5378 gratiam
883 5301 999 5364 exinde
1020 5300 1154 5363 uberius
1170 5301 1323 5378 consequi

572 5395 738 5457 66166116.

612 5487 677 5552 Ν66
699 5505 764 5550 666
778 5503 877 5550 1666.
895 5487 1047 5550 fratribus
1063 5487 1181 5552 nostris
1196 5487 1323 5566 1161666-

573 5584 620 5662 616
632 5583 841 5661 sufiraganeis
854 5583 1042 5645 orthodoxis
1052 5601 1086 5645 66
1095 5583 1218 5645 dilectis
1228 5583 1322 5644 etiam

573 5677 646 5738 filiis
665 5677 807 5738 vassallis
823 5677 923 5756 ipsius
940 5677 1158 5755 patriarchalis
1171 5677 1322 5738 ecclesiae

573 5777 667 5848 atque
689 5771 776 5832 clero
799 5771 970 5850 61666616
994 5771 1099 5834 611166
1122 5769 1323 5850 patriarchali

574 5864 725 5926 ecclesiae
751 5865 1178 5944 66111661166616666161166
1206 5865 1322 5943 scripta

573 5958 772 6032 mandamus,
797 5965 833 6022 ut
854 5959 1047 6038 suffraganei
1074 5959 1129 6022 tibi
1159 5965 1322 6036 tamquam

1091 583 1156 630 fult.
1181 583 1273 630 PONT.
1297 583 1338 629 DE
1360 583 1390 630 Ρ.
1414 585 1444 630 F.
1468 584 1552 632 PARS
1573 585 1595 630 1.

1376 703 1520 766 membra
1542 701 1633 780 capiti
1650 701 1866 778 obsequentes
1882 699 2056 762 exhibeant
2070 697 2128 761 tibi

1376 796 1591 858 obedientiam
1609 802 1639 857 61
1654 794 1872 858 16161661166
1888 791 2009 856 debitas
2024 809 2058 854 ac
2073 793 2128 854 de·

1376 897 1464 952 votas
1477 889 1529 960 ita,
1545 889 1754 967 quodmutua
1765 889 1851 950 16161
1864 894 1895 950 16
1912 893 1944 949 61
1959 885 2043 964 16666
2057 901 2129 962 gra·

1376 985 1417 1046 tia
1440 990 1546 1062 gratos
1569 983 1720 1044 sortiatur
1736 983 1868 1045 effectus
1892 988 2129 1044 6166666166

1376 1077 1750 1155 1161611666666661666
1763 1073 2129 1155 6166161661611661166

1376 1173 1494 1234 1661116
1510 1171 1746 1234 commendare.
1764 1169 2002 1232 (1166666166
2022 1174 2130 1246 16616

1377 1273 1486 1328 666116
1509 1273 1540 1328 61
1561 1265 1705 1328 61661166
1720 1263 1810 1326 Sedis
1834 1263 2017 1325 reverentia
2039 1261 2129 1324 beni-

1378 1377 1440 1438 gne
1463 1360 1656 1438 recipientes
1680 1365 1711 1419 et
1733 1358 1911 1419 honorifice
1933 1361 2129 1435 pertractan-

1378 1461 1436 1524 tes,
1461 1459 1514 1515 tua
1530 1452 1667 1514 salubria
1684 1451 1804 1513 monita
1822 1457 1854 1512 61
1868 1451 2014 1512 mandata
2029 1449 2129 1512 611661-

1378 1548 1464 1627 piant
1492 1546 1661 1608 humiliter
1691 1551 1723 1608 61
1752 1545 1921 1607 efficaciter
1950 1543 2128 1622 adimplere

1378 1647 1563 1720 procurent.
1588 1639 1729 1718 Populus
1748 1653 1827 1700 1616
1845 1644 2053 1714 telamquam
2076 1654 2128 1715 pa-

1377 1742 1462 1796 trem
1485 1742 1518 1797 61
1539 1741 1701 1814 pastorem
1723 1733 1903 1794 animarum
1926 1748 2057 1794 suarum
2074 1731 2128 1792 116-

1378 1837 1453 1891 1616
1474 1829 1686 1906 suscipientes
1708 1835 1740 1889 61
1762 1827 1867 1888 debita
1883 1825 2128 1888 honorificentia

1378 1931 1611 2002 prosequentes
1634 1923 1696 1984 tuis
1712 1921 1842 1984 monitis
1865 1928 1897 1982 et
1912 1920 2066 1982 mandatis
2082 1937 2128 1980 sa-

1378 2016 1525 2079 lubribus
1548 2015 1716 2078 humiliter
1738 2015 1907 2077 intendant
1920 2015 1973 2085 ita,
1991 2014 2075 2092 quod
2093 2020 2127 2074 tu

1377 2111 1410 2173 in
1434 2111 1478 2172 eis
1506 2110 1686 2172 devotionis
1716 2109 1798 2170 illios
1822 2115 1854 2170 61
1881 2107 1939 2186 1661
1962 2107 1994 2169 16
2017 2114 2048 2168 16
2070 2123 2128 2184 661

1378 2219 1581 2281 consequens
1603 2209 1726 2282 patrem
1750 2201 1947 2264 benevolum
1965 2201 2128 2262 invenisse

1379 2298 1551 2376 gaudeatis.
1576 2297 1709 2360 Vassalli
1726 2297 1851 2358 tandem
1876 2295 2005 2373 praefati
2029 2301 2059 2356 te
2075 2295 2128 2356 116-

1377 2393 1444 2455 bito
1467 2393 1591 2454 honore
1613 2397 1848 2469 prosequentes
1868 2388 1924 2451 tibi
1941 2389 2125 2450 fidelitatem

1378 2487 1501 2549 solitam
1527 2492 1734 2547 6666666616
1763 2483 1894 2545 servitia
1920 2489 1953 2544 et
1979 2483 2047 2542 iura
2071 2482 2126 2542 tihi

1377 2581 1415 2642 611
1438 2581 1482 2642 616
1499 2580 1603 2642 11611116
1618 2579 1745 2654 integre
1762 2578 1917 2640 6111111616
1939 2581 2124 2655 616661661,

1377 2675 1519 2752 alioquin
1541 2673 1734 2736 sententiam
1761 2673 1829 2733 sive
1854 2687 2002 2750 poenam,
2031 2685 2125 2746 quam

1379 2775 1412 2831 tu
1441 2769 1502 2830 rite
1525 2769 1639 2830 tuleris
1666 2783 1723 2828 666
1749 2765 1898 2827 616166116
1919 2765 1952 2825 16
1974 2764 2124 2835 rebelles,

1377 2870 1476 2926 ratam
1510 2861 1700 2923 habebimus
1731 2867 1762 2921 61
1795 2859 1965 2930 16616666,
1998 2865 2127 2920 6661616

1378 2956 1531 3027 1166166,
1556 2955 1717 3031 usquead
1745 2953 1994 3014 satisfactionem
2021 2951 2127 3014 condi-

1379 3065 1473 3128 gnam
1496 3047 1725 3110 inviclahiliter
1749 3047 1925 3108 observari.

1418 3143 1576 3206 Volumus
1597 3150 1704 3203 autem
1727 3142 1811 3218 quod
1836 3147 1870 3202 to
1892 3149 2063 3217 antequam
2079 3155 2128 3200 re-

1379 3237 1492 3314 gimini
1520 3243 1551 3296 61
1577 3235 1843 3296 administrationi
1873 3234 1969 3295 huius
1997 3232 2128 3311 patriar-

1378 3331 1476 3392 chalis
1499 3329 1650 3391 ecclcsiae
1673 3335 1704 3390 te
1718 3328 1752 3389 in
1767 3329 1873 3404 aliquo
1887 3327 2077 3392 immisceas.
2095 3326 2127 3386 in

1379 3422 1525 3485 manibus
1539 3423 1677 3484 duorum
1691 3437 1788 3484 1666.
1800 3422 1918 3500 6611161
1928 3421 2062 3482 fratrum
2073 3436 2129 3481 no-

1378 3525 1520 3580 strornm
1541 3516 1866 3594 hrchiepiscoporum
1885 3515 1938 3576 161
1957 3515 2129 3592 Ε6166666-

1378 3627 1451 3672 rum
1468 3610 1602 3687 gratiam
1616 3617 1648 3670 61
1664 3624 1927 3670 661666616666
1944 3609 2028 3670 sedis
2040 3624 2129 3686 prae-

1378 3705 1458 3766 fatae
1474 3703 1663 3766 habentium
1678 3709 1710 3764 61
1724 3703 1836 3764 inistis
1851 3702 1995 3780 partibus
2010 3701 2130 3778 degen-

1379 3799 1470 3866 tium,
1495 3814 1553 3859 sen
1576 3797 1778 3860 inmanibus
1803 3797 1935 3859 alterius
1958 3797 2130 3858 66111611-

1379 3891 1654 3956 1161116116116111166
1670 3890 1801 3952 solitum
1815 3890 2130 3970 616661661616666-

1378 3994 1447 4050 tum
1470 3987 1558 4049 16116
1584 4001 1693 4058 6666,
1711 4002 1745 4046 66
1767 3985 2036 4048 11116166111611666
2057 4000 2130 4063 pro-

1378 4081 1550 4144 fessionem
1575 4097 1591 4142 a
1615 4078 1696 4142 Sede
1719 4079 1899 4156 Apostolica
1914 4078 2130 4142 Orientalibus

1378 4175 1609 4255 praescriptam
1628 4173 1715 4234 16116
1737 4173 1870 4235 6116166
1898 4172 2017 4234 formas
2040 4189 2129 4252 6166-

1378 4269 1524 4330 sentibus
1537 4268 1699 4329 adnotatas
1715 4267 1852 4338 emittas,
1865 4273 1898 4328 61
1909 4265 1953 4328 616
1969 4283 1985 4328 6
1998 4273 2029 4328 16
2042 4282 2130 4343 6166-

1378 4361 1444 4422 61111
1472 4361 1645 4422 1616616611
1668 4367 1700 4422 61
1728 4359 1937 4438 professionis
1964 4359 2038 4420 fidei
2060 4377 2076 4420 a
2099 4367 2130 4420 te

1379 4455 1514 4516 emissae
1530 4455 1649 4516 formas
1666 4454 1703 4514 ad
1718 4454 1818 4532 ipsam
1833 4453 2128 4530 congregationem

1379 4548 1418 4610 116
1440 4541 1645 4627 Propaganda
1667 4547 1744 4610 Fide
1760 4549 1799 4609 de
1814 4547 1915 4609 verbo
1937 4547 1974 4608 ad
1991 4547 2129 4608 1611166

2161 561 2213 610 An.
2228 563 2255 611 C.
2275 564 2328 616 1841

1378 4657 1436 4720 661
1457 4649 1527 4704 1666
1550 4648 1695 4722 patentes
1708 4641 1830 4702 litteras
1853 4646 1908 4702 166
1931 4640 2038 4718 sigillo
2060 4655 2129 4700 mu·
2221 4698 2224 4706 ,

1378 4737 1459 4798 61166
1482 4753 1539 4815 661
1561 4735 1710 4815 propium
1738 4735 1892 4796 nuncium
1916 4735 2129 4812 quantocitius

1378 4831 1599 4892 transmittere
1622 4829 1754 4892 omnino
1777 4829 1934 4901 tenearis,
1958 4828 2075 4906 quihus
2098 4835 2130 4890 61

1379 4940 1494 4986 66166
1516 4923 1648 4986 cuilibet
1664 4939 1722 5002 per
1734 4923 1862 4985 easdem
1878 4930 2063 5000 praesentes
2079 4939 2128 5002 pa-

1378 5018 1459 5080 riter
1482 5019 1670 5080 mandamus
1692 5024 1728 5079 ut
1750 5019 1808 5096 ipsi
1835 5017 1888 5079 161
1911 5033 2025 5079 66166
2048 5017 2128 5078 alter

1379 5120 1442 5174 ate
1458 5119 1569 5174 nostro
1591 5119 1622 5173 et
1641 5111 1800 5174 Romanae
1823 5111 1982 5173 Ecclesiae
1998 5111 2129 5172 nornine

1378 5205 1598 5267 iuramentum
1621 5213 1652 5266 61
1671 5206 1745 5266 fidei
1769 5205 2003 5284 professionem
2020 5203 2129 5266 huius-

1379 5300 1464 5362 modi
1488 5301 1576 5362 iunta
1598 5300 1727 5362 6661166
1750 5299 1868 5362 formas
1894 5299 2050 5377 recipiant
2071 5315 2127 5360 seu

1379 5395 1520 5473 recipiat.

1419 5489 1533 5550 Forma
1546 5496 1653 5550 autem
1667 5487 1838 5550 iuramenti
1849 5487 1934 5565 quod
1943 5487 2126 5566 praestabis,

1378 5582 1449 5643 talis
1472 5587 1536 5643 est:
1561 5601 1579 5641 a
1596 5581 1664 5658 Ego
1679 5579 1792 5658 loseph
1808 5580 1934 5642 Gazeno
1951 5579 2128 5642 Patriarcha

1379 5673 1570 5738 Antiochen.
1586 5674 1919 5753 Syro-Maronitarum
1932 5674 1970 5736 ab
1982 5675 2040 5736 hac
2051 5675 2129 5735 hora

1378 5770 1411 5830 in
1432 5775 1524 5831 antea
1547 5769 1651 5831 fidelis
1667 5775 1699 5830 et
1714 5768 1868 5830 obediens
1890 5785 1946 5830 ero
1961 5768 2054 5831 116616
2075 5769 2129 5830 Pe-

1378 5871 1428 5926 tro
1451 5862 1605 5943 Apostolo
1629 5861 1827 5940 Sanctaeque
1849 5863 2049 5942 Apostolicae
2070 5863 2129 5924 lio-

1378 5975 1489 6022 66666
1504 5958 1663 6021 Ε66166166
1676 5964 1709 6020 61
1724 5957 1854 6029 11616166
1871 5964 1981 6020 nostro
1999 5958 2128 6020 domino
