4864 6994
530 1072 690 1150 praees
720 1055 843 1151 atque
872 1055 1022 1132 iustam
1050 1073 1126 1151 per
1154 1058 1195 1134 te
1221 1055 1387 1134 laudem
1406 1055 1591 1162 tribuere
1611 1059 1759 1137 dileoto
1780 1058 1861 1136 lilio
1883 1060 2086 1156 Raphaeli

529 1215 588 1290 De
608 1215 813 1310 MartiniS,
843 1191 1092 1311 presbytero
1120 1217 1407 1313 vincentiano,
1437 1219 1555 1295 ouius
1584 1219 1824 1314 intelligenti
1843 1219 2010 1316 iudicio,
2032 1219 2086 1298 13-

401 1454 410 1468 ,
529 1373 791 1469 horiosisque
819 1375 931 1452 ouris
960 1367 1044 1452 tam
1073 1374 1248 1454 densum
1277 1395 1383 1472 opus
1416 1377 1624 1473 digestum
1653 1381 1715 1456 est
1744 1397 1792 1456 ao
1820 1380 2005 1476 procedit
2033 1378 2085 1457 l·
2149 1369 2155 1402 '

529 1535 668 1613 liniter.
691 1579 744 1591 -
763 1536 936 1614 Felieius
966 1539 1104 1612 autem
1133 1538 1331 1632 prooedat
1358 1539 1624 1615 veliementer
1653 1541 1862 1636 optamus,
1887 1542 2010 1636 atque
2030 1540 2084 1619 ad

530 1697 689 1774 exitum
707 1694 1082 1793 perfectionemque
1101 1696 1343 1775 adducatur:
1364 1699 1406 1774 in
1427 1716 1509 1793 quo
1529 1717 1629 1776 sane
1648 1697 1870 1777 habebitur
1891 1701 1931 1776 et
1950 1700 2084 1778 sodex

530 1859 709 1953 optimus
738 1857 875 1954 legum
903 1857 957 1936 ad
985 1875 1127 1935 sacras
1156 1857 1373 1936 illissiones
1402 1858 1624 1954 regendas,
1650 1861 1689 1935 et
1707 1858 1889 1956 loeuples
1908 1859 2085 1956 pruden-

528 2017 609 2093 tiae
637 2019 944 2114 sapientiaeque
973 2019 1213 2116 thesaurus,
1243 2018 1296 2096 ao
1325 2038 1415 2096 rem
1443 2020 1694 2115 historioam,
1724 2021 2084 2116 eanonicam,·mo-

527 2177 657 2256 ralem
686 2178 971 2256 illustrandam
999 2178 1199 2275 perutilis.
1231 2181 1343 2268 Quae
1373 2180 1507 2256 omnia
1536 2178 1622 2274 tihi,
1652 2179 1806 2256 Dileote
1825 2179 1899 2256 Fili
1919 2181 2081 2275 Noster,

527 2340 753 2435 ounotoque
783 2341 849 2416 isti
878 2356 997 2417 saero
1027 2338 1205 2416 Consilio
1234 2338 1503 2435 gratulantes
1531 2356 1579 2416 ao
1602 2356 1809 2416 summam
1827 2297 2081 2416 affirmantes

526 2498 821 2577 benemerendi
849 2498 901 2576 de
929 2497 1057 2576 rebus
1083 2501 1238 2576 vestris
1256 2497 1520 2594 voluntatem,
1542 2498 1819 2594 Apostolioam
1838 2497 2083 2576 3333113113-

526 2678 621 2736 nem
649 2659 724 2736 tibi
754 2660 794 2736 et
822 2657 994 2754 singulis
1024 2659 1240 2755 eidemque
1269 2661 1408 2755 operis
1437 2660 1619 2737 curatori
1648 2661 1914 2754 peramanter
1942 2659 1982 2735 in
2007 2661 2082 2736 Do-

525 2821 636 2897 mino
664 2820 936 2916 impertimus.

633 2965 791 3058 Datum
818 2981 976 3058 Romae
1013 2979 1125 3075 apud
1153 2981 1190 3057 S.
1221 2981 1391 3056 Petrum
1425 2980 1491 3057 die
1520 2997 1589 3057 xx.
1621 2979 1787 3077 augusti
1820 2997 2078 3075 lineumque,

525 3139 785 3236 pontilioatus
813 3141 952 3218 Nostri
981 3141 1273 3219 sextodecimo.
