4770 6982
921 563 1096 610 cacabatus
1118 563 1169 608 PP.
1193 563 1258 608 xvl.

315 676 439 741 fraudes
462 679 611 742 cautione
640 680 844 752 constrictae,
869 697 904 741 ea
931 680 1061 742 demum

314 770 500 834 auctoritate
523 773 684 835 Benedicti
712 773 791 835 Xl'll.
816 774 933 836 adiecta
962 775 1063 836 decla-

314 867 394 928 ratio
416 872 474 938 est,
499 874 535 928 ut
557 869 709 946 permissa
731 885 828 946 porro
851 869 1004 930 habeatur
1019 869 1062 930 le-

314 959 377 1020 ctio
398 960 583 1037 vulgarium
605 963 804 1034 versionum,
820 977 900 1038 quae
923 959 962 1025 oh
985 963 1063 1042 Apo-

314 1052 427 1114 stolico
449 1053 524 1115 Sede
546 1053 751 1135 approbatae,
775 1062 911 1118 autcara
927 1061 1063 1118 abacta·

314 1143 456 1208 tioaihas
489 1145 661 1228 desumptis
689 1166 728 1209 ea
760 1150 882 1211 saeclis
905 1149 1065 1210 Ecclesiae

312 1237 463 1318 patribus
485 1241 531 1302 ecl
553 1259 592 1304 ea
613 1241 713 1304 doctis
736 1243 963 1322 catholicisque
985 1243 1064 1304 11113

315 1333 417 1394 editae
440 1334 561 1396 luerint
582 1335 638 1416 (1).

353 1429 371 1502 ἓ
393 1429 422 1489 5.
446 1427 517 1490 Noa
540 1430 674 1492 deluere
692 1432 821 1494 interim
839 1433 914 1494 nori
937 1449 977 1494 ex
999 1433 1064 1492 lan-

314 1521 395 1582 senii
417 1523 525 1584 3111313
556 1523 702 1598 sectarii,
727 1527 781 1604 qui
804 1527 884 1588 banc
905 1526 1064 1588 Ecclesiae

316 1610 471 1691 Sedisque
494 1615 694 1694 apostoticae
714 1619 995 1698 prudentissimam
1013 1636 1065 1680 oe-

315 1709 494 1770 conomiam
516 1717 662 1774 mutuato
684 1731 700 1774 a
722 1712 890 1774 Lateranis
911 1713 1065 1776 Calvinia-

315 1801 428 1878 nisque
442 1803 516 1866 31113
532 1806 773 1882 reprehendere
789 1823 853 1868 non
866 1815 942 1870 sunt
956 1807 1062 1880 veriti,

217 1961 219 1966 q
316 1895 405 1970 quasi
428 1894 666 1975 Scripturarum
683 1900 778 1961 lectio
793 1901 967 1978 unicuique
989 1902 1065 1962 fide-

316 1987 395 2050 lium
419 1993 531 2068 generi
554 1993 806 2072 omnitempore
828 2002 923 2072 atque
945 1993 1065 2072 ubique

317 2083 462 2146 locorum
484 2087 572 2148 utilis
596 2095 627 2150 et
648 2091 824 2150 necessaria
847 2095 946 2160 esset,
970 2097 1065 2166 atque

316 2177 388 2239 ideo
411 2181 532 2241 nemini
549 2187 656 2258 posset
670 2183 859 2244 auctoritate
881 2182 946 2244 ulla
967 2185 1065 2244 inter-

317 2271 387 2334 dici.
412 2273 497 2336 Hanc
518 2291 596 2336 rero
617 2276 882 2340 lansenianorum
904 2277 1064 2339 3311331331

318 2366 457 2441 graviori
486 2385 621 2430 censura
649 2370 879 2448 reprehensam
909 2371 1065 2432 trahemus

317 2459 347 2518 in
370 2459 583 2521 sollemnibus
612 2460 754 2534 iudiciis,
779 2478 860 2539 quae
884 2469 950 2525 toto
979 2458 1066 2540 plau-

317 2551 413 2614 dente
443 2553 598 2616 catholico
621 2555 699 2616 orbe
722 2563 831 2618 contra
858 2556 989 2618 illorum
1012 2557 1065 2618 do-

317 2646 432 2706 ctrinas
459 2647 606 2710 tulerunt
634 2649 698 2710 hini
722 2665 785 2710 rec.
812 2667 910 2712 mern.
940 2650 1065 2712 Summi

317 2739 495 2811 Pontifices,
520 2741 675 2803 nimirum
698 2741 847 2804 Clemens
862 2743 913 2804 lll.
937 2745 970 2805 in
993 2761 1066 2806 con-

316 2832 484 2894 stitutione
501 2833 687 2914 Unigenitas
699 2836 773 2897 anni
788 2853 947 2898 1113111111.
961 2836 1016 2916 (1),
1035 2846 1066 2899 31

317 2925 390 2986 Ρ113
412 2925 462 2988 tlt.
481 2927 513 2988 in
535 2927 670 2990 Constit.
695 2929 865 2991 ductorem
887 2930 978 2991 Fidei
992 2932 1066 2992 anni

317 3035 492 3082 uuccxcrv.
517 3021 572 3100 (3).

357 3115 375 3189 ἓ
396 3113 426 3175 6.
443 3115 486 3176 113
502 3115 612 3192 igitur,
629 3124 800 3195 antequam
817 3119 1066 3180 instituerentur

318 3206 491 3270 Societates
510 3209 657 3280 Biblicae,
676 3213 862 3275 iamdudum
879 3214 911 3274 in
928 3229 1066 3274 comme-

317 3304 449 3364 moratis
463 3303 622 3366 Ecclesiae
639 3307 776 3368 decretis
792 3307 903 3369 fideles
920 3324 1067 3385 praemu-

318 3397 376 3456 niti
398 3396 527 3459 lucrant
547 3399 701 3461 adversus
724 3399 961 3462 baereticorum
985 3401 1067 3463 irau-

318 3490 446 3552 demin
477 3493 622 3570 specioso
651 3494 707 3555 illo
734 3495 856 3555 divinas
886 3495 1008 3557 litteras
1030 3495 1065 3556 ad

317 3601 525 3647 corumunom
547 3603 644 3648 usum
674 3588 874 3650 dillundendi
896 3588 1003 3650 studio
1025 3588 1067 3648 la-

318 3685 453 3741 tentem.
478 3681 551 3742 Pius
573 3688 680 3742 autem
704 3681 767 3744 Vll.
794 3683 875 3759 glor.
893 3699 957 3744 rec.
980 3699 1067 3761 prae-

318 3789 426 3834 cessor
458 3783 586 3847 noster,
618 3776 673 3852 qui
702 3777 869 3837 societates
894 3777 977 3854 ipsas
1009 3793 1068 3838 suo

321 3874 466 3945 tempore
479 3875 564 3929 ortas
576 3870 701 3946 magnis
714 3870 911 3932 invalescere
924 3870 1068 3932 auctibus

320 3962 488 4040 comperit,
520 3961 604 4024 haud
626 3980 702 4024 sane
724 3965 878 4026 abstinuit
905 3981 1068 4043 opponere

320 4071 354 4116 se
376 4056 505 4118 illarum
528 4057 692 4118 conatibus
708 4063 776 4118 turn
796 4074 853 4136 per
869 4057 1068 4136 Apostolicos

318 4165 393 4210 suos
422 4149 575 4222 Nuntios,
601 4157 669 4210 tum
699 4167 756 4228 per
784 4151 930 4228 epistolas
954 4159 986 4213 et
1011 4168 1069 4230 per

321 4242 448 4305 decreta
471 4259 486 4303 3
508 4243 643 4304 diversis
670 4243 887 4305 Cardinalium
915 4243 946 4305 S.
971 4245 1006 4306 n.
1031 4245 1066 4306 E.

319 4334 633 4413 Congregationihus
649 4339 731 4400 edita
753 4336 891 4417 (1),11111
914 4338 980 4399 suis
996 4339 1069 4401 dua-

321 4429 379 4490 hus
403 4431 572 4508 pontificiis
602 4432 718 4493 litteris
741 4447 818 4510 quas
841 4432 878 4494 ad
906 4432 1068 4494 11133131-

320 4541 388 4586 sem
410 4525 456 4606 (5)
477 4533 572 4604 atque
597 4529 634 4590 ad
656 4528 922 4590 lilohiloviensem
944 4526 990 4608 (6)
1012 4527 1069 4588 111-

321 4618 539 4698 cbiepiscopos
562 4621 659 4682 dedit.
686 4621 827 4683 Subinde
850 4621 915 4683 Leo
930 4621 995 4683 Xll.
1013 4621 1066 4683 fel.

322 4727 419 4774 mem.
434 4713 584 4774 decessor
599 4721 708 4776 noster
722 4715 789 4792 ipsa
804 4715 858 4776 illa
874 4714 1069 4777 Biblicorum

321 4807 482 4868 sociorum
506 4807 669 4869 molimina
693 4816 881 4886 persecutus
904 4808 1000 4870 estin
1016 4823 1070 4868 en·

321 4898 447 4976 cyclicis
469 4900 584 4961 litteris
606 4901 643 4962 ad
666 4917 779 4962 omnes
807 4900 953 4963 catholici
984 4900 1069 4961 orbis

320 4992 488 5054 Antistites
501 4994 580 5054 datis
597 4994 648 5056 die
661 5011 690 5054 v.
704 4995 779 5054 maii
792 5010 842 5055 an.
856 5011 1067 5064 nucacxxrv.‚

320 5085 418 5162 idque
439 5087 545 5164 ipsum
568 5087 673 5149 denuo
699 5087 775 5149 iecit
796 5088 991 5150 norissimus
1013 5087 1067 5150 iel.

321 5179 398 5241 item
422 5181 547 5242 record.
572 5197 757 5259 praecessor
773 5188 885 5244 noster
901 5182 973 5242 Pius
989 5179 1067 5243 11111.

321 5273 354 5333 11
376 5274 534 5352 encyclica
557 5275 689 5352 epistola
712 5275 795 5337 edita
818 5275 869 5338 die
892 5293 978 5336 xxxv.
1001 5265 1071 5336 ltlaii

361 5499 391 5555 (1)
407 5501 435 5544 13
451 5499 582 5544 addition.
605 5500 637 5544 ad
659 5501 719 5546 dict.
742 5499 835 5556 Regni.
851 5503 890 5544 lt'.
911 5511 942 5544 ex
961 5500 1069 5544 Decreta

321 5566 539 5622 congregationis
553 5567 649 5614 Indicis
663 5579 726 5613 xvrr.
743 5567 811 5612 iunii
826 5577 958 5612 1133111111.

362 5635 391 5688 (11)
406 5637 435 5678 11
454 5635 646 5691 proscriptione
668 5633 878 5694 propositionum
901 5634 1068 5684 Quesnellla

320 5711 392 5744 num.
408 5703 434 5743 79
448 5701 480 5745 ad
495 5703 530 5744 85.

362 5768 391 5821 (3)
408 5769 437 5812 13
447 5768 617 5813 damnatione
627 5769 752 5824 proposit.
764 5767 980 5824 Pseudo-synodi
989 5767 1069 5813 Pisto·

320 5833 417 5880 riensis
431 5847 503 5880 num.
518 5837 552 5880 67.

362 5905 392 5957 (1)
407 5903 533 5960 Inprimis
547 5913 594 5960 per
613 5903 758 5960 Epistulam
778 5902 996 5960 congregationis
1010 5906 1070 5948 Pro·

320 5971 456 6028 bagaudae
470 5971 542 6016 uiuet
557 5971 590 6016 ad
600 5971 718 6017 Vicarios
729 5970 890 6028 apostolicos
900 5971 1014 6024 Persice,
1026 5976 1069 6015 ar·

1119 697 1168 741 an.
1194 697 1391 742 xoaaoxxrx.
1416 680 1479 742 Nos
1502 681 1641 753 tandem,
1666 680 1720 757 qui
1743 680 1867 741 meritis

1120 774 1216 850 longe
1239 773 1413 853 imparibus
1435 774 1468 835 in
1491 775 1586 836 huius
1609 775 1715 836 locum
1744 789 1868 835 succes-

1119 868 1229 940 simus,
1241 868 1325 932 haud
1337 885 1413 930 sane
1427 869 1703 947 praetermisimus
1716 869 1868 932 eumdem

1119 962 1151 1023 in
1174 963 1272 1024 linem
1298 963 1501 1040 apostolicam
1533 963 1783 1025 sollicitudinem
1813 979 1869 1024 nov

1119 1063 1217 1118 stram
1241 1057 1445 1134 impendere,
1470 1065 1564 1134 atque
1587 1058 1673 1120 inter
1700 1057 1868 1120 31133313-

1120 1151 1244 1222 vimus,
1275 1158 1312 1212 ut
1338 1151 1475 1212 sancitae
1508 1151 1585 1212 olim
1612 1151 1651 1212 de
1680 1150 1868 1228 vulgaribus

1119 1246 1351 1323 scripturarum
1382 1245 1642 1306 translationibus
1675 1245 1807 1321 regulae
1836 1246 1869 1306 in

1120 1339 1264 1400 fidelium
1287 1339 1477 1400 memoriam
1500 1337 1808 1418 1313331311111·(7).

1159 1434 1177 1507 5
1200 1431 1228 1492 7.
1253 1433 1309 1494 Est
1330 1439 1438 1493 autem
1461 1447 1518 1493 cur
1547 1432 1638 1492 vohis
1660 1447 1868 1510 summopere

1122 1526 1334 1602 gratulemur,
1349 1525 1552 1587 venerabiles
1569 1525 1695 1596 iratres,
1709 1527 1869 1602 33331311-

1110 1619 1206 1681 ,citati
1228 1621 1344 1697 pietate
1367 1620 1602 1698 prudentiaque
1624 1627 1740 1690 vestra,
1765 1625 1870 1680 3133-

1121 1713 1270 1791 pradictis
1300 1715 1507 1775 decessorum
1537 1719 1724 1774 nostrorum
1753 1712 1869 1774 litteris

1121 1807 1311 1878 confirmati,
1323 1807 1567 1884 haudquaquam
1581 1806 1770 1884 neglexistis
1785 1823 1870 1868 conr-

1121 1916 1256 1961 monere
1278 1900 1333 1960 uhi
1356 1916 1435 1978 opus
1457 1901 1706 1962 131133111111333
1730 1916 1817 1968 oves,
1835 1907 1871 1961 ut
1941 1973 1944 1978 .

1121 1993 1158 2054 ah
1180 1993 1303 2054 insidiis
1334 2003 1499 2064 carerent,
1524 2009 1605 2070 quac
1627 1995 1686 2055 sihi
1708 2011 1724 2054 a
1747 1993 1870 2055 biblicis

1121 2089 1214 2150 sociis
1236 2087 1455 2149 struebantur.
1481 2087 1527 2148 Ex
1550 2089 1636 2151 bisce
1668 2095 1776 2150 autern
1798 2089 1870 2166 Epi-

1121 2197 1291 2260 scoporum
1305 2183 1418 2244 studiis
1431 2198 1503 2244 cum
1523 2199 1693 2260 supremae
1707 2183 1870 2244 11111313-

1122 2277 1162 2336 tri
1176 2275 1266 2337 Sedis
1277 2275 1481 2337 solicitudine
1494 2276 1762 2353 conspirantibus,
1774 2277 1871 2337 bene-

1122 2371 1247 2432 dicente
1260 2370 1396 2432 Domino
1411 2369 1528 2430 iactum
1546 2377 1604 2440 331,
1618 2376 1654 2430 31
1669 2370 1785 2430 1133111
1802 2371 1871 2447 qui-

1122 2465 1191 2526 dam
1215 2463 1362 2525 catholici
1377 2463 1537 2534 113111133,
1555 2463 1609 2540 qui
1626 2463 1748 2525 biblicis
1772 2465 1870 2525 socie-

1123 2557 1238 2618 tatibus
1267 2557 1491 2634 imprudenter
1516 2557 1680 2629 lavehant,
1706 2563 1871 2634 perspecta

1121 2650 1258 2712 subinde
1280 2651 1401 2721 fraude,
1420 2649 1457 2712 ab
1480 2649 1601 2711 eisdem
1617 2651 1821 2721 recesserint,
1839 2655 1871 2710 31

1122 2745 1266 2822 reliquus
1283 2744 1427 2806 fidelium
1444 2743 1581 2822 populus
1597 2744 1751 2805 immunis
1767 2743 1870 2804 131113

1121 2856 1137 2898 3
1159 2838 1349 2914 contagione
1371 2838 1595 2915 permanserit,
1621 2853 1701 2914 quae
1727 2837 1801 2898 inde
1823 2836 1871 2898 illi

1121 2932 1321 2992 imminebat.

1161 3025 1230 3101 §8-
1255 3025 1297 3086 Ea
1320 3016 1523 3102 interim'spe
1539 3025 1872 3087 ‘tenebantursectarii

1123 3117 1240 3190 biblici,
1260 3125 1296 3179 ut
1318 3134 1466 3194 magnam
1483 3134 1517 3178 33
1532 3126 1790 3205 3313333313133
1807 3118 1872 3179 131-

1123 3213 1195 3274 dem
1226 3227 1290 3272 non
1319 3211 1523 3288 ambigerent
1553 3226 1592 3272 ex
1621 3210 1804 3272 infidelibus
1834 3211 1870 3272 ad

1123 3305 1286 3366 christiani
1315 3305 1454 3365 nominis
1484 3304 1719 3382 professionem
1747 3311 1872 3365 utcum-

1124 3416 1186 3478 que
1208 3399 1396 3460 inducendis
1419 3413 1478 3474 per
1505 3397 1677 3458 lectionem
1707 3414 1872 3459 sacrorum

1123 3493 1276 3554 Codicum
1306 3491 1433 3568 vulgari
1459 3491 1604 3568 13331311
1634 3491 1743 3568 lingua
1774 3493 1873 3554 edito-

1124 3603 1208 3659 rum,
1227 3601 1307 3663 quos
1323 3586 1446 3662 ingenti
1463 3586 1555 3662 plane
1572 3585 1806 3663 exemplarium
1823 3605 1873 3648 co-

1124 3683 1172 3759 313
1206 3680 1415 3742 missionariis
1448 3695 1505 3740 seu
1538 3679 1765 3741 excursoribus
1794 3699 1810 3741 3
1839 3697 1873 3742 33

1125 3775 1299 3844 destinatis,
1324 3789 1381 3852 per
1403 3773 1535 3835 illorum
1558 3775 1708 3849 regiones
1725 3774 1874 3836 distribui

1124 3887 1158 3932 aa
1180 3869 1232 3930 vel
1255 3867 1441 3930 nolentibus
1464 3867 1591 3928 obtrudi
1615 3867 1778 3928 curabant.
1811 3867 1871 3930 Sed

1125 3962 1310 4023 hominihus
1322 3961 1533 4022 christanum
1546 3975 1665 4022 nomen
1681 3966 1808 4038 praeter
1824 3976 1874 4021 re-

1126 4055 1216 4132 gulas
1238 4073 1253 4116 a
1274 4054 1401 4116 Christo
1424 4055 1492 4132 ipso
1514 4054 1675 4115 institutus
1698 4069 1874 4132 propagare

1125 4149 1313 4212 conantibus
1343 4149 1423 4210 nibil
1446 4165 1529 4226 pene
1551 4163 1590 4209 ex
1620 4149 1777 4209 sententia
1800 4163 1873 4210 con-

1125 4243 1208 4320 tigit,
1232 4243 1293 4304 nisi
1322 4243 1407 4319 quod
1437 4249 1573 4319 potuere
1599 4241 1762 4302 interdum
1792 4257 1874 4302 nova

1125 4353 1235 4399 creare
1257 4337 1487 4415 impedimenta
1516 4335 1678 4397 catholicis
1704 4335 1874 4412 sacerdoti-

1126 4432 1194 4504 huS,
1213 4431 1268 4508 qui
1289 4431 1326 4492 ad
1344 4437 1456 4507 gentes
1479 4430 1561 4508 13333
1578 4445 1616 4490 ex
1634 4427 1765 4491 Sanctae
1777 4428 1874 4490 huius

1127 4523 1217 4586 Sedis
1233 4525 1385 4586 missione
1401 4529 1575 4601 pergentes
1591 4522 1688 4584 nullis
1705 4522 1876 4600 parcebant

1126 4617 1299 4689 laboribus,
1322 4624 1359 4678 ut
1379 4615 1614 4694 praedicatione
1630 4616 1722 4677 verbi
1744 4615 1875 4687 113133-

1125 4717 1431 4786 cramentorumque
1464 4709 1739 4772 administratione
1772 4724 1874 4770 novos

1126 4804 1285 4866 Ecclesiae
1308 4803 1390 4864 filios
1412 4809 1574 4882 parerent,
1589 4803 1688 4880 331311
1705 4803 1799 4864 311311
1816 4817 1874 4880 313

1126 4898 1256 4960 illorum
1281 4897 1382 4958 salute
1397 4903 1492 4974 atque
1512 4897 1545 4958 in
1561 4897 1782 4958 testimonium
1801 4897 1874 4958 fidei

1126 4993 1317 5069 sanguinem
1341 5007 1435 5052 suum
1458 4991 1544 5052 inter
1559 4991 1716 5068 exquisita
1728 5005 1875 5068 quaeque

1109 5075 1112 5083 ’
1129 5079 1287 5148 tormenta
1310 5084 1518 5163 profundere.

1165 5179 1234 5254 §9-
1259 5179 1322 5239 lam
1344 5193 1423 5240 vero
1445 5179 1530 5240 inter
1552 5179 1703 5241 sectarios
1726 5179 1798 5241 11133
1820 5195 1875 5240 311

1127 5272 1169 5334 113
1191 5272 1412 5350 expectatione
1435 5271 1615 5345 frustratos,
1641 5279 1673 5334 et
1694 5273 1875 5351 perdolenti

1124 5498 1235 5553 3131133,
1254 5497 1423 5554 aliarumque
1440 5497 1557 5543 Orientis
1576 5498 1714 5554 regionum
1730 5497 1819 5542 datam
1835 5509 1872 5543 111.

1123 5565 1232 5626 augusti
1247 5576 1388 5610 mncrcxvr.
1404 5568 1430 5609 et
1444 5576 1492 5621 per
1504 5568 1640 5610 Decretum
1653 5565 1684 5608 do
1694 5564 1817 5609 omnibus
1828 5565 1873 5609 hu·

1124 5633 1238 5678 iusrnodi
1259 5633 1425 5678 versionibus
1447 5633 1547 5678 editum
1563 5645 1579 5678 3
1593 5636 1671 5687 cong.
1688 5632 1782 5677 indicis
1797 5643 1873 5678 xxxta.

1124 5701 1192 5746 iunii
1206 5713 1358 5746 3133333111.

1166 5769 1195 5824 (a)
1211 5768 1256 5813 Die
1270 5779 1287 5812 1.
1304 5767 1370 5814 iunii
1386 5779 1527 5814 nneccxvr.

1166 5838 1195 5891 (6)
1211 5836 1256 5880 Die
1270 5847 1305 5880 xv.
1322 5835 1480 5892 septembris
1495 5845 1636 5880 ntocccxvr.

1166 5903 1195 5957 (1)
1211 5905 1239 5946 13
1254 5901 1354 5947 aconito
1368 5902 1471 5948 adiecto
1485 5903 1517 5947 ad
1536 5905 1676 5946 Decretum
1691 5903 1875 5958 congregatae

1125 5969 1164 6016 nis
1179 5969 1275 6015 Iudicis
1290 5980 1336 6014 var.
1351 5969 1467 6015 ianuarii
1482 5979 1660 6014 naucacxxxvr.

1789 543 1848 608 335
1898 551 1950 598 AD.
1966 551 1994 598 1.
2019 550 2088 600 reae
2144 519 2148 528 ’
