4770 6982
917 571 1092 616 GREGORIUS
1114 571 1164 616 1³1³.
1189 572 1254 617 lllll.

310 703 353 750 nu
374 688 484 747 tanen
501 689 634 752 alicuius
657 689 771 752 notarii
788 689 906 768 publici
921 689 1059 751 subscri-

311 782 382 860 ptis
406 783 439 840 et
468 781 577 860 sigillo
607 800 762 862 personae
789 783 822 844 in
851 783 1059 846 ecclesiastica

311 873 466 953 dignitate
479 878 671 938 constitutae
687 877 831 948 marutia,
847 877 957 938 eadem
971 892 1060 954 pror-

311 984 366 1029 sus
382 969 461 1030 fides
485 970 683 1040 adhibeatur,
712 970 889 1048 quaeipsis
912 987 1060 1048 praesen-

312 1063 397 1124 tibus
419 1063 640 1138 adhiberetur,
665 1064 691 1124 si
711 1064 818 1126 lorent
833 1063 994 1124 exhibitae
1007 1063 1059 1124 vel

313 1164 471 1220 mmmm.

352 1253 442 1326 §aa
468 1252 552 1315 Nulli
578 1269 656 1330 ergo
678 1255 810 1318 omnino
832 1255 1002 1316 hominum
1025 1253 1060 1314 li-

312 1351 380 1408 ceat
397 1346 477 1408 hauc
493 1347 640 1425 paginam
657 1354 840 1410 nostrarum
853 1349 1061 1410 dismembra-

315 1439 420 1512 tionis,
445 1441 665 1512 seiunctionis,
689 1443 909 1520 separationis.
929 1444 1061 1505 erectio-

313 1533 373 1606 nis,
391 1533 612 1605 institutionis,
629 1535 862 1611 assignationis,
884 1536 1062 1597 attributio-

314 1627 1062 1702 nis,subiectionis,concessionisindulti,com-

314 1721 484 1807 missiqnis,
510 1723 733 1800 deputationis,
759 1723 908 1796 mandati,
928 1725 1060 1797 decreti,

315 1814 531 1890 derogationis
551 1823 582 1876 et
605 1815 788 1888 voluntatis,
807 1816 987 1894 intringere
1009 1818 1063 1880 rel

315 1908 343 1968 ei
358 1925 436 1970 ausu
450 1909 623 1970 temerario
636 1911 806 1972 contraire.
826 1909 857 1971 Si
872 1912 943 1987 quis
955 1919 1062 1974 autem

315 2002 375 2062 hoc
403 2008 559 2064 attentare
583 2005 845 2082 praesumpserit,
872 2005 1063 2082 indignatio-

315 2111 390 2156 nem
414 2096 643 2173 omnipotentis
666 2097 720 2158 Dei
745 2115 778 2159 ac
794 2098 961 2160 beatorum
978 2097 1063 2160 Petri

316 2195 347 2250 et
369 2189 456 2250 Pauli
479 2188 707 2268 Apostolorum
732 2193 801 2254 eius
823 2209 857 2253 se
873 2193 1001 2254 nouerit
1019 2193 1064 2254 in-

316 2301 500 2346 cursurum.

356 2379 469 2440 Datum
493 2379 626 2449 Romae,
655 2381 738 2460 apud
767 2380 797 2444 S.
822 2382 953 2444 Petrum
981 2399 1064 2444 anno

316 2471 544 2534 lucarnationis
566 2475 754 2547 dominicae,
772 2475 945 2538 millesimo
969 2477 1066 2538 octin-

317 2568 497 2643 gentesimo
514 2569 761 2646 quadragesimo
776 2577 901 2646 quarto,
917 2571 1009 2632 nonis
1025 2571 1065 2631 ia-

317 2660 420 2720 nuarii
443 2661 557 2739 pontif.
572 2663 674 2723 nostri
696 2680 779 2724 anno
802 2663 1063 2742 decimoquarto.

597 3041 786 3104 ccxxxix.

319 3227 486 3308 Eaeruptio
510 3227 727 3291 Ecclesiuruot
740 3228 852 3292 Sancti
872 3230 1005 3294 Thomas
1021 3236 1067 3294 ut-

358 3337 415 3399 que
437 3321 589 3400 Appolena.
614 3323 647 3383 tu
677 3323 791 3402 Africo
821 3325 934 3386 uitare
955 3330 1067 3386 taetro-

357 3413 486 3494 polita'co
504 3413 586 3474 sed-ia
605 3414 886 3496 orclctcpiscopalis
899 3415 988 3478 ssuu
1000 3416 1068 3480 Sol-

360 3508 481 3570 outora's
503 3507 537 3568 ia
554 3507 708 3579 Brasiliu,
726 3525 898 3588 aartrtmquo
916 3509 1067 3574 subtectio

359 3600 579 3662 inclamet-tom?
600 3600 805 3664 Potriucbrdt'
826 3601 991 3667 nisteron.

461 3787 681 3856 altecomus
703 3788 921 3856 Episcopus
1020 3863 1023 3874 ,

514 3967 622 4018 servus
645 3969 801 4018 servorum
825 3953 878 4018 Dei

441 4072 476 4138 ad
499 4079 673 4156 perpetuam
698 4075 741 4140 rei
769 4075 947 4142 memoriam.

361 4249 445 4323 Quae
467 4249 544 4310 olim
560 4267 576 4310 a
592 4249 733 4312 Summis
752 4251 958 4313 Pontificibus
981 4267 1069 4330 prae-

322 4343 542 4406 decessoribus
559 4345 676 4405 nostris
698 4345 932 4424 sapientissime
955 4346 1070 4407 consti-

322 4442 388 4497 tuta
410 4443 495 4508 sunt,
516 4437 692 4498 immutatis
711 4453 819 4499 rerum
837 4432 870 4499 ac
885 4445 1069 4516 temporum

323 4530 569 4591 circumstantiis
601 4531 764 4593 interdum
793 4533 938 4610 expedit,
969 4539 1005 4594 ut
1033 4533 1070 4595 ad

323 4623 478 4702 majorem
500 4623 679 4688 Catholicae
701 4625 861 4688 Ecclesiae
876 4643 910 4688 ac
925 4627 1069 4688 fidelium

322 4717 492 4779 utilitatem
511 4719 544 4779 in
561 4733 681 4780 novum
706 4719 853 4780 ordinem
869 4721 1068 4797 redigantur.

322 4810 385 4872 lam
408 4827 487 4872 vero
510 4827 561 4872 eas
576 4813 661 4874 inter
681 4813 838 4887 ecclesias,
857 4829 938 4892 quae
960 4816 1070 4876 suffra-

323 4911 440 4980 gantur
455 4907 578 4968 vacanti
594 4907 857 4984 hietropolitanae
874 4907 1070 4970 Sanctissimi

325 4997 497 5061 Salvatoris
519 5000 638 5078 positae
654 5002 687 5062 in
703 5000 850 5063 almerica
872 5001 1068 5064 Meridionali

323 5109 379 5154 sen
403 5094 435 5154 in
454 5093 595 5168 Brasilia,
620 5111 705 5157 nunc
727 5104 937 5157 recensentur
953 5105 984 5157 et
997 5095 1070 5158 illae

323 5187 356 5248 in
379 5187 483 5250 hirica
507 5193 651 5250 extantes
674 5189 869 5268 episcopales
893 5190 1071 5252 ecclesiaea

325 5279 356 5342 S.
382 5281 502 5344 Thema
516 5290 547 5344 et
562 5283 601 5344 de
623 5281 747 5360 hugota
763 5292 972 5362 nuncupatae,
991 5300 1071 5361 quae

324 5383 415 5439 antea
430 5379 463 5440 in
478 5378 694 5454 suffraganeas
707 5379 906 5456 patriarchali
922 5379 1072 5440 ecclesiae

324 5471 512 5534 Lisbonensi
525 5473 654 5533 luerunt
665 5473 845 5534 attributae.
860 5472 960 5534 Antea
976 5489 1072 5550 porro

326 5581 425 5642 quum
448 5583 502 5628 cos
525 5567 610 5628 iuter
633 5565 767 5644 populos
794 5572 957 5643 pateretur
978 5581 1073 5628 vena·

325 5659 405 5721 lium
432 5659 667 5738 mancipiorum
696 5661 942 5732 commercium,
975 5661 1073 5722 conti-

326 5769 407 5814 nuae
429 5753 503 5816 inde
526 5753 712 5816 oriebantur
741 5755 929 5828 occasiones,
958 5756 1074 5832 quibus

326 5847 428 5909 aditus
447 5847 636 5924 reditusque
648 5848 686 5910 ab
699 5847 930 5926 episcopalibus
947 5847 978 5910 S.
993 5849 1075 5910 'lho-

326 5957 396 6003 mae
418 5949 450 6003 et
465 5942 504 6004 de
519 5941 643 6020 hugota
658 5943 694 6004 ad
711 5959 779 6003 eam
800 5942 1075 6023 Metropolitanam

1114 687 1311 752 Sanctissimi
1334 689 1516 762 SalvatoriS,
1532 695 1563 752 et
1584 688 1724 752 vicissim
1747 688 1784 750 ab
1806 689 1864 748 hac

1113 784 1150 844 ad
1166 783 1236 846 illas
1248 785 1487 861 contingebant.
1501 784 1541 846 At
1552 800 1631 845 uero
1647 782 1764 844 nostris
1777 781 1864 842 hisce

1100 877 1324 955 ,temporibus
1339 894 1439 955 quum
1452 877 1690 956 reprobandum
1706 876 1865 939 eiusmodi

1115 971 1347 1049 mancipiorum
1371 971 1601 1034 commercium
1624 969 1865 1049 providentissi-

1116 1080 1165 1124 ma
1187 1063 1299 1141 legum
1330 1065 1538 1142 dispositione
1564 1065 1701 1126 vetitum
1732 1063 1864 1126 omnino

1115 1165 1209 1234 atque
1225 1159 1380 1220 abolitum
1397 1158 1505 1228 luerit,
1520 1175 1579 1220 nec
1592 1160 1702 1220 euclem
1719 1158 1864 1219 locorum

1116 1268 1293 1330 rerumque
1308 1251 1448 1314 conditio
1464 1252 1687 1330 permanserit,
1706 1251 1796 1312 nobis
1813 1268 1865 1313 ex-

1116 1346 1256 1423 positum
1283 1345 1344 1407 luit
1372 1347 1529 1407 rariorem
1551 1345 1585 1406 in
1611 1345 1865 1423 praesentiarum

1117 1439 1395 1516 difficilioremque
1424 1441 1461 1501 ab
1491 1439 1596 1501 hlrica
1624 1439 1657 1500 in
1686 1437 1864 1500 hnrericam

1118 1533 1441 1595 communicationem
1474 1535 1613 1594 evasisse
1649 1533 1734 1593 inter
1765 1531 1865 1610 ipsam

1118 1625 1394 1703 Metropolitanam
1415 1625 1612 1688 Sanctissimi
1630 1625 1801 1688 Salvatoris
1818 1643 1866 1686 ec·

1117 1719 1245 1780 clesiam
1269 1727 1300 1781 et
1312 1721 1527 1798 suffraganeas
1544 1720 1691 1782 ecclesias
1708 1735 1785 1796 quas
1801 1736 1866 1780 me-

1119 1813 1328 1874 moravimus.
1352 1812 1550 1892 Quapropter
1570 1829 1636 1874 non
1658 1813 1740 1874 levia
1763 1813 1867 1890 prole-

1118 1913 1167 1968 cto
1190 1906 1392 1969 incommoda
1407 1925 1441 1969 ac
1455 1908 1670 1986 spiritualium
1692 1907 1866 1968 utilitatum

1118 1999 1253 2061 iacturas
1275 2001 1348 2062 illos
1362 2001 1473 2062 tideles
1488 2001 1551 2078 pati
1574 2000 1798 2078 perhibentur,
1813 1999 1867 2076 qui

1119 2093 1151 2154 in
1171 2093 1375 2170 amplissimis
1393 2110 1505 2155 eorum
1520 2093 1759 2172 episcopatuum
1778 2093 1868 2154 terri-

1120 2187 1210 2248 toriis
1226 2189 1366 2264 degunt3
1387 2188 1647 2264 quandoquidem
1664 2188 1770 2248 minus
1784 2204 1869 2248 ianne

1119 2281 1228 2343 valent
1243 2281 1525 2360 Metropolitanum
1542 2281 1728 2343 Antistitem
1741 2282 1794 2344 vel
1806 2282 1868 2344 adi-

1120 2391 1155 2436 re
1168 2375 1221 2437 vel
1237 2392 1288 2437 res
1306 2371 1532 2438 ecclesiasticas
1555 2377 1591 2437 ad
1615 2376 1760 2438 eiusdem
1776 2375 1869 2437 iuris-

1121 2470 1292 2532 dictionem
1316 2470 1603 2546 auctoritatemque
1619 2470 1818 2548 pertinentes
1833 2469 1869 2530 il-

1120 2565 1172 2627 luc
1191 2565 1420 2638 transmittere,
1434 2571 1470 2626 ut
1484 2565 1581 2642 ipsae,
1596 2565 1869 2642 quemadmodum
1904 2551 1907 2559 ’

1121 2675 1176 2736 par
1199 2665 1293 2730 esset,
1319 2659 1541 2736 expediantur.
1566 2657 1685 2719 Idcirco
1707 2658 1800 2720 valde
1816 2674 1870 2735 op-

1120 2759 1297 2830 portunum
1324 2753 1357 2814 in
1384 2753 1638 2831 praesentiarum
1668 2753 1737 2814 lore
1764 2759 1869 2814 ratum

1121 2853 1179 2918 est,
1190 2847 1217 2907 si
1230 2846 1360 2908 eaedem
1373 2847 1567 2924 episcopales
1580 2846 1731 2908 ecclesiae
1745 2843 1776 2908 S.
1788 2845 1870 2906 'lho-

1121 2957 1191 3002 mae
1211 2948 1306 3017 atque
1322 2939 1481 3016 Angolen.
1505 2940 1538 3001 in
1555 2947 1721 3018 posterum
1738 2939 1869 3001 alterius

1122 3035 1227 3112 potius
1250 3033 1408 3096 hutistitis
1431 3033 1643 3096 iurisdictioni
1659 3032 1870 3110 metropoliti-

1122 3145 1174 3188 cae
1202 3126 1451 3188 subiicerentur.
1482 3126 1682 3204 Quapropter
1710 3125 1871 3186 carissima

1121 3221 1155 3282 in
1177 3220 1304 3282 Christo
1320 3219 1384 3282 salia
1399 3227 1508 3282 nostra
1524 3220 1618 3282 llaria
1635 3219 1780 3282 Secunda
1795 3220 1871 3281 fide-

1122 3315 1241 3376 lissima
1263 3314 1476 3390 Portugalliae
1493 3321 1525 3375 et
1537 3314 1761 3390 Algarbiorum
1779 3315 1871 3392 Regi-

1123 3425 1161 3470 na
1183 3409 1433 3486 impensissimas
1450 3425 1554 3486 nuper
1575 3425 1685 3486 preces
1702 3425 1759 3486 per
1776 3425 1871 3470 suum

1122 3505 1205 3582 apud
1234 3503 1448 3581 Apostolicam
1471 3503 1552 3564 hanc
1582 3502 1698 3564 Sedem
1729 3503 1871 3580 legatum

1123 3596 1441 3676 plenipotentiarium
1470 3596 1622 3658 dilectum
1655 3596 1757 3657 filiunt
1785 3597 1872 3658 loan-

1123 3707 1198 3753 nem
1228 3691 1359 3752 Petrum
1389 3689 1704 3752 commendatoriam
1737 3689 1872 3766 lligueis

1125 3785 1164 3845 de
1186 3783 1342 3846 Garralho
1365 3783 1404 3844 de
1426 3781 1513 3844 Brito
1529 3783 1621 3844 nobis
1645 3782 1761 3844 ollerre
1784 3800 1872 3845 cura-

1124 3878 1181 3950 vit,
1206 3884 1242 3938 ut
1263 3883 1456 3938 memoratas
1486 3877 1633 3938 ecclesias
1656 3875 1761 3938 Sancti
1790 3877 1872 3939 Tho·
1975 3947 1976 3954 ,

1126 3989 1196 4034 mae
1218 3979 1313 4050 atque
1335 3970 1493 4048 hugulen.
1511 3988 1527 4031 a
1543 3970 1780 4048 metropolitico
1801 3970 1873 4032 iure

1125 4065 1258 4145 praelati
1279 4066 1569 4143 archiepiscopatus
1593 4063 1683 4126 ssmi
1701 4063 1873 4127 Salvatoris

1126 4162 1221 4222 modo
1244 4161 1381 4222 vacantis
1404 4159 1532 4238 penitus
1555 4159 1710 4231 eximere,
1730 4159 1872 4220 easdem-

1126 4269 1189 4330 que
1218 4253 1419 4332 patriarchali
1446 4251 1636 4314 Lisbonensi
1664 4252 1814 4314 ecclesiae
1841 4253 1873 4314 in

1126 4348 1341 4424 suffraganeas
1370 4347 1532 4424 assignare
1562 4363 1596 4408 ac
1616 4347 1775 4408 subiicere
1802 4364 1874 4425 apo-

1126 4440 1236 4502 stolica
1265 4439 1452 4502 auctoritate
1481 4439 1657 4512 vellemus,
1682 4446 1718 4500 ut
1743 4440 1874 4502 eosdem

1125 4535 1210 4596 inter
1232 4553 1266 4596 ac
1289 4533 1570 4612 Metropolitanum
1596 4531 1780 4594 hutistitem
1804 4533 1875 4596 laci·

1126 4629 1187 4691 lior
1214 4627 1460 4691 communicatio
1492 4643 1526 4688 ac
1555 4643 1658 4689 nexus
1686 4627 1872 4689 haberetur.

1125 4723 1190 4798 Qua
1206 4722 1369 4786 occasione
1385 4727 1600 4782 memoratum
1617 4726 1674 4792 est,
1690 4719 1875 4783 huiusmodi
1957 4790 1960 4801 .

1125 4824 1199 4880 rota
1222 4821 1253 4877 et
1273 4815 1520 4894 supplicationes
1535 4814 1573 4876 ad
1587 4814 1687 4892 ipsam
1703 4813 1785 4876 hanc
1801 4813 1876 4878 San-

1125 4918 1208 4974 ctam
1231 4910 1347 4973 Sedem
1370 4909 1429 4970 sub
1451 4925 1533 4970 anno
1556 4925 1780 4970 uncccxxvrn.
1805 4926 1876 4988 por-

1121 4992 1259 5161 msse,
1277 5005 1332 5080 qui
1348 5011 1423 5064 tunc
1436 5003 1667 5064 Lisbonensem
1684 5003 1876 5065 Patriarcha-

1209 5099 1383 5170 obtinebat,
1395 5096 1426 5160 S.
1438 5097 1471 5160 lt.
1483 5097 1518 5158 E.
1533 5096 1708 5158 Cardinalis
1721 5097 1764 5158 lte
1779 5095 1875 5171 Silva;

1127 5199 1173 5254 ast
1188 5191 1346 5256 eiusmodi
1362 5191 1531 5267 negocium
1550 5190 1589 5252 ob
1606 5191 1753 5252 subortas
1765 5207 1876 5252 rerum

1127 5286 1361 5348 vicissitudines
1383 5285 1537 5346 intectum
1560 5284 1784 5362 permansisse.

1167 5379 1296 5442 Cunctis
1325 5379 1433 5455 itaque
1462 5378 1610 5456 superius
1639 5377 1791 5456 expositis
1813 5393 1877 5438 ma·

1128 5479 1199 5536 tura
1222 5473 1453 5535 deliberatione
1476 5471 1652 5550 perpensis,
1671 5489 1709 5533 eo
1725 5471 1877 5532 libentius

1129 5567 1348 5645 praelaudatae
1370 5565 1583 5642 Portugalliae
1599 5572 1631 5627 et
1650 5566 1877 5643 hlgarbiorum

1129 5659 1268 5736 Reginae
1297 5659 1500 5720 fidelissimae
1531 5659 1798 5736 postulationibus
1824 5659 1878 5720 ob-

1130 5754 1305 5816 secundare
1334 5753 1574 5824 constituimu3‚
1607 5754 1692 5830 quod
1718 5753 1811 5830 plane
1833 5753 1878 5812 vi-

1130 5848 1273 5910 derimus
1295 5849 1325 5909 id
1353 5845 1481 5924 quidem
1506 5847 1539 5908 in
1561 5848 1716 5910 maiorem
1745 5847 1878 5908 illorum

1131 5942 1397 6006 Gbristifidelium
1421 5943 1680 6006 commoditatem
1693 5943 1878 6005 utilitatem-

1785 551 1843 617 327
1893 551 1946 604 Αιι,
1963 554 1991 600 o.
2014 553 2083 602 rata
