4788 6980
270 525 322 578 An.
337 527 367 578 0.
389 526 458 578 1838
506 523 565 587 200

276 3733 443 3778 Prooemium.

489 657 705 722 Taronensem
734 659 904 722 Armeniae
933 660 1058 722 Maioris
1081 661 1114 721 in
1136 660 1229 738 parti-

488 753 547 814 bus
574 753 751 814 infidelium
780 755 1048 825 renuntiavimus,
1078 753 1229 830 peculiari

489 846 698 908 beneficentia
725 852 754 907 te
777 847 928 924 prosequi
952 846 1098 908 volentes
1123 863 1139 906 3
1162 845 1229 922 qui-

490 936 1232 1015 busvisexcommunicationis,suspensioniset

488 1027 660 1100 interdicti,
681 1028 814 1104 aliisque
837 1029 1056 1091 ecclesiasticis
1072 1029 1228 1100 censuris,

487 1121 655 1182 sententiis
678 1127 710 1182 et
730 1121 841 1199 poenis
863 1122 977 1198 quovis
997 1121 1093 1183 modo
1113 1129 1145 1182 61
1156 1137 1230 1198 qua-

487 1229 626 1291 cumque
649 1215 688 1276 de
710 1231 800 1276 causa
826 1215 906 1287 latis,
931 1215 957 1275 si
980 1229 1057 1292 quas
1079 1214 1231 1276 1611616-

487 1307 627 1380 curristi,
644 1308 739 1369 huius
755 1313 878 1370 tantum
891 1308 938 1369 rei
953 1309 1053 1384 gratia
1064 1307 1230 1369 absolven-

488 1407 534 1462 tes
547 1401 772 1462 etabsolutum
795 1402 864 1462 fore
886 1407 1066 1472 censentes
1082 1401 1169 1462 hisce
1181 1400 1230 1460 lit-

488 1493 551 1554 eris
563 1494 750 1554 auctoritate
762 1500 870 1554 nostra
885 1493 1054 1571 apostolica
1067 1492 1228 1568 eligimus

487 1587 712 1648 constituimus
742 1593 773 1648 et
799 1586 987 1663 deputamus
1014 1591 1051 1646 ut
1080 1585 1112 1646 in
1144 1584 1230 1646 Urbe

488 1679 676 1757 pontificalia
705 1685 737 1739 et
763 1694 865 1740 sacras
894 1677 1122 1739 Armeniorum
1147 1677 1230 1738 ordi-

488 1773 632 1834 nationes
653 1772 741 1832 16113
766 1769 852 1832 illius
874 1771 1026 1832 ecclesiae
1048 1770 1140 1842 ritus,
1164 1785 1230 1830 ser-

486 1865 567 1925 vatis
590 1865 638 1925 his
661 1864 821 1936 omnibus,
839 1879 919 1940 qnae
934 1864 1056 1926 servari
1074 1879 1152 1940 opus
1168 1869 1227 1934 est,

488 1957 588 2019 libere
611 1964 642 2018 et
663 1957 749 2019 licite
771 1973 914 2035 peragas.
938 1957 1008 2018 Non
1031 1956 1229 2018 obstantibus

486 2049 665 2128 apostolicis
688 2056 720 2111 et
741 2050 774 2110 in
795 2049 1031 2111 universalibus
1055 2048 1230 2126 provincia-

486 2141 636 2218 libusque
665 2150 697 2204 et
724 2141 930 2220 synodalibus
963 2140 1103 2202 conciliis
1137 2141 1229 2202 editis

488 2235 691 2310 generalibus
714 2235 766 2296 vel
787 2233 976 2312 specialibus
996 2232 1230 2294 constitutioni-

488 2327 545 2387 bus
561 2332 593 2387 et
607 2326 872 2398 ordinationibus,
893 2325 1092 2401 caeterisque
1107 2331 1230 2386 contra-

486 2418 542 2478 riis
564 2419 832 2495 quibuscumque.

525 2511 638 2572 Datum
660 2510 777 2572 Ronrac
799 2511 882 2589 apud
905 2509 935 2571 S.
954 2511 1084 2572 Petrum
1104 2511 1163 2572 sub
1179 2526 1230 2570 an·

487 2605 564 2666 6616
575 2603 740 2665 Piscatoris
754 2604 861 2665 111611.
875 2603 949 2664 16311
970 2620 1229 2676 6666611166,

486 2696 686 2774 pontificatus
709 2695 811 2758 nostri
836 2712 918 2756 anno
940 2712 1009 2757 vni.

786 2935 937 2998 CXXXV.

573 3067 690 3130 lulium
715 3066 902 3131 Caesareum
925 3069 1017 3148 culpo
1036 3067 1146 3145 higen

533 3161 567 3220 in
588 3161 793 3240 episcopalem
821 3161 983 3223 ecclesium
1011 3161 1106 3242 erigit
1127 3163 1138 3243 (
1160 3163 1182 3242 1.

626 3303 845 3371 diffidemus
869 3303 1085 3373 EPlSGOPUS

673 3455 781 3507 661163
803 3455 956 3508 servorun
980 3439 1046 3520 liei,

606 3533 642 3599 ed
668 3537 839 3615 perpetuen
868 3535 910 3599 rei
934 3535 1112 3600 memoriam.

526 3722 686 3800 Singulari
710 3721 835 3783 divinae
863 3722 1012 3784 bonitatis
1041 3724 1174 3786 consilio
1197 3725 1233 3786 ut

485 3815 661 3888 interdum,
685 3821 721 3876 ut
742 3814 779 3875 ad
801 3813 990 3875 leniendum
1009 3815 1106 3877 animi
1130 3816 1231 3878 nostri

486 3909 643 3981 dolorem,
674 3923 738 3984 quo
765 3907 986 3968 conflictamur
1014 3909 1053 3970 ob
1080 3910 1230 3970 miseram

485 4017 596 4064 rerum
619 4017 779 4062 sacrarum
804 3999 890 4061 hisce
902 4001 1102 4078 temporibus
1124 4003 1230 4064 condi-

487 4096 618 4166 tionem,
642 4093 766 4170 aliquae
794 4093 885 4154 nobis
911 4109 983 4155 sese
1012 4095 1147 4156 offerant
1168 4095 1229 4158 136-

486 4186 572 4248 tandi
594 4202 715 4258 causae,
739 4185 854 4262 quibus
869 4187 953 4249 inter
969 4187 1162 4266 multiplices
1179 4207 1230 4251 su-

486 4280 589 4356 premi
611 4278 809 4356 episcopatus
832 4295 921 4340 66131
943 4280 976 4340 in
1003 4280 1138 4343 Domino
1161 4298 1230 4358 gra-

487 4371 638 4432 tulamur.
662 4369 745 4430 Dum
767 4370 874 4446 itaque
897 4371 1056 4434 bonorum
1084 4375 1229 4436 omnium

486 4465 607 4525 auctori
629 4463 694 4524 Deo
723 4463 842 4524 debitas
870 4471 974 4540 grates
1002 4467 1227 4543 persolvimus,

486 4557 519 4616 in
541 4571 630 4634 spem
660 4571 790 4632 quoque
819 4555 992 4632 erigimur,
1023 4558 1167 4620 futurum
1195 4567 1231 4622 ut

486 4650 611 4710 labores
643 4665 677 4710 ac
706 4649 808 4710 studia
837 4655 943 4711 nostra
975 4651 1008 4711 in
1040 4651 1141 4712 maius
1174 4653 1230 4715 116-

487 4741 600 4803 6166136
623 4741 794 4804 catholicae
823 4742 945 4804 bonum
966 4743 1110 4822 impensa
1143 4762 1230 4822 prae-

486 4834 570 4896 senti
592 4834 736 4896 eiusdem
759 4851 818 4912 ope
846 4835 990 4897 uberiori
1012 4837 1044 4896 in
1070 4837 1136 4899 dies
1166 4838 1230 4899 fru-

487 4933 597 4988 ctuum
612 4927 700 5004 copia
721 4927 964 4988 foecundentur.
988 4929 1074 4990 Hanc
1088 4930 1230 5007 volupta-

486 5027 551 5080 tem
568 5019 693 5097 experti
708 5035 830 5090 sumus,
848 5035 938 5097 spem
955 5020 1112 5084 eiusmodi
1125 5023 1230 5084 auimo

487 5113 708 5190 concepimus,
736 5112 791 5174 ubi
823 5113 1005 5177 carissimus
1038 5116 1068 5177 iu
1102 5111 1230 5178 Christo

487 5205 572 5266 tilius
594 5213 704 5267 noster
725 5205 1230 5285 1611611666111116661113666-

486 5315 559 5360 rum
582 5315 640 5361 rex
662 5299 945 5361 christianissimus
968 5300 1067 5377 pium,
1091 5317 1154 5378 quo
1179 5304 1230 5364 fla-

487 5393 606 5469 grabat,
631 5393 826 5456 desiderium
849 5393 940 5454 nobis
966 5394 1120 5471 patefecit,
1144 5397 1230 5457 utin

486 5486 562 5547 16113
584 5486 747 5558 Caesarea,
772 5487 852 5555 sive,
869 5493 906 5546 61
926 5487 978 5548 3111
1001 5487 1120 5560 dicunt,
1142 5489 1230 5569 Alge-

485 5579 538 5641 rio
564 5579 748 5641 victricibus
770 5577 934 5642 Gallorum
963 5582 1060 5642 armis
1090 5581 1227 5654 subacta,

1004 545 1069 590 lUR.
1093 545 1185 590 bonu.
1209 545 1249 590 nb
1271 545 1301 590 1).
1324 546 1353 590 F.
1378 545 1462 591 PARS
1482 547 1504 591 l.

1286 661 1457 723 catholicae
1479 662 1646 738 religionis
1669 661 1822 732 firmitati,
1845 659 1964 732 decori,
1988 666 2031 720 at-

1286 769 1349 830 que
1374 754 1575 816 incremento
1596 753 1780 815 consultum
1803 753 1902 824 foret,
1926 759 2032 814 616613

1286 847 1405 910 ibidem
1427 847 1503 909 sede
1525 846 1693 925 episcopali
1717 848 1754 909 ad
1775 847 1875 908 instar
1897 845 2030 906 aliarum

1287 941 1493 1013 dioecesium,
1508 955 1589 1016 quac
1601 941 1634 1001 in
1646 938 1818 1001 Galliarum
1832 939 1943 1015 Regno
1958 955 2030 1000 con-

1286 1034 1414 1095 stitutae
1429 1034 1648 1111 reperiuntur.
1672 1033 1761 1106 Quod
1776 1032 2030 1094 christianissimi

1286 1127 1372 1202 regis
1395 1127 1537 1188 studium
1554 1126 1586 1187 in
1602 1141 1672 1187 reru
1694 1125 1880 1187 catholicam
1903 1131 2029 1201 gratum

1286 1218 1442 1296 inprimis
1457 1237 1491 1281 ac
1502 1219 1679 1280 iucundum
1695 1217 1786 1280 nobis
1799 1217 1870 1290 fuit,
1884 1233 1948 1278 non
1965 1231 2030 1277 mo·

1286 1311 1325 1372 do
1348 1311 1434 1373 enim
1456 1311 1741 1374 animadvertimus
1768 1317 1924 1388 quantum
1946 1325 2031 1370 com-

1286 1405 1372 1466 modi
1394 1411 1489 1482 atque
1511 1405 1657 1466 utilitatis
1679 1421 1718 1466 61
1737 1403 1895 1466 eiusmodi
1911 1401 2030 1479 episco-

1286 1496 1363 1572 palis
1386 1497 1554 1558 cathedrae
1569 1497 1771 1558 institutione
1786 1497 1820 1558 in
1836 1494 2028 1571 religionem

1286 1587 1468 1660 dimanabit,
1492 1603 1607 1650 verum
1633 1589 1728 1650 etiam
1757 1587 1857 1665 probe
1877 1585 2029 1661 intelligi-

1286 1695 1357 1741 mus
1386 1681 1461 1756 quid
1491 1681 1582 1742 uobis
1611 1680 1650 1741 de
1680 1679 1874 1758 optatissima
1903 1678 2028 1740 Africae

1285 1773 1410 1835 sedium
1433 1773 1637 1835 restitutione
1659 1773 1854 1852 sperandum
1870 1772 1921 1832 sit.
1946 1771 2027 1834 Gum

1286 1865 1373 1926 enim
1385 1873 1527 1928 mentem
1540 1866 1738 1928 advertimus
1750 1866 1787 1926 ad
1799 1865 2028 1941 Carthaginen-

1285 1975 1353 2020 sem
1375 1965 1470 2035 atque
1499 1958 1737 2037 hipponensem
1767 1959 1927 2030 ecclesias,
1955 1974 2029 2035 qua-

1285 2065 1358 2111 rum
1371 2051 1458 2128 prior
1471 2049 1572 2112 effuso
1587 2050 1737 2128 Cypriani
1754 2050 1900 2128 lfartyris
1913 2066 2028 2112 cruore

1285 2150 1440 2215 coruscat,
1464 2143 1561 2204 altera
1583 2157 1663 2204 vero
1678 2143 1850 2220 Augustini
1865 2144 2028 2204 sanctitate

1286 2243 1318 2296 et
1340 2235 1481 2297 doctrina
1498 2237 1643 2297 omnium
1660 2252 1715 2298 ore
1730 2236 1923 2310 celebratum
1941 2249 2028 2296 cum-

1286 2343 1349 2405 que
1371 2327 1526 2389 memoria
1548 2329 1724 2406 repetimus
1743 2335 1883 2389 caeteras
1905 2326 2028 2389 Africae

1287 2421 1434 2483 ecclesias
1450 2436 1588 2481 numero
1603 2420 1712 2498 plures
1728 2420 1959 2499 Episcoporum
1978 2435 2028 2480 ze-

1286 2515 1317 2576 lo
1337 2515 1542 2591 doctrinaque
1565 2513 1760 2592 conspicuas,
1777 2512 1941 2589 frequenti
1956 2528 2028 2573 con-

1286 2608 1434 2669 ciliorum
1450 2605 1666 2668 celebratione
1681 2605 1861 2667 notissimas
1885 2604 2027 2666 fidelium

1287 2700 1426 2776 denique
1448 2699 1567 2778 pietati,
1586 2706 1680 2775 atque
1702 2697 1882 2760 incredibili
1896 2697 2027 2758 illorum

1286 2794 1460 2856 constantia
1481 2793 1665 2863 illustratas
1688 2791 1743 2868 qui
1762 2799 1901 2852 mortem
1923 2791 2028 2868 potius

1287 2893 1451 2965 oppetere,
1475 2901 1570 2962 quam
1593 2882 1831 2946 avera'Christi
1853 2884 1916 2946 fide
1931 2885 2028 2946 desci-

1287 2996 1377 3042 scere
1398 2979 1593 3050 maluerunt,
1611 2995 1647 3039 ea
1665 2993 1723 3038 nos
1742 2977 1890 3054 cogitatio
1906 2984 2029 3039 recreat

1287 3077 1382 3148 atque
1404 3077 1569 3142 sustentat,
1584 3076 1620 3132 ut
1634 3069 1738 3131 Africa
1752 3069 1903 3131 universa
1919 3071 1952 3130 in
1967 3069 2029 3148 pri-

1286 3163 1407 3224 stinum
1429 3161 1635 3239 splendorem
1658 3169 1690 3223 et
1713 3161 1858 3239 gloriam,
1883 3162 1948 3223 lieo
1964 3162 2029 3239 cpi·

1287 3255 1419 3328 tulante,
1442 3255 1640 3316 restituatur.

1326 3349 1395 3423 gl,
1419 3347 1530 3424 Neque
1559 3348 1652 3410 aliter
1675 3347 1907 3425 expectandum
1937 3348 2028 3409 nobis
2047 3358 2291 3469 tssffissrissssgssc‘gi'

2047 3478 2098 3513 11111.

1288 3448 1345 3513 661,
1363 3455 1436 3502 6616
1452 3457 1523 3518 spes
1535 3441 1641 3502 animo
1654 3446 1897 3520 praeconceptas
1913 3456 1952 3502 en
1964 3447 2028 3502 ¹tam

1286 3535 1466 3598 illustribus
1488 3551 1599 3596 rerum
1622 3534 1806 3613 primordiis
1829 3534 2026 3596 dimetimur.

1288 3627 1920 3706 11116161611363613163,1611163119611,
1934 3641 2029 3703 quam

1287 3720 1339 3782 alii
1360 3727 1454 3781 vetus
1477 3719 1678 3792 Tuscurium,
1700 3720 1752 3782 alii
1773 3719 1909 3782 icosium
1931 3718 2029 3780 fnisse

1288 3812 1426 3885 tradunt,
1450 3817 1518 3874 tum
1541 3819 1664 3874 remota
1679 3813 1813 3889 originis
1831 3811 2027 3888 antiquitate,

1286 3911 1354 3966 tum
1378 3904 1561 3968 divitiarum
1585 3906 1683 3984 copia,
1708 3911 1776 3966 tum
1798 3905 1893 3966 etiam
1915 3903 2029 3964 incola-

1285 4014 1358 4059 rum
1374 3997 1555 4076 frequentia
1567 3999 1834 4076 praestantiorum
1849 3995 1973 4057 Africae
1988 3995 2029 4056 ci-

1285 4093 1421 4154 vitatum
1434 4109 1515 4172 pene
1528 4095 1675 4172 princeps
1688 4093 1835 4155 habetur.
1849 4090 1930 4151 llaec
1942 4089 2028 4151 enim

1285 4187 1362 4249 urbs
1385 4187 1645 4266 praeclarissima,
1663 4187 1749 4249 unde
1761 4185 1932 4262 ligeriana
1946 4183 2029 4246 Ditic

1286 4295 1405 4342 nomen
1419 4280 1540 4352 habuit,
1562 4280 1747 4357 imperium,
1765 4278 2030 4340 dominationem·

1286 4387 1348 4448 que
1370 4390 1460 4436 suam
1482 4375 1514 4435 in
1533 4374 1727 4434 vastissimas
1743 4373 1893 4448 regiones
1915 4371 2030 4448 produ-

1285 4467 1341 4538 xit,
1356 4467 1389 4528 in
1411 4467 1526 4542 quibus
1542 4467 1607 4544 ipsa
1623 4472 1716 4527 vetus
1731 4465 1879 4527 Numidia
1895 4470 1927 4525 et
1947 4463 2030 4524 1136-

1285 4559 1397 4619 1113613
1432 4557 1689 4620 continebantur.
1726 4557 1794 4630 Quo
1825 4573 1904 4618 vero
1936 4555 2030 4617 latius

1285 4649 1430 4726 digerini
1451 4649 1545 4711 Cives
1561 4648 1792 4712 Saracenorum
1808 4655 1840 4709 61
1855 4647 2029 4708 furcarum

1287 4751 1431 4822 tempore
1444 4744 1642 4805 dominatum
1654 4759 1750 4804 suum
1763 4741 1978 4820 proferebant,
1993 4756 2030 4802 eo

1286 4837 1396 4898 durior
1408 4854 1442 4899 ac
1452 4836 1688 4914 lacrymabilior
1701 4835 1946 4896 christianorum
1958 4849 2031 4896 con-

1286 4931 1363 4992 ditio
1382 4931 1420 4990 iis
1435 4931 1468 4991 in
1483 4929 1670 5006 regionibus
1686 4927 1864 4990 videbatur.
1882 4927 2031 5001 Quamvis

1286 5023 1373 5085 enim
1388 5023 1521 5084 Romani
1533 5021 1713 5094 1661111666,
1728 5037 1866 5098 quorum
1881 5037 2032 5098 suprema

1286 5121 1424 5194 potestas
1441 5129 1541 5190 aeque
1556 5131 1590 5174 ac
1612 5120 1742 5190 paterna
1765 5114 1909 5175 omnium
1932 5116 2032 5176 eccle-

1285 5209 1405 5269 siarum
1427 5205 1595 5267 solicitudo
1614 5206 1711 5267 nullis
1727 5206 1882 5268 limitibus
1898 5207 2032 5269 circum-

1285 5301 1446 5371 scribitur,
1466 5299 1585 5360 nedum
1608 5301 1751 5362 sedulam
1774 5300 2031 5364 christifidelium

1285 5394 1350 5456 illic
1365 5393 1554 5470 degentium
1570 5409 1678 5454 curam
1695 5394 1864 5470 gesserint,
1882 5400 1930 5454 ast
1945 5395 2031 5456 omni

1286 5503 1418 5566 prorsus
1443 5487 1638 5548 indulserint
1662 5503 1811 5548 curarum
1838 5487 1952 5562 generi
1973 5487 2029 5566 (2),

1285 5587 1321 5642 61
1342 5581 1542 5642 ambulantes
1565 5581 1598 5641 in
1628 5579 1767 5641 tenebris
1791 5587 1886 5656 atque
1908 5581 1941 5641 in
1962 5595 2031 5641 um-

525 5819 555 5874 11)
571 5821 607 5862 Ex
621 5821 707 5864 borist.
718 5823 745 5864 et
754 5821 809 5865 Bul.
820 5831 866 5876 per
877 5821 946 5866 viam
956 5821 988 5866 de
997 5822 1076 5868 curia
1087 5823 1135 5868 vol.
1147 5825 1273 5867 1829-1835.
1286 5823 1348 5868 vide
1359 5823 1427 5868 infra
1441 5823 1548 5868 allocut.
1561 5825 1663 5867 01111616
1674 5825 1787 5876 procace
1801 5825 1828 5866 et
1842 5825 1954 5867 Leonem
1965 5825 2030 5868 xlll.

525 5884 552 5941 (2)
568 5888 607 5930 lta
621 5885 648 5930 in
663 5886 795 5943 originali.

2062 527 2116 580 An.
2132 529 2164 580 O.
2196 520 2289 574 1838

2337 381 2353 412 Ι
