4788 6980
906 560 1080 606 6666611166
1102 561 1152 631 re.
1176 561 1241 606 1111.

302 678 378 734 6661
400 674 533 748 exitum,
550 677 652 738 61616
673 692 773 738 1111111.
791 677 933 738 6166666
958 693 1047 738 men-

303 763 344 824 sis
367 765 475 843 aprilis
496 767 529 829 in
552 769 695 844 urgenda
717 769 797 844 apud
824 768 1045 830 posnaniensis

304 857 485 934 provinciae
507 860 626 920 incolas
641 859 722 936 regii
745 861 876 932 decreti,
895 863 979 937 quud
995 879 1046 922 66-

304 951 411 1026 666166
423 951 643 1026 indicavimus,
658 954 875 1030 exequutione
887 954 1046 1017 munitum

304 1057 455 1119 expresse
484 1043 592 1117 luerit,
625 1062 681 1124 666
705 1046 785 1108 11166
814 1063 944 1108 omnem
972 1064 1045 1109 cum

303 1133 442 1197 11661666
464 1136 546 1200 Sede
572 1139 706 1216 eiusque
728 1139 840 1216 legatis
867 1142 1045 1202 cummuni-

303 1228 459 1291 cationem
476 1247 608 1308 prorsus
622 1233 780 1295 interdici.
805 1233 1044 1306 0616166666-

303 1321 418 1383 6161661
442 1323 547 1394 61166,
564 1326 665 1387 66661
688 1343 722 1386 66
743 1330 782 1389 66
805 1328 909 1388 habita
930 1344 946 1387 a
968 1343 1045 1403 quu-

303 1413 385 1491 piam
408 1416 591 1479 huiusmodi
617 1421 904 1482 communicatione
926 1427 1045 1482 cunsta-

303 1513 361 1578 ret,
385 1508 472 1570 illico
494 1509 691 1574 1666166661
714 1513 813 1590 166166
835 1513 1044 1590 6666661166-

302 1599 394 1672 61661,
415 1616 638 1680 quaecumque
653 1605 783 1666 demum
800 1605 1044 1667 communicatio

302 1692 357 1753 1616
375 1696 560 1772 respiceret,
585 1698 624 1758 66
647 1699 763 1774 quibus
786 1705 871 1760 esset
896 1698 1044 1775 deinceps

299 1787 464 1864 speciatim
476 1789 717 1865 inquirendum.
728 1790 840 1867 Neque
853 1791 883 1852 16
894 1791 977 1852 66116.
989 1791 1044 1852 1116

302 1895 441 1956 namque
463 1899 537 1943 xxv.
562 1883 786 1960 subsequentis
815 1883 894 1945 lunii
917 1899 974 1961 666
995 1900 1044 1945 66-

302 1971 344 2048 gii
360 1972 529 2036 ministerii
542 1975 681 2036 edictum
698 1982 857 2052 tamquam
872 1976 961 2036 irrita
975 1976 1044 2037 nul-

301 2064 428 2140 liusque
440 2066 566 2126 ruboris
582 2067 736 2128 declarata
752 2075 800 2128 661
815 2069 972 2145 encyclica
987 2067 1044 2128 Ar-

300 2156 492 2236 cbiepiscupi
521 2160 557 2222 ad
587 2160 711 2223 clerum
740 2161 890 2240 epistula,
922 2162 960 2223 de
983 2177 1043 2240 qua

300 2266 404 2328 nuper
417 2251 644 2328 loquebamur;
661 2255 777 2316 indicta
793 2262 958 2333 praeterea
970 2271 1044 2332 pue-

301 2360 349 2416 ua,
367 2345 393 2404 si
409 2345 480 2420 quis
491 2345 545 2406 illa
564 2349 867 2425 quomodocumque
883 2355 1041 2420 uteretur,

300 2452 484 2514 sponsoque
506 2439 771 2518 simulpraesidiu
793 2457 850 2520 per
871 2441 964 2503 civile
987 2458 1043 2517 gu-

300 2529 513 2604 1166616661,
538 2534 593 2610 qui
616 2535 655 2595 ub
678 2534 840 2611 neglectas
859 2535 956 2613 ipsius
979 2536 1043 2612 661-

300 2624 399 2684 616166
421 2625 687 2704 praescriptiones
702 2628 784 2706 apud
801 2629 1041 2690 ecclesiasticam

299 2719 521 2780 auctoritatem
535 2720 723 2783 6116666161.
738 2723 853 2798 Ecquis
867 2739 963 2800 66666
976 2740 1042 2784 666-

300 2809 391 2872 66661
404 2810 708 2874 1166666616161666
721 2815 847 2876 6666616
863 2831 936 2878 666
949 2817 1043 2893 66616

299 2909 384 2974 6616,
416 2904 466 2966 616
495 2921 612 2982 nempe
635 2923 692 2967 1111.
723 2909 894 2984 supradicti
923 2911 1042 2971 mensis

299 2997 418 3074 aprilis,
436 2999 660 3074 praecessisset
675 3000 799 3077 publica
821 3003 857 3062 ad
873 3003 1043 3065 catholicus

300 3089 531 3152 Posnanienses
552 3092 660 3167 regiae
685 3093 858 3154 voluntatis
877 3096 1043 3157 confirma-

300 3182 343 3243 tio
359 3183 398 3244 de
410 3185 528 3245 tuenda
539 3185 577 3244 iis
589 3186 801 3248 conscientiae
813 3203 847 3248 ac
862 3189 1039 3265 religionis,

299 3275 349 3336 cui
370 3277 515 3354 ipsorum
537 3277 674 3339 maiores
693 3285 876 3342 constanter
897 3281 1041 3344 inhaese-

299 3375 379 3440 rant,
403 3369 572 3432 libertatel

337 3461 457 3536 Quanta
479 3469 585 3525 autem
608 3481 679 3526 cum
696 3465 855 3528 Ecclesiae
877 3467 993 3530 iniuria
1007 3487 1041 3532 66

299 3557 440 3634 pernicie
469 3557 598 3618 consilia
619 3557 673 3619 illa
698 3563 807 3636 666616
837 3561 1041 3640 perfectaque

299 3649 430 3720 1666161,
454 3649 556 3727 magis
579 3650 690 3712 dolore
712 3653 916 3730 percipimus,
946 3671 1040 3732 quam

299 3741 406 3802 verbis
439 3743 598 3819 explicare
628 3745 798 3820 possimus.
837 3745 898 3808 Sed
932 3763 972 3809 ex
1002 3766 1041 3810 66

298 3834 392 3896 61166
415 3835 561 3911 graviora
584 3837 734 3908 existunt,
759 3839 844 3914 quud
859 3841 896 3901 ad
915 3841 1041 3903 divinae

298 3928 365 3988 eius
388 3928 623 3992 constitutionis
644 3931 711 3991 116
730 3933 966 4010 essentiamque
988 3951 1040 4012 66-

298 4021 382 4082 nitus
405 4024 625 4096 6166166666,
650 4033 682 4085 61
702 4025 747 4086 66
761 4026 910 4102 regiones
932 4028 1001 4089 11166
1024 4047 1039 4090 6

298 4115 468 4177 catholicae
483 4117 611 4178 unitatis
626 4124 737 4179 centro
752 4121 939 4196 separandas
952 4139 1040 4200 6666-

298 4208 419 4271 1166166
447 4209 639 4272 6616666166.
674 4211 807 4274 Nonnisi
840 4215 927 4275 enim
956 4216 1038 4278 laesa

298 4303 455 4380 planeque
477 4306 660 4380 perturbata
681 4304 840 4368 Ecclesiae
860 4307 961 4370 lurrna
987 4325 1039 4370 na-

297 4401 432 4472 turaque
454 4396 622 4471 regiminis
643 4397 713 4459 11661
733 4405 847 4475 661661,
871 4407 906 4460 61
927 4401 991 4462 6116
1006 4403 1038 4464 16

297 4503 366 4548 666
378 4487 496 4550 6666611
511 4489 696 4551 dominetur
711 4498 860 4569 potestas,
874 4499 927 4554 aut
941 4494 1039 4572 ipsius

296 4581 385 4656 leges
407 4581 571 4658 infringat,
589 4583 640 4644 vel
658 4583 798 4656 obsistat,
825 4602 865 4647 ne
887 4603 959 4648 uum
976 4589 1038 4666 pri-

297 4689 346 4734 ma
367 4676 443 4736 6666
465 4674 567 4736 libere
589 4678 856 4751 communicetur,
874 4679 915 4740 ad
931 4697 1036 4758 quara,

296 4773 377 4828 16616
400 4765 430 4828 S.
456 4766 597 4838 irenaeo,
619 4774 749 4848 propter
775 4770 928 4848 potiorem
948 4775 1038 4853 pria-

295 4859 491 4938 cipalituteut
512 4876 634 4922 accessu
655 4867 700 4921 est
721 4879 842 4924 61116661
871 4868 1038 4928 conuenire

295 4953 615 5023 66616616111,1166661
644 4971 693 5016 666
714 4957 769 5032 qui
796 4964 873 5018 suut
900 4960 1039 5038 audique

293 5047 413 5127 fideles.-
436 5047 556 5123 quique
578 5047 670 5108 aliam
692 5049 792 5111 161161
818 5051 885 5113 6166
908 5054 1038 5128 regimi-

295 5142 343 5203 nis
365 5140 522 5202 rationem
548 5140 719 5214 inducere,
750 5144 787 5215 is,
812 5151 848 5205 ut
877 5147 1037 5222 praeclare

294 5234 413 5296 616166
436 5239 521 5294 6616
544 5231 765 5312 8.(16661666,
791 5235 967 5300 1166166616
991 5259 1036 5303 co-

293 5331 428 5389 11616166
449 5326 750 5404 [666666661661661.
774 5329 987 5403 Quamobrem
1002 5344 1038 5397 ut

293 5418 434 5495 primum
457 5433 492 5478 66
515 5417 593 5480 16616
615 5435 650 5479 66
672 5419 797 5482 6666616
817 5439 856 5482 ex
878 5425 1037 5488 authenti-

293 5512 336 5573 cis
358 5512 559 5577 documentis
574 5512 756 5587 innotuere,
774 5523 907 5591 questus
922 5519 1037 5582 clamo-

293 5620 410 5681 resque
433 5611 559 5665 nustrus
575 5607 612 5666 ad
629 5622 694 5678 666,
712 5623 851 5684 quorum
870 5609 1034 5686 intererat,

293 5697 513 5758 mandavimus
526 5697 729 5761 6616666666.
747 5701 895 5764 Attamen
908 5705 1036 5766 sanctis-

292 5789 375 5859 simi,
399 5805 463 5868 quo
484 5790 663 5868 fungimur,
687 5795 832 5856 muneris
855 5813 924 5858 esse
943 5798 1036 5860 intel·

292 5882 433 5960 ligimus,
452 5891 488 5946 ut
502 5886 773 5964 expostulationes
784 5889 818 5950 in
833 5893 1035 5967 praecedenti

397 6028 448 6077 tur.
468 6029 536 6076 Putet.
553 6031 583 6076 de
599 6033 670 6090 l’rup.
687 6032 748 6078 Fide
764 6035 844 6079 Partis
859 6039 876 6079 1.
893 6037 944 6080 vul.
963 6040 987 6080 v.

1104 677 1139 738 ad
1164 693 1220 738 166
1241 677 1434 738 allocutione
1450 677 1544 737 lactas
1557 675 1607 736 1116
1628 675 1791 743 1161611166,
1811 688 1846 733 66

1104 769 1209 842 61166,
1234 785 1314 846 cquae
1338 769 1432 830 modu
1461 767 1694 838 recensuimus,
1720 765 1846 843 publice

1103 861 1187 922 iliata
1209 862 1368 924 Ecclesiae
1390 863 1513 932 damna,
1541 860 1665 939 publica
1695 859 1846 921 reclama-

1104 953 1190 1014 tione
1213 970 1455 1032 persequamur.

1142 1046 1261 1123 ltaque,
1282 1061 1378 1108 venn.
1397 1047 1522 1116 1161666,
1539 1061 1652 1106 666666
1667 1044 1700 1105 16
1716 1043 1846 1105 nubilis-

1103 1139 1184 1200 simu
1206 1156 1357 1200 consessu
1379 1147 1487 1201 166166
1510 1155 1567 1216 666
1589 1138 1757 1215 religione,
1787 1151 1844 1213 666

1103 1232 1252 1304 Ecclesia,
1268 1248 1325 1310 pro
1340 1233 1434 1294 sacris
1448 1233 1515 1294 eius
1528 1232 1665 1308 legibus,
1679 1246 1736 1308 pru
1748 1229 1844 1289 116166

1103 1323 1136 1384 Β.
1161 1325 1245 1386 Ρ6161
1268 1324 1443 1387 Catbedrae
1458 1325 1582 1387 iuribus
1599 1331 1629 1386 61
1644 1323 1842 1390 66616611616,

1103 1418 1292 1494 pastoralem
1305 1432 1418 1479 vocem
1438 1417 1767 1494 66661611661111661616
1788 1413 1844 1474 161-

1102 1511 1216 1581 166166,
1241 1515 1330 1570 166166
1351 1512 1536 1572 1666666166
1558 1509 1648 1570 bodie
1676 1508 1794 1569 cociam
1816 1513 1845 1568 61

1102 1607 1233 1672 terrum,
1258 1605 1428 1680 omniaque
1451 1620 1563 1666 eurum
1594 1603 1788 1664 detrimento
1811 1600 1844 1662 in

1101 1694 1269 1757 Borussiae
1290 1713 1393 1772 regnu
1415 1703 1532 1774 patrata
1549 1696 1736 1772 gravissime
1749 1709 1844 1770 expu-

1102 1789 1267 1851 stuiamus.
1292 1789 1399 1852 Unum
1421 1791 1553 1851 veroin
1576 1795 1659 1850 tanta
1674 1787 1844 1849 acerbitate

1102 1899 1159 1943 nus
1172 1891 1304 1956 recreat,
1322 1885 1477 1945 invictum
1490 1899 1606 1960 nempe
1619 1882 1714 1943 animi
1730 1880 1840 1950 robur,

1101 1976 1184 2051 quod
1209 1976 1430 2038 Posnaniensis
1446 1983 1477 2037 et
1499 1975 1692 2038 Gnesnensis
1714 1973 1843 2034 Arabia-

1102 2067 1268 2146 piscopos,
1303 2070 1399 2130 iidem
1432 2069 1609 2130 aemulatus
1642 2066 1842 2128 Coloniensis

1101 2159 1268 2234 antistitis,
1286 2163 1317 2223 in
1340 2164 1482 2224 doctrina
1504 2170 1535 2224 61
1557 2160 1721 2239 disciplina
1736 2159 1843 2220 Eccle-

1100 2254 1163 2314 siae
1186 2254 1225 2314 de
1247 2256 1354 2316 mixtis
1380 2255 1546 2318 connubiis
1577 2253 1745 2315 asserenda
1768 2267 1842 2330 prae
1882 2271 1884 2278 ¹

1100 2364 1134 2408 se
1157 2348 1240 2410 tulit.
1265 2347 1329 2410 Nec
1350 2349 1493 2427 66616616
1523 2347 1733 2410 dubitandum
1761 2345 1842 2406 arbi-

1101 2448 1233 2512 tramur,
1258 2449 1382 2502 ceteros
1405 2457 1517 2502 omnes
1539 2441 1572 2502 in
1594 2447 1730 2515 utraque
1752 2445 1841 2516 66616

1100 2533 1257 2596 Borussici
1281 2535 1373 2612 regni
1396 2535 1567 2613 Episcopus
1597 2549 1758 2594 memores
1781 2532 1840 2593 luci

1100 2641 1196 2702 quem
1211 2635 1331 2699 tenent,
1345 2628 1505 2703 dignitatis
1520 2643 1582 2702 qua
1597 2633 1671 2687 suut
1685 2624 1840 2701 insigniti,

1100 2720 1285 2781 sacramenti
1309 2736 1373 2796 quu
1391 2720 1424 2781 in
1439 2721 1575 2781 solemni
1597 2719 1842 2794 inauguratione

1100 2828 1134 2872 se
1155 2813 1239 2890 16666
1269 2813 1525 2885 obstrinxerunt,
1551 2830 1586 2874 66
1607 2813 1640 2873 16
1671 2812 1762 2872 officii
1793 2813 1841 2872 661

1100 2905 1240 2982 partibus
1269 2907 1426 2968 obeundis
1455 2907 1591 2968 firmiter
1620 2905 1839 2982 praestiturus,

1100 3013 1180 3073 quae
1193 3003 1404 3078 paternorum
1420 3015 1581 3061 6666116111
1594 2998 1754 3077 6666611661
1770 3013 1842 3076 666-

1098 3091 1217 3152 stolicis
1239 3099 1423 3173 uuopruuut
1444 3093 1613 3154 institutis.
1637 3091 1741 3168 Atque
1762 3091 1841 3153 11166

1100 3184 1195 3245 61166
1217 3185 1364 3247 futurum
1387 3186 1587 3258 confidimus,
1612 3193 1648 3246 61
1677 3185 1842 3246 serenissi-

1100 3291 1171 3337 mus
1193 3277 1270 3350 Rex,
1288 3295 1346 3357 pro
1369 3278 1492 3340 excelsa
1515 3294 1576 3355 qua
1598 3278 1697 3356 pollet
1719 3285 1839 3350 mente,

1099 3369 1248 3446 aequiora
1263 3372 1428 3449 amplexus
1441 3371 1571 3433 consilia
1586 3370 1772 3431 catholicam
1786 3371 1842 3431 Ec-

1099 3462 1226 3524 clesiam
1247 3464 1335 3528 siout
1355 3466 1406 3526 uti
1426 3463 1545 3544 legibus
1566 3465 1644 3532 suis,
1668 3480 1842 3541 1166666111-

1098 3571 1193 3631 quum
1221 3557 1289 3618 eius
1312 3557 1456 3636 libertati
1488 3558 1652 3636 peraruittut
1681 3555 1838 3619 obsistere.

1098 3647 1254 3710 levantes
1277 3647 1518 3712 idcircu‘oculus
1542 3646 1575 3712 in
1596 3643 1840 3724 ‘muirtemne‘

1098 3743 1136 3803 de
1152 3743 1261 3804 166161
1282 3744 1436 3804 auxilium
1459 3745 1561 3816 nubis,
1586 3744 1840 3821 omnipotentem

1098 3835 1210 3908 ileum,
1234 3837 1267 3897 in
1289 3837 1378 3918 culus
1400 3837 1545 3898 manibus
1576 3839 1670 3900 66666
1696 3845 1841 3900 6611166-

1098 3945 1186 4005 gum,
1201 3929 1590 4003 6666661,166666111166
1606 3930 1731 4004 iratres,
1746 3949 1841 4010 prece

1098 4022 1263 4084 1166111166
1285 4039 1468 4095 exoremus,
1490 4030 1525 4084 61
1547 4031 1619 4086 1616
1642 4025 1717 4086 11666
1734 4033 1841 4088 666166

1097 4115 1236 4191 benignu
1260 4115 1393 4176 666166
1415 4115 1569 4192 6661616116
1591 4117 1670 4178 16111
1692 4120 1728 4180 66
1756 4126 1841 4198 6616-

1098 4209 1255 4271 tissimum
1278 4209 1398 4269 exitum
1427 4214 1625 4286 quantocyus
1655 4213 1838 4287 pervenire.

1409 4449 1524 4511 cxiii.

1098 4583 1320 4646 Gaudiuturem
1343 4599 1414 4644 66116
1431 4583 1548 4662 fatuare
1568 4585 1764 4646 successione
1778 4585 1839 4648 Pu-

1136 4677 1300 4739 triarcbuu
1329 4675 1555 4754 Babpiuoeosis
1590 4677 1837 4748 Chaldaeorum,

1136 4771 1181 4830 661
1192 4786 1400 4831 successurum
1415 4771 1443 4831 si
1455 4771 1651 4832 Patriurultu
1663 4772 1728 4832 ium
1740 4772 1839 4833 66666-

1134 4865 1221 4933 66611,
1245 4865 1376 4944 6666161
1404 4865 1572 4926 Nicolaum
1593 4865 1712 4926 isaiam
1735 4865 1840 4929 iacobi

1135 4957 1280 5037 Arubiep.
1305 4955 1522 5037 Hadirbcpiaa
1544 4958 1680 5019 eiusdem
1702 4959 1796 5020 11166.

1128 5143 1297 5209 Venerabili
1320 5143 1407 5208 tratri
1432 5142 1555 5208 Nicolau
1582 5141 1680 5208 isaiae
1705 5143 1804 5210 iacobi

1096 5237 1332 5319 116611166166666
1356 5236 1554 5319 liadirbeqiau
1577 5238 1651 5303 ritus
1675 5236 1837 5316 chaldaici,

1267 5380 1485 5448 caecemus
1510 5382 1569 5447 ΡΡ.
1595 5381 1666 5448 ltili.

1306 5514 1494 5581 Venerabilis
1517 5517 1624 5593 irater,

1127 5608 1255 5674 66161661
1277 5609 1528 5690 61666616116666
1553 5608 1801 5675 benedictionem.

1132 5797 1212 5858 Cum
1242 5813 1316 5858 ven.
1341 5797 1437 5858 166166
1466 5797 1599 5858 1666666
1628 5797 1666 5858 66
1699 5797 1837 5858 Hurmez

1094 5891 1270 5953 Patriarcba
1279 5890 1508 5968 Babylonensis
1520 5888 1655 5956 nationis
1665 5888 1837 5954 Chaldaeu-

1705 6040 1732 6080 27

1768 533 1827 597 209
1877 533 1975 585 666.
1998 534 2066 584 1666
