1290 1823
572 189 604 202 mn.
616 190 662 202 ΡοΝτ,
674 189 694 201 ΒΕ
706 190 720 201 r.
733 190 747 201 ri
760 190 801 202 tuns
812 189 823 202 1,

347 232 350 235 .
362 215 405 235 diem
416 220 472 236 clausit
483 224 583 240 supremum,
595 220 652 236 solatio
660 224 685 240 pa-

344 243 359 258 is
367 243 447 259 destituta⁴
456 243 488 259 Nos
495 243 514 259 ad
522 244 594 259 eiusdem
602 244 684 261 ecclesiae.

344 267 388 282 cuius
399 267 480 282 vacatione
492 267 551 282 relatus
565 267 596 282 side
607 267 652 286 digni
663 267 685 282 fe-

344 292 369 305 int
375 294 403 305 nos
410 290 492 308 certiores,
500 290 608 310 provisionem
614 290 684 306 celerem

344 317 359 329 ie
367 313 436 331 felicem.
445 314 461 329 in
473 317 503 333 qua
514 314 569 330 nullus
581 316 645 334 praeter
656 318 685 329 nos

344 337 392 352 Jotuit
399 341 427 352 seu
436 339 489 357 potest
496 337 605 353 intromittere
613 341 685 353 reserva-

347 364 355 375 e
365 362 382 375 et
389 360 454 376 decreto
462 360 576 376 obsistentibus
583 360 683 380 supradietis,

347 383 367 398 lla
374 383 431 403 longae
437 384 523 399 vacationis
530 385 619 403 exponatur
625 384 685 399 incom-

344 406 369 424 lis.
377 409 444 426 paterno
457 411 473 422 ac
486 407 554 423 sollicito
565 407 618 422 studio
633 407 685 423 inteu-

345 432 373 448 tes,
381 432 417 449 post
422 430 554 446 deliberationem
561 434 608 450 quam
615 431 634 446 de
641 435 685 450 prae-

344 453 380 469 mdo
391 454 443 469 eidem
451 453 527 469 ecclesiae
535 458 620 473 personam
627 454 684 469 utilem

344 477 437 492 'ructuosam
447 481 483 492 cum
492 476 525 492 VV.
534 477 563 492 FF.
572 476 605 492 NN,
614 477 630 492 S.
639 477 656 493 R⁴
666 477 683 492 E.

344 500 357 515 d.
370 500 441 519 negociis
448 500 560 520 Propagandae
568 500 612 516 Fidei
619 504 685 520 praepo>

344 533 345 536 ,
356 523 441 539 habuimus
453 523 553 543 diligentem.
562 524 627 539 demum
635 524 653 539 ad
663 526 683 542 te,

350 551 369 562 ex
380 546 453 566 legitimo
468 547 571 562 matrimonio
585 549 683 567 procreatus.

344 574 354 585 n
365 572 415 585 aetate
423 570 471 585 etiam
479 570 550 589 legitima
558 571 659 588 constitutusv
669 572 685 586 et

344 597 356 608 is
363 593 404 613 apud
413 597 442 608 nos
450 593 469 609 de
478 597 542 609 morum
551 594 648 613 integritate,
657 594 684 609 do-

344 620 366 634 na,
381 616 465 636 prudentia
480 618 495 632 et
510 616 573 636 pietate.
589 617 684 632 christianae

344 640 393 659 gionis
405 640 515 659 propagandae
526 640 584 657 studio.
593 640 645 659 deque
653 640 684 660 spi-

344 663 393 678 alium
401 663 501 683 providentia
509 665 525 679 et
533 664 646 683 temporalium
655 664 684 679 cir-

344 686 430 706 ispectione
436 687 467 702 side
473 687 521 706 digna
527 687 634 706 perhibentur
640 687 684 702 testi-

344 710 369 727 iia,
380 709 435 725 oculos
445 710 503 725 mentis
514 712 578 725 nostrae
588 710 682 728 direximus,

344 737 368 748 >us
378 733 452 749 omnibus
461 733 514 749 debita
521 734 582 749 ratione
591 734 659 753 pensatis
668 736 683 749 tc

344 756 412 772 libusvis
427 757 602 775 excommunicationis,
616 761 683 777 snspen-

346 780 359 795 is
370 782 386 795 et
396 780 483 798 interdicti,
495 780 562 800 aliisque
573 780 683 796 ecclesiasticis

344 803 388 821 iuris,
393 803 477 819 sententiis
484 805 500 819 et
505 804 567 823 poeniS.
573 804 630 823 quovis
635 804 683 820 modo

346 830 436 846 uacumque
444 827 463 842 de
471 831 516 842 causa
525 827 565 845 latis,
574 827 587 842 si
596 831 633 846 quas
641 828 683 843 forto

344 850 397 868 irristi,
409 850 458 865 huius
469 852 531 865 tantuin
542 850 566 866 rei
575 851 625 870 gratia
632 851 683 867 absol-

344 875 366 888 tes
377 875 393 889 et
400 873 491 889 absolutum
499 873 534 889 fore
541 876 631 892 censentes.
641 878 682 890 eam-

344 902 347 912 l
358 897 408 916 ipsam
419 897 525 917 episcopalem
539 897 622 913 ecclesiam
634 897 683 917 Baby>

344 924 394 936 ensem
405 920 476 936 Latinam
488 920 507 936 de
518 924 586 940 persona
600 923 626 936 tua
637 921 682 936 nobis

344 944 426 959 icmoratis
432 943 542 959 cardinalibus
550 944 570 959 ob
577 946 641 959 tuorum
650 945 683 960 exi-

344 967 380 982 tiam
388 967 484 982 meritorum
492 969 554 986 accepta
562 967 581 983 de
587 968 682 983 eorumdem

344 994 377 1006 'um
387 990 454 1006 consilio
465 990 550 1010 apostolica
559 991 652 1006 auctoritate
660 993 682 1007 te-

344 1017 349 1029 ³
360 1013 469 1033 praesentium
480 1013 590 1033 providemus,
599 1015 648 1033 teque
659 1014 682 1030 illi

344 1037 436 1056 Episcopum
452 1037 553 1056 praeficimus
569 1039 616 1056 atque
631 1040 682 1057 pasto-

346 1072 349 1078 ,
356 1064 416 1077 curam.
423 1060 497 1079 regimen
505 1062 522 1075 et
527 1060 682 1076 administrationem

344 1087 358 1098 is
365 1083 440 1098 ecclesiae
446 1083 475 1099 tibi
481 1083 497 1098 in
503 1083 613 1103 spiritualibus
619 1088 636 1099 ac
642 1086 682 1099 tem-

344 1106 389 1122 nlibus
394 1106 465 1126 plenarie
471 1107 592 1125 committendo,
598 1107 614 1122 in
620 1107 648 1123 illo
654 1107 682 1127 qui

345 1129 411 1149 gratiam
424 1131 440 1146 et
447 1130 515 1149 largitur
522 1130 563 1145 dona
571 1130 631 1148 confisi,
639 1131 681 1149 quod

344 1155 389 1172 gente
400 1153 468 1169 Domino
479 1155 523 1169 actus
534 1155 570 1169 tuos
581 1153 650 1173 praefata
657 1158 682 1169 ee-

344 1181 355 1192 la
373 1180 402 1196 per
418 1178 454 1192 tuae
470 1176 618 1196 circumspectionis
636 1177 682 1193 indu-

344 1204 363 1215 ιιιι
375 1201 391 1215 et
401 1200 472 1215 studium
480 1200 542 1215 utiliter
550 1204 567 1216 ac
574 1204 652 1220 prospere
659 1200 682 1216 di*

344 1225 375 1241 tur,
383 1225 399 1238 et
404 1223 421 1239 in
427 1223 537 1243 spiritualibus
543 1228 559 1239 ac
566 1224 681 1243 temporalibus

346 1246 396 1262 odoxa
413 1246 471 1266 religio
486 1246 586 1262 incrementa
600 1247 680 1267 suscipiat⁴

344 1273 364 1285 ιη]
376 1269 426 1289 igitur
436 1270 499 1285 Domini
511 1270 542 1285 tuis
551 1270 644 1290 impositum
653 1271 681 1286 hu-

344 1292 357 1307 is
363 1295 435 1312 prompta
442 1293 528 1308 devotione
534 1293 648 1313 complectens.
655 1298 681 1309 cu<

349 1318 365 1331 et
372 1316 527 1332 administrationem
536 1316 613 1336 praefatas
620 1317 641 1332 ita
648 1319 681 1333 stu-

356 1339 425 1355 lldeliter
436 1339 557 1359 prudenterque
568 1344 651 1358 exercere.
663 1342 681 1356 ut

344 1362 373 1378 esia
385 1362 453 1382 praefata
468 1363 535 1382 gaudeat
545 1367 563 1378 se
574 1363 642 1383 provido
653 1367 681 1383 gu-

344 1386 389 1401 iatori
398 1387 414 1401 et
422 1386 504 1402 fructuoso
512 1386 636 1402 administratori
645 1391 681 1402 esse

344 1409 414 1427 missam,
425 1413 441 1425 ac
452 1411 470 1424 tu
481 1411 544 1429 praeter
552 1411 626 1425 aeternae
635 1410 681 1425 retri—

344 1432 377 1447 nnis
383 1433 473 1452 praemium
482 1434 553 1448 nostram
559 1437 624 1452 quoque
632 1435 648 1448 et
654 1433 681 1449 Se-

344 1455 442 1475 Apostolieae
453 1456 519 1471 uberius
534 1456 593 1472 exinde
604 1456 681 1476 consequi

344 1480 384 1495 earis
395 1479 524 1495 benedictionem
536 1482 552 1496 et
562 1480 634 1499 gratiam.
643 1480 681 1496 Cae-

345 1507 360 1518 m
372 1503 390 1519 ad
401 1507 419 1518 ea
430 1507 471 1523 quae
480 1504 496 1519 in
505 1505 541 1519 tuae
549 1504 606 1519 cedere
614 1505 682 1523 possunt

345 1526 425 1542 meditatis
441 1528 546 1546 augmentum
552 1539 556 1545 ,
573 1527 681 1542 favorabiliter

714 220 823 239 respicientes,
836 220 864 235 tibi
875 225 883 236 a
894 224 998 240 quocumque
1011 220 1087 237 malueris

714 243 791 258 catholico
802 243 878 259 Antistite
889 243 955 259 Sanctae
967 246 1030 260 nostrae
1042 244 1088 260 Sedis

714 266 780 285 gratiam
792 268 808 282 et
815 267 946 283 communionem
956 267 1024 283 habente
1032 268 1087 283 adcitis

713 291 729 305 et
735 290 751 305 in
758 290 788 305 boc
794 290 817 305 illi
823 290 936 306 adsistentibus
943 291 1005 306 duobus
1011 291 1045 306 aliis
1052 291 1087 311 Epi-

713 313 770 332 scopis,
776 313 894 335 veh-quatenus
902 313 918 329 bi
926 314 1011 330 commode
1019 315 1087 334 reperiri

713 338 799 355 nequeant.
810 337 872 352 «luobus
880 341 937 352 eorum
945 337 980 353 loco
988 337 1087 357 presbyteris

713 359 828 378 saecularibus,
844 360 870 375 vel
885 360 1001 380 cuiuscumque
1018 361 1086 378 ordinis.

713 383 842 402 congregationis
850 385 866 398 et
873 383 943 399 instituti
951 384 1059 403 regularibus,
1067 384 1087 399 si-

714 406 768 421 milem
783 406 862 426 praelatae
873 406 921 422 liuius
935 406 981 422 Sedis
993 407 1059 426 gratiam
1071 409 1086 423 el

713 430 843 445 communionem
855 430 957 448 habentibus,
966 434 1025 446 munus
1032 435 1087 446 conse«

713 453 787 468 erationis
799 453 872 473 recipere
887 453 938 469 libere
953 455 969 469 et
983 454 1025 469 licite
1036 455 1087 474 possis

713 478 729 492 et
740 476 797 494 valeaS.
806 478 853 496 atque
865 477 917 492 eidem
925 477 1003 495 Antistiti,
1011 479 1034 495 ut,
1043 481 1087 493 rece-

713 500 743 519 ptis
754 504 762 515 a
773 502 788 515 te
796 500 840 519 prius
848 500 934 516 catholicae
942 501 978 516 fidei
987 501 1086 520 professione

713 523 756 538 iuxta
767 523 842 539 articulos
854 523 916 543 pridem
927 528 935 539 a
947 523 963 539 S.
976 523 1016 540 Sede
1029 528 1087 544 propo-

1103 187 1129 201 Αιι.
1137 189 1153 202 C.
1165 188 1201 201 1832

713 547 752 562 sitos
762 551 779 562 ac
791 548 846 562 nostro
857 549 873 562 et
884 547 964 562 Romanae
972 547 1051 563 Ecclesiae
1059 552 1086 563 no·
1114 566 1116 568 ¹

713 570 756 585 miue
768 570 848 585 fidelitatis
859 570 922 585 debitae
933 570 1030 589 iuramento.
1042 575 1086 590 prae-

712 593 772 608 dictum
783 597 843 609 munus
854 593 882 609 tibi
893 594 987 609 auctoritate
996 596 1050 609 nostra
1057 594 1086 609 im-

713 616 783 636 pendere
795 617 837 632 licite
848 616 905 635 valeat,
914 617 977 637 plenam
986 617 1043 633 harum
1051 617 1086 633 lite-

712 643 766 655 rarum
778 640 819 655 serie
831 640 917 655 tribuimus
928 640 1024 656 facultatem⁴

732 663 741 682 ἓ
751 663 765 678 li.
772 663 851 678 Volumus
858 665 912 679 autem
918 665 934 679 et
940 664 996 679 eadem
1002 664 1086 679 auctorita>

712 687 727 701 te
734 686 846 705 praecipimus,
851 688 874 704 ut.
881 686 911 702 nisi
918 687 987 706 receptis
993 691 1001 702 a
1007 689 1022 702 te
1028 691 1057 707 per
1063 688 1086 703 di>

711 711 755 725 ctum
762 709 854 725 Antistitem
863 710 954 725 iuramento
962 712 978 726 et
985 711 1085 730 professione

712 733 748 748 fidei
763 733 861 750 huiusmodi.
873 733 907 753 ipse
922 734 992 749 Antistes
1003 738 1085 750 consecra-

712 756 759 772 tionis
771 760 829 772 munus
841 756 868 772 tibi
878 757 978 776 impendere,
988 759 1038 777 tuque
1045 758 1085 773 illud

711 780 784 799 recipere
794 780 939 799 praesumpseritis,
948 780 991 796 idem
999 781 1070 797 Antistes
1077 786 1085 797 a

711 803 806 822 pontificalis
817 803 864 819 officii
877 804 961 822 exercitio,
973 808 990 819 ac
1001 806 1033 819 tam
1044 805 1084 824 ipse.

711 830 759 845 quam
773 828 790 841 tu
801 830 810 841 a
823 826 902 845 regimine
917 828 933 842 et
947 827 1085 843 administratione

711 850 815 865 ecclesiarum
830 852 921 865 vestrarum
935 851 1009 870 suspensi
1020 851 1054 866 sitis
1066 855 1085 866 eo

710 877 750 892 ipso.

730 897 740 915 ἓ
749 896 764 911 5.
776 896 812 912 Non
823 896 922 912 obstantibus
933 897 1029 917 apostolicis,
1041 902 1057 913 ac
1069 898 1084 914 in

710 920 829 935 universalibus
843 920 1001 940 provincialibusque
1012 923 1028 937 et
1038 926 1085 941 syno-

711 943 772 959 dalibus
786 943 861 959 Conciliis
878 944 924 959 editis
941 944 1043 963 generalibus
1058 945 1084 960 vel

710 966 804 986 specialibus
810 967 952 982 constitutionibus
960 969 976 983 et
982 968 1085 983 ordinationi>

711 989 745 1007 bus,
753 989 852 1009 caeterisque
858 990 942 1005 contrariis
949 990 1083 1010 quibuscumque,

730 1013 786 1028 Datum
797 1012 856 1028 Romae
868 1013 909 1032 apud
921 1013 936 1028 S.
945 1013 1010 1029 Petrum
1021 1014 1051 1029 sub
1058 1018 1084 1030 an-

710 1036 748 1051 nulo
759 1036 842 1051 Piscatoris
854 1036 879 1051 die
891 1040 912 1051 iv.
922 1036 959 1052 maii
970 1041 1083 1056 uocccxuu„

710 1059 810 1079 pontificatus
821 1060 872 1075 nostri
883 1064 925 1075 anno
936 1064 953 1075 ιι.

869 1153 923 1169 ΧΧΙΧ,

710 1200 783 1216 Armenis
790 1200 848 1216 Romae
855 1200 947 1221 deqentibm
955 1200 1036 1216 ecclesiam
1044 1200 1083 1217 San-

729 1224 751 1239 cti
763 1224 814 1239 Blasii
827 1224 907 1240 Basilicae
922 1224 1009 1239 Vaticanae
1019 1224 1083 1244 filialem

729 1251 765 1262 cum
776 1247 843 1263 adnexis
854 1247 931 1264 concedit,
938 1251 968 1267 pro
977 1247 1046 1267 hospitio
1053 1247 1083 1262 eri-

729 1270 778 1291 qaendo
789 1270 818 1286 aab
829 1270 934 1290 dependentia
945 1270 961 1286 S.
972 1270 988 1286 Gi
1000 1271 1019 1286 de
1029 1270 1047 1286 Ρ.
1057 1270 1081 1288 Ε,

729 1294 775 1309 cuius
793 1293 886 1314 Praefectus
902 1298 957 1309 eorum
977 1294 1083 1309 Armeniorum

729 1317 811 1332 Protector
822 1318 837 1332 et
848 1316 926 1333 Secu-etur,
937 1317 1043 1332 Primccerim
1054 1319 1082 1332 etc.

796 1359 903 1376 GflEGDRlUS
915 1359 945 1376 ΡΡ.
957 1359 993 1376 Xlll.

781 1389 799 1406 ad
811 1389 876 1406 futuram
887 1390 909 1406 rei
921 1389 1012 1406 memoriam.

729 1433 738 1452 ἓ
750 1433 763 1448 f⁴
776 1433 855 1449 Romanae
866 1433 951 1451 Ecclesiae.
960 1437 1001 1452 quae
1009 1433 1082 1448 omnium

709 1456 812 1472 ecclesiarum
822 1458 872 1473 mater
879 1459 904 1472 est
911 1458 927 1472 et
934 1457 1016 1476 magistra,
1023 1457 1038 1472 id
1047 1461 1082 1476 pro-

710 1479 762 1499 prium
774 1481 803 1498 cst,
815 1482 833 1495 ut
843 1480 861 1495 ad
873 1484 907 1495 eam
922 1481 989 1500 propter
1002 1480 1081 1500 potiorem

710 1503 848 1522 principalitatem,
860 1505 878 1519 ut
892 1503 1004 1522 Lugdunensis
1019 1503 1082 1523 Episco-

710 1530 740 1546 pus
751 1526 825 1542 lrenaeus
832 1527 858 1545 ait,
868 1527 919 1542 omnis
930 1527 1018 1542 convenire
1026 1526 1083 1542 debeat

1106 1437 1190 1449 prooemium.
