4828 6974
91 593 137 643 Au.
151 592 181 640 C.
206 590 280 642 1834

88 1941 223 2000 [reputatio
233 1953 291 1986 exe·

8 1999 10 2016 ³
75 1997 164 2036 cutorrs
183 2001 291 2048 aposto-

92 5747 233 5792 clausulae
247 5757 287 5791 su-

72 5801 163 5845 tulares
184 5805 210 5846 et
227 5801 285 5846 irri-

71 5857 157 5897 lautos.

916 599 1091 646 caesonius
1113 600 1163 646 PE·
1185 599 1252 647 xvi.

311 721 363 784 vel
383 721 546 798 regularia
567 722 732 796 beneficia,
750 737 810 784 nec
832 735 896 782 non
919 719 1054 790 clerum,

313 813 466 892 populum
494 831 528 876 ac
556 815 727 892 utriusque
757 830 853 876 sexus
882 827 1054 891 personas,

311 907 504 968 habitatores
534 911 566 968 et
586 907 705 970 incolas
730 914 794 969 tam
823 907 937 978 laicos,
961 920 1056 982 quam

312 1000 443 1062 clericos
466 1000 699 1077 cuiuscumque
722 1001 857 1078 gradus,
882 998 1003 1061 ordinis
1026 1005 1058 1060 et

311 1093 501 1155 conditionis
525 1093 673 1166 existant,
698 1093 835 1156 dioecesi
857 1091 988 1154 Sanctae
1010 1091 1057 1152 Fi-

312 1185 361 1248 dei
384 1186 423 1247 de
445 1185 565 1264 Bogota
592 1186 625 1247 in
654 1187 819 1248 territorio
848 1185 955 1248 Novae
984 1185 1057 1248 Gra-

312 1285 402 1340 natae
423 1278 590 1341 americae
612 1279 827 1342 Meridionafis
850 1286 1007 1358 perpetuo
1022 1295 1056 1340 u-

312 1372 435 1442 nimus,
470 1371 699 1449 coniungimus
728 1378 760 1434 et
791 1373 1054 1450 incorporamus,

312 1465 444 1541 eiusque
466 1479 524 1543 pro
542 1470 690 1544 tempore
712 1465 880 1526 existentis
894 1465 1056 1543 Archiepi-

311 1557 397 1634 scopi
420 1557 598 1618 ordinariae
626 1557 840 1619 iurisdictioni
862 1565 895 1618 et
922 1557 1056 1618 auctori·

311 1650 376 1722 tati,
390 1649 486 1710 salvis
508 1655 616 1712 umen
638 1650 908 1728 exemptionibus,
926 1650 1057 1712 cuilibet

311 1744 349 1806 de
364 1743 435 1804 iure
451 1743 597 1820 legitime
613 1744 880 1820 competentibus,
899 1749 1056 1822 perpetuo

311 1836 430 1914 pariter
451 1836 638 1897 subiicimus
661 1843 756 1914 atque
778 1837 1000 1915 supponimus

349 1928 418 2004 §6-
443 1928 594 2002 Quocirca
616 1929 794 1991 venerabili
816 1930 906 1992 fratri
921 1929 1056 2008 toscpuo

312 2021 449 2084 Antonio
474 2021 630 2100 Episcopo
658 2022 885 2100 Calydoniensi
907 2023 939 2084 in
961 2023 1056 2100 parti·

310 2114 370 2176 bus
402 2115 594 2186 infidelium,
620 2121 651 2177 et
678 2116 880 2192 suffraganeo
911 2116 1056 2177 eiusdem

310 2207 597 2287 arctitepiscopalis
620 2207 779 2270 Ecclesiae
803 2207 933 2270 Sanctae
954 2209 1052 2279 Fidei,

309 2317 407 2376 quem
419 2317 453 2362 ru
465 2301 580 2362 harum
603 2300 770 2362 literarum
783 2309 966 2362 nostrarum
983 2318 1055 2363 exe-

309 2402 456 2455 cutorem
479 2394 629 2471 eligimus
645 2413 678 2456 ac
694 2395 895 2473 deputamus,
913 2412 1055 2458 necessa-

309 2487 371 2547 rias
394 2503 506 2548 omnes
530 2493 562 2549 et
584 2496 779 2566 opportunas
802 2489 840 2550 ad
866 2490 1055 2566 praemisso-

309 2596 382 2641 rum
399 2581 549 2642 eliecturn
562 2581 705 2660 plenarie
720 2583 984 2659 consequendum
1000 2583 1054 2644 tri-

309 2673 438 2736 buimus
460 2673 635 2746 facultates
653 2681 689 2736 ut
703 2675 770 2752 ipse
787 2691 843 2754 per
865 2691 911 2747 se,
930 2676 982 2738 vel
998 2693 1055 2754 per

307 2767 406 2828 alium
432 2767 540 2828 virum
564 2769 773 2829 ecclesiastica
803 2769 957 2845 dignitate
979 2769 1053 2831 insi-

308 2859 434 2936 gnitum
457 2859 495 2921 ab
510 2876 549 2921 eo
564 2860 851 2936 subdelegandum‚
870 2868 1054 2938 praesentes

307 2960 433 3014 nostras
455 2953 562 3014 literas
578 2952 633 3013 ubi
656 2961 688 3014 et
702 2953 829 3029 quaudo
845 2969 924 3032 opus
944 2953 1052 3028 fuerit,

307 3045 360 3106 vel
383 3045 508 3121 quoties
531 3045 639 3116 abiis,
664 3059 803 3121 quorum
830 3045 976 3118 interest,
1001 3045 1054 3108 vel

306 3137 474 3214 abaliquo
504 3153 617 3198 eorum
644 3137 742 3198 fuerit
770 3139 946 3214 requisitus
972 3139 1054 3199 sole-

307 3231 427 3291 mniter
456 3229 597 3308 publicet
618 3235 650 3291 et
672 3237 861 3307 exequatur,
885 3247 918 3292 ac
948 3232 1054 3293 omnia

308 3329 340 3384 et
361 3323 488 3399 singula
509 3323 542 3384 in
566 3323 611 3384 eis
633 3329 782 3385 contenta
808 3323 898 3385 faciat
919 3324 1053 3385 auctori-

308 3421 371 3477 tate
393 3422 502 3477 nostra
523 3415 561 3476 ab
583 3416 744 3489 omnibus,
769 3417 806 3479 ad
831 3432 911 3493 quos
933 3424 1055 3495 spectat

308 3514 403 3584 atque
415 3523 473 3586 pro
486 3513 632 3586 tempore
647 3509 811 3586 spectabit,
825 3510 1054 3572 inviolabiliter

308 3601 483 3674 observari,
507 3609 602 3678 atque
625 3608 746 3663 uttam
769 3603 847 3681 ipse,
872 3618 966 3680 quam
983 3619 1053 3682 per-

308 3711 384 3756 sona
406 3695 443 3756 ab
466 3711 503 3756 eo
526 3695 765 3772 subdeleganda
786 3711 884 3774 super
903 3711 1053 3773 quacum-

308 3803 371 3865 que
386 3789 587 3866 oppositione
602 3789 636 3849 in
650 3795 721 3850 actu
735 3789 959 3866 exequutionis
975 3806 1065 3867 quo-v

308 3881 485 3943 modolibet
506 3882 613 3943 forsan
636 3883 767 3954 oritura,
791 3884 926 3944 servatis
947 3891 1052 3946 tamen

307 3975 484 4046 servandis,
503 3975 599 4037 etiam
625 3976 791 4037 definitive
815 3981 847 4037 et
868 3977 979 4053 quavis
1002 3994 1052 4054 ap-

308 4068 480 4145 pellatione
501 4075 625 4130 remota
647 4068 749 4131 libere
768 4085 802 4130 ac
816 4069 902 4130 licite
918 4070 1053 4132 definire

307 4179 341 4224 ao
366 4162 579 4241 pronunciare
605 4164 704 4240 possit
730 4169 761 4225 et
786 4163 899 4236 valeat,
930 4173 1053 4226 contra-

307 4256 444 4318 dictores
466 4255 629 4333 quoslibet
642 4273 675 4318 ac
691 4256 830 4318 rebelles
852 4275 909 4336 per
924 4265 1053 4320 senten-

307 4349 379 4420 tias,
410 4365 576 4422 censuras,
605 4365 788 4427 poenasque
814 4351 1050 4424 ecclesiasticas,

306 4443 430 4520 aliaque
451 4443 530 4503 iuris
551 4460 586 4504 ac
604 4443 676 4505 facti
692 4443 834 4505 remedia
849 4460 1052 4523 compescen-

307 4537 357 4608 do,
374 4536 521 4597 invocato
537 4537 644 4610 etiam,
665 4537 691 4598 si
707 4553 786 4616 opus
808 4537 917 4609 fuerit,
934 4537 1053 4602 auxilio

307 4629 426 4690 brachii
445 4629 626 4702 saecularis,
641 4629 768 4708 plenam
785 4637 817 4692 et
836 4631 1052 4694 omnimodam

205 4763 211 4772 -
306 4722 487 4784 facultatem
504 4722 654 4784 similiter
669 4723 875 4786 concedimus
888 4731 983 4802 atque
995 4726 1053 4787 im-

305 4815 473 4893 partimur.
515 4814 626 4877 Eidem
661 4831 740 4878 vero
773 4816 930 4894 Episcopo
962 4817 1053 4896 Caly-

306 4908 452 4970 doniensi
481 4908 694 4987 praecipimus
724 4915 756 4970 et
783 4910 989 4982 mandamus,
1016 4919 1053 4973 ut

305 5001 509 5078 singulorum
540 5007 685 5063 actorum
714 5003 747 5063 in
776 5003 994 5080 praesentium
1017 5005 1052 5066 li-

307 5101 448 5155 terarum
479 5095 697 5171 exequutione
725 5095 998 5158 conficiendorum
1022 5115 1053 5158 e-

305 5187 450 5264 xemplar
472 5187 654 5249 authentica
669 5187 772 5249 forma
789 5195 954 5250 exaratum
969 5189 1052 5252 intra

305 5295 425 5341 annum
448 5280 486 5342 ab
509 5279 636 5358 expleta
664 5281 805 5358 ipsarum
834 5283 1052 5358 exequutione

305 5373 344 5434 ad
365 5373 446 5436 hanc
468 5373 680 5452 apostolicam
707 5373 822 5436 Sedem
846 5377 1049 5450 transmittat,

304 5465 449 5543 illudque
471 5467 504 5528 in
526 5467 655 5528 archivo
674 5469 932 5546 congregationis
956 5471 1051 5532 rebus

306 5559 579 5622 consistorialibus
610 5561 808 5638 praepositae
831 5562 870 5622 de
892 5577 983 5624 more
1005 5580 1051 5624 as-

305 5651 428 5712 servari
451 5653 605 5714 edicimus
628 5659 723 5730 atque
745 5653 905 5732 iubemus.

345 5746 364 5819 ἓ
386 5745 414 5805 7.
439 5739 749 5808 Praesentes'autem
772 5747 890 5818 literas,
909 5754 941 5808 et
956 5747 988 5808 in
1005 5748 1050 5808 eis

304 5843 455 5900 contenta
478 5853 711 5915 quaecumque,
730 5839 825 5901 etiam
848 5856 887 5902 ex
911 5857 948 5902 eo
964 5841 1049 5917 quod

304 5931 327 5992 ii
349 5945 489 6007 quorum
510 5931 656 6004 interest,
680 5939 734 5994 aut
754 5932 912 5996 interesse
941 5940 1050 6012 posset

1784 579 1839 643 101
1891 581 1943 633 Au.
1959 583 1989 634 d.
2011 579 2081 632 1834

1111 718 1144 780 in
1167 717 1314 780 futurum
1335 719 1438 782 vocati
1461 725 1494 781 el
1516 718 1614 780 auditi
1635 731 1700 779 non
1726 715 1858 786 fuerint,

1112 816 1166 871 aut
1177 811 1360 888 praemissis
1373 829 1438 874 non
1450 808 1684 876 consenserint,
1700 806 1790 869 nullo
1801 823 1860 868 un-

1113 918 1208 979 quam
1231 911 1378 983 tempore
1401 905 1440 966 de
1463 901 1682 982 subreptionis
1698 900 1751 962 vel
1767 899 1859 962 obre·

1113 996 1241 1074 ptionis,
1266 1005 1319 1059 aut
1341 997 1496 1060 nullitatis
1519 996 1609 1067 vitio,
1627 1011 1684 1056 seu
1707 994 1858 1056 intentio-

1113 1088 1162 1148 nis
1192 1095 1319 1152 nostrae
1349 1090 1475 1152 defectu
1509 1089 1631 1161 notari,
1663 1088 1862 1165 impugnari,

1113 1183 1165 1246 vel
1187 1183 1220 1244 in
1249 1183 1502 1245 controversiam
1532 1182 1639 1244 vocari
1668 1196 1778 1260 posse,
1803 1181 1860 1244 sed

1113 1283 1270 1356 perpetuo
1298 1276 1416 1338 validas
1440 1283 1472 1337 et
1494 1275 1635 1338 efficaces
1665 1276 1805 1337 existere
1828 1281 1860 1336 et

1113 1371 1192 1441 lore,
1217 1385 1358 1446 suosque
1380 1369 1540 1447 plenarios
1563 1375 1595 1430 et
1616 1370 1762 1446 integros
1785 1369 1858 1430 etie-

1112 1472 1181 1528 ctus
1203 1465 1312 1526 sortiri
1339 1469 1371 1525 et
1400 1463 1564 1539 obtinere3
1594 1464 1703 1540 sicque
1733 1470 1764 1525 et
1794 1480 1858 1524 non

1112 1559 1187 1620 alias
1210 1575 1267 1637 per
1289 1572 1510 1634 quoscumque
1533 1557 1653 1618 iudices
1680 1556 1858 1618 ordinarios

1113 1651 1165 1713 vel
1188 1651 1351 1727 delegatos
1373 1651 1485 1728 quavis
1508 1649 1695 1712 auctoritate
1722 1649 1859 1727 fungen-

1113 1751 1172 1816 tes,
1196 1744 1319 1806 sublata
1341 1743 1386 1806 eis
1416 1749 1583 1804 eteorum
1613 1742 1745 1805 cuilibet
1766 1743 1859 1805 aliter

1112 1835 1270 1897 iudicandi
1293 1841 1325 1896 et
1347 1834 1579 1912 interpretandi
1601 1833 1761 1905 facultate,
1778 1834 1858 1896 iudi-

1112 1928 1175 1990 cari
1197 1935 1292 2005 atque
1309 1927 1436 1990 definiri
1458 1925 1588 1998 debere,
1606 1927 1677 1987 etsi
1699 1942 1791 1988 secus
1807 1942 1858 1988 su-

1113 2039 1170 2101 per
1201 2022 1251 2083 his
1283 2039 1300 2082 a
1332 2034 1494 2097 quoquam
1526 2019 1638 2095 quavis
1670 2019 1858 2080 auctoritate

1111 2115 1251 2176 scienter
1273 2114 1326 2175 vel
1347 2114 1536 2190 ignoranter
1558 2112 1732 2188 contigerit
1757 2117 1858 2173 atten-

1112 2209 1182 2280 tari,
1207 2208 1335 2269 irritum
1358 2212 1390 2268 et
1411 2206 1505 2267 inane
1528 2205 1744 2277 decernimus,
1762 2211 1858 2282 atquc

1112 2301 1322 2364 declaramus.

1150 2393 1218 2469 §8-
1243 2393 1313 2454 Non
1336 2392 1534 2454 obstantibus
1557 2393 1596 2454 de
1619 2392 1690 2453 iure
1712 2391 1856 2468 quaesito
1878 2395 2090 2494 {gepesuicum-

1111 2503 1175 2548 non
1205 2487 1359 2558 tollendo,
1387 2503 1421 2547 ac
1450 2485 1568 2547 nostris
1591 2492 1623 2547 ct
1650 2485 1857 2548 cancellariae
1932 2461 1955 2493 ¹⁰
1972 2460 2022 2494 '¹¹¹¹'

1111 2581 1300 2658 apostolicae
1315 2580 1438 2657 regulis
1455 2586 1488 2642 et
1503 2581 1535 2640 in
1549 2579 1767 2657 synodalibus,
1786 2594 1857 2656 pro·

1110 2673 1310 2744 vincialibus,
1323 2672 1627 2749 universalibusque
1639 2669 1781 2733 conciliis
1793 2671 1857 2732 edi·

1111 2767 1151 2828 tis
1173 2767 1362 2845 specialibus
1391 2766 1443 2826 rel
1471 2765 1675 2842 generalibus
1704 2765 1857 2827 constitu-

1111 2860 1251 2922 tionibus
1267 2865 1299 2921 et
1321 2858 1574 2920 ordinationibus
1597 2857 1788 2936 apostolicis,
1806 2873 1858 2920 su-

1111 2953 1390 3030 pradictarumque
1422 2951 1634 3014 Emeritensis
1663 2967 1697 3012 ac
1726 2949 1857 3014 Sanctae

1110 3046 1197 3108 Fidei
1220 3046 1428 3108 ecclesiarum
1451 3047 1546 3107 etiam
1566 3045 1759 3116 iuramento,
1784 3061 1857 3106 con-

1111 3139 1292 3200 firmatione
1307 3139 1486 3218 apostclica,
1505 3138 1557 3199 vel
1578 3137 1689 3214 quavis
1707 3138 1857 3199 firmitate

1110 3232 1169 3293 alia
1190 3233 1347 3294 roboratis
1369 3231 1494 3294 statutis
1511 3239 1543 3292 et
1557 3230 1855 3302 consuctudinibus,

1110 3325 1288 3402 privilegiis
1301 3341 1431 3402 quoque
1452 3324 1585 3386 indultis
1608 3329 1640 3384 et
1663 3324 1763 3385 literis
1785 3341 1857 3402 apo-

1109 3419 1249 3491 stolicis,
1284 3419 1484 3495 caeterisque
1519 3417 1687 3480 contrariis
1725 3417 1856 3494 quibus-

1109 3527 1259 3588 cumque.

1149 3606 1167 3679 ἓ
1189 3603 1217 3665 9.
1236 3604 1425 3666 Huiusmodi
1440 3619 1555 3666 verum
1572 3604 1739 3666 literarum
1756 3611 1856 3664 trans·
1885 3613 1957 3689 rides
1969 3613 2089 3690 trauecta

1109 3699 1240 3778 umptis,
1255 3715 1312 3760 seu
1329 3698 1485 3776 exemplis
1498 3698 1593 3760 etiam
1609 3697 1774 3776 impressis
1792 3712 1855 3756 ma·
1876 3672 2051 3723 ¹¹³⁰⁵¹¹¹¹¹'¹‘¹⁵'

1110 3808 1153 3852 nu
1176 3792 1291 3852 notarii
1320 3791 1439 3869 publici
1466 3790 1666 3868 subscriptis,
1691 3795 1722 3852 et
1748 3789 1855 3865 sigillo

1110 3901 1265 3963 personae
1287 3885 1320 3946 in
1342 3884 1553 3946 ecclesiastica
1569 3883 1724 3960 dignitate
1739 3883 1855 3946 consti-

1109 3985 1196 4040 tutae
1218 3978 1361 4049 munitis,
1391 3977 1537 4040 eamdem
1567 3976 1687 4054 ubique
1709 3976 1855 4038 focorum

1109 4072 1140 4132 in
1164 4073 1281 4133 iudicio
1296 4079 1328 4133 et
1343 4077 1432 4133 extra
1450 4071 1546 4132 fidem
1563 4071 1674 4132 baberi
1690 4071 1853 4141 volumus,

1110 4179 1191 4241 quae
1213 4165 1287 4243 ipsis
1309 4164 1530 4243 praesentibus
1553 4165 1737 4237 haberetur,
1752 4165 1779 4225 si
1795 4165 1855 4226 ori-

1111 4257 1260 4333 ginaliter
1282 4257 1528 4319 exhiberentur.

1149 4353 1168 4426 ἓ
1192 4349 1237 4412 10.
1262 4350 1349 4413 Nulli
1372 4367 1450 4428 ergo
1474 4351 1607 4412 omnino
1626 4351 1794 4414 bominum
1818 4353 1854 4413 li·
1911 4358 2014 4456 {anet-to
2032 4369 2088 4414 νοο-

1110 4449 1178 4504 ceat
1205 4443 1285 4504 itanc
1313 4444 1460 4521 paginam
1493 4449 1619 4505 nostrae
1648 4443 1855 4506 dismembra-
1877 4421 1948 4456 '¹³¹⁵'

1109 4535 1223 4607 tionis,
1248 4536 1430 4607 divisionis,
1461 4536 1688 4613 separationis,
1713 4538 1853 4611 unionis,

1109 4629 1327 4701 subiectionis,
1352 4629 1599 4702 commissionis,
1628 4631 1853 4708 deputationiS,

1110 4723 1259 4794 mandati,
1278 4723 1494 4798 derogationis
1512 4722 1728 4785 etvoluntatis
1743 4725 1856 4786 iufrin-

1111 4816 1261 4893 gereret
1286 4815 1314 4877 ei
1337 4833 1415 4878 ausu
1436 4817 1608 4878 temerario
1630 4818 1804 4879 contraire:
1829 4819 1856 4879 si

1110 4909 1181 4986 quis
1203 4915 1310 4970 autem
1334 4909 1394 4971 troc
1416 4915 1574 4971 attentare
1589 4912 1853 4989 praesumpserit,

1108 5002 1363 5078 indignationem
1393 5003 1623 5080 onrnipotentis
1652 5003 1763 5066 liciae
1785 5003 1856 5066 bea-

1109 5101 1217 5156 torum
1240 5095 1327 5156 Petri
1342 5101 1374 5156 et
1388 5095 1476 5157 Pauli
1492 5094 1720 5174 Apostolorum
1738 5098 1806 5160 eius
1822 5114 1856 5160 se

1109 5188 1238 5250 noverit
1259 5189 1479 5250 incursurum.

1149 5281 1263 5342 Datum
1284 5281 1413 5353 Romae,
1446 5281 1528 5359 apud
1556 5281 1587 5344 S.
1611 5282 1742 5344 Petrum
1772 5300 1855 5345 anno

1108 5375 1335 5438 incarnationis
1360 5376 1538 5438 dominicae
1561 5375 1734 5438 millesimo
1757 5379 1855 5439 octin-

1110 5469 1292 5544 gentesimo
1321 5469 1490 5546 trigesimo
1520 5476 1645 5545 quarto,
1677 5471 1779 5548 pridie
1800 5487 1856 5532 no-

1109 5579 1164 5624 nas
1188 5562 1438 5643 maii,pontifrc.
1463 5563 1566 5623 nostri
1589 5579 1672 5625 anno
1695 5571 1819 5641 quarto.
