1290 1823
77 168 106 180 Am
116 168 135 180 0.
149 169 182 181 1340

503 171 590 183 annuemus
601 171 626 182 1³1³.
639 171 671 182 ΧΠ.

197 201 227 220 sia;
239 205 269 217 nec
279 201 357 221 ignoratis
371 203 429 221 quanta
444 201 495 217 omnis
507 201 572 220 generis

198 229 273 240 errorum
287 225 384 243 colluvione,
398 225 507 244 effrenataque
518 228 572 240 erran-

198 248 238 264 tium
249 248 312 264 audacia
326 248 384 268 religio
399 250 451 264 sancta
462 249 571 268 oppugnetur,

198 273 214 287 et
224 271 268 290 quali
278 271 335 287 astutia
346 271 437 291 quibusque
447 271 529 287 fraudibus
536 270 572 286 hae-

197 295 243 310 retici
254 296 301 314 atque
312 294 391 310 increduli
402 295 476 310 homines
490 294 572 310 connitan-

198 320 224 333 tur
233 318 305 334 fidelium
313 318 360 334 corda
368 320 463 337 mentesque
470 319 571 338 pervertere.

197 341 256 359 Nostis.
268 346 301 357 uno
312 342 368 360 verbo,
379 341 442 357 nullum
451 345 500 361 prope
508 345 543 357 esse
551 341 572 357 la-

198 365 241 380 horis
252 369 269 380 ac
280 365 383 381 moliminum
396 369 453 384 genus,
465 365 508 384 quod
519 365 538 380 ad
549 364 572 380 in-

197 392 293 404 concussum
304 390 367 404 sanctae
378 389 446 404 civitatis
454 388 544 404 aedilicium
552 392 572 404 ex

198 412 240 430 imis,
251 412 265 427 si
276 412 311 427 ileri
322 414 381 432 posset,
393 412 458 428 sedibus
468 411 572 427 evellendum

198 439 230 451 non
237 435 332 451 insumatur.
339 435 387 451 Enim
393 439 438 453 vero,
445 437 464 451 ut
469 436 522 451 cetera
528 439 572 454 prae-

198 460 284 477 tereamus.
296 463 350 474 nonne
357 459 405 479 (proh
413 458 459 474 dolor
465 458 477 479 1)
484 458 540 474 videre
547 462 572 474 co-

198 483 252 502 gimur
262 483 311 502 longe
322 483 385 502 lateque
396 482 491 498 valerrimos
500 482 572 498 veritatis

197 506 252 521 hostes
268 506 334 526 impune
350 506 423 524 diffundi,
440 509 500 525 eosque
511 506 571 521 nedum

197 530 293 549 religionem
305 529 411 547 irrisionibus,
422 529 509 545 Ecclesiam
517 531 572 545 contu-

197 553 255 571 meliis.
262 553 380 572 catholicosque
388 552 519 568 insultationibus
527 554 543 568 et
548 557 572 568 ca-

197 577 262 592 lumniis
277 576 356 594 lacessire,
368 580 426 592 verum
438 578 454 591 et
464 576 513 591 urbes
524 578 572 595 atque

197 600 253 620 oppida
258 600 340 618 invadere,
346 600 406 615 erroris
413 601 429 615 et
434 599 520 619 impietatis
526 599 572 615 scho-

197 623 219 639 las
229 623 314 639 instituere
326 627 343 638 ac
350 627 412 638 venena
420 622 529 638 doctrinarum
537 627 572 638 sua-

197 651 239 665 rum,
248 650 297 666 pravo
306 647 354 662 etiam
362 646 466 662 scientiarum
474 646 571 662 naturalium

196 670 319 690 recentiumque
330 670 435 685 inventorum
448 673 479 685 usu
489 669 508 684 ad
520 670 572 685 occul-

197 694 254 709 tiorem
271 694 348 709 fallaciam
362 695 458 713 comparata,
471 693 512 713 typis
527 693 571 709 evul-

197 721 243 737 gare3
258 717 309 733 immo
323 718 339 732 et
351 717 368 732 in
383 720 471 736 pauperum
486 718 571 736 penetrare

197 741 266 760 tuguria,
278 744 316 756 rura
327 744 423 760 percurrere
435 742 451 755 et
462 744 479 755 se
490 744 508 755 se
518 740 535 755 in
548 740 571 756 in-

196 765 243 780 [imae
255 764 306 784 plebis
320 763 461 783 agricolarumque
475 763 571 779 familiarita-

196 790 229 803 tem
240 788 333 803 insinuaret
344 787 366 802 lta
377 787 437 802 scilicet
452 787 492 802 nihil
503 787 571 803 intenta-

197 813 230 827 tum
242 811 342 830 relinquunt,
352 814 385 830 quo
396 812 430 826 tum
439 810 529 826 vernaculis
537 814 571 826 cor-

196 834 279 854 ruptisque
290 834 349 852 bibliis,
361 835 395 849 tum
407 833 487 853 pestiferis
495 834 571 853 epheme-

195 858 262 876 ridibus,
269 858 336 877 aliisque
343 861 401 877 parvae
409 857 456 873 molis
464 857 529 876 libellis,
536 859 571 873 tum

195 881 268 901 captiosis
276 881 356 900 alloquiis,
365 883 399 896 turn
406 881 480 896 simulata
487 881 570 899 charitate,

196 907 230 921 tum
245 905 314 924 denique
329 904 434 924 pecuniarum
447 904 533 924 largitione
544 905 571 920 vel

194 929 248 948 ipsum
259 928 316 944 rudem
325 928 408 948 populum,
418 928 487 944 maxime
496 928 571 944 iuventu-

196 954 234 970 tem,
242 952 261 967 ad
269 956 305 967 suas
315 953 366 967 sectas
377 952 451 970 alliciant,
462 954 510 971 atque
518 952 536 968 ad
544 952 571 968 de-

195 975 280 991 serendam
291 975 367 990 inducant
377 975 470 991 catholicam
482 975 536 991 11118111.

215 999 225 1018 5
235 999 250 1014 2.
262 998 307 1014 Facta
320 998 410 1016 innuimus,
425 998 527 1014 venerabiles
541 998 571 1014 {ra-

195 1024 234 1040 tres,
241 1026 282 1041 quae
290 1025 322 1037 non
330 1021 378 1037 modo
385 1021 431 1037 vobis
439 1023 520 1041 comperta
526 1023 569 1040 sunt,

195 1046 223 1061 sed
234 1049 304 1065 quorum
316 1047 364 1061 testes
375 1049 404 1062 vos
415 1045 445 1065 ipsi
453 1045 500 1064 estis;
508 1045 535 1065 qui
544 1045 571 1063 do-

196 1069 247 1085 lentes
258 1069 329 1088 quidem,
339 1071 355 1084 et
363 1073 392 1088 pro
399 1069 474 1088 pastorali
482 1069 534 1085 officio
541 1069 571 1084 mi-

195 1093 239 1108 nime
252 1092 328 1110 silentes,
342 1092 411 1108 tolerare
424 1092 501 1112 cogimini
514 1092 530 1108 in
545 1096 570 1108 ve-

194 1116 232 1131 stris
243 1116 349 1132 dioecesibusv
355 1118 453 1131 memoratos
461 1116 546 1131 haeresum
555 1118 571 1131 et

195 1139 310 1155 incredulitatis
325 1141 447 1159 propagatores,
463 1143 570 1159 procacesque

195 1167 287 1183 praecones.
299 1163 326 1183 qui
341 1163 431 1182 gradientes
446 1163 528 1178 interdum
540 1163 570 1179 sub

195 1186 296 1203 vestimentis
304 1186 365 1205 ovium,
372 1186 469 1202 intrinsecus
475 1188 530 1202 autem
536 1186 570 1206 lupi

195 1214 264 1230 rapaces.
273 1210 319 1230 gregi
329 1210 406 1228 insidiari,
415 1210 524 1229 eumdemque
532 1210 570 1225 dila>

194 1238 249 1250 cerare
255 1238 287 1249 non
293 1235 360 1249 cessant.
367 1233 407 1252 Quid
414 1233 469 1253 plui-av
475 1233 522 1249 Nulla
529 1237 569 1253 pene

194 1258 226 1273 iam
237 1259 280 1273 extat
293 1257 310 1272 111
321 1257 398 1272 universo
413 1256 452 1272 orbe
466 1256 492 1272 vel
504 1256 570 1272 barbara

195 1281 246 1300 regio,
258 1281 277 1296 ad
288 1284 335 1300 quam
347 1280 439 1296 notissimae
451 1280 569 1296 haereticorum

195 1306 211 1320 ct
218 1304 340 1320 incredulorum
351 1304 429 1319 centrales
437 1303 527 1321 societates,
534 1304 569 1319 nul-

195 1328 214 1344 lis
225 1329 308 1348 parcentes
316 1327 412 1347 sumptibus,
420 1331 457 1343 suos
465 1331 498 1342 non
506 1327 570 1342 mittant

195 1356 290 1368 excursores
301 1353 317 1367 et
328 1351 424 1369 emissarios,
437 1351 464 1370 qui
475 1352 502 1366 aut
510 1355 539 1371 per
546 1351 569 1366 111-

194 1375 247 1393 sidias.
259 1377 286 1391 aut
297 1375 347 1395 palam
355 1376 409 1390 coacto
416 1374 480 1394 agmine
488 1379 505 1390 ac
512 1374 569 1394 pertri-

194 1400 227 1414 cata
238 1399 297 1417 fronte,
308 1398 399 1414 Catholicae
410 1398 490 1417 Religioni
501 1398 569 1417 eiusque

194 1422 284 1442 pastoribus
295 1423 311 1437 et
318 1421 396 1437 ministris
404 1421 493 1437 indicentes
500 1421 568 1440 bellurn,

194 1446 250 1461 fideles
258 1445 277 1461 ab
283 1445 362 1461 Ecclesiae
369 1445 432 1464 gremio
438 1444 520 1463 divellant,
528 1445 569 1460 eius-

194 1473 226 1488 que
236 1469 297 1485 aditum
308 1468 400 1484 infidelibus
410 1468 523 1484 intercludant.

620 201 629 219 ἓ
639 200 654 216 ΣίΔ
666 200 727 216 Couiici
739 201 776 216 hinc
786 201 832 217 lacile
844 203 901 221 potest.
913 205 958 220 quan*

600 228 629 239 nos
641 226 726 244 propterea
737 224 753 240 in
764 225 842 244 angustiis
856 225 883 240 diu
895 226 958 243 noctuqi

600 251 690 266 versemur,
703 248 730 267 qui
745 252 783 263 cura
797 248 845 264 totius
860 248 919 264 Christi
931 248 956 263 ovi

600 272 616 286 81
627 271 700 286 omnium
711 271 931 291 ecclesiarumsollicitudine
939 275 958 287 on

600 294 635 312 rati,
647 294 702 310 divino
713 297 794 315 pastorum
806 295 874 315 Principi
886 295 906 311 de
916 299 956 310 cunc

600 317 678 333 rationem
690 318 759 334 reddere
769 318 853 334 debemus.
862 318 929 334 Easdem
937 322 957 334 ve

600 341 712 357 communium
723 341 768 357 nohis
779 342 857 362 vobisque
866 342 958 357 molestiaru

600 368 653 380 causas
664 364 724 380 idcirco
738 365 797 380 nostris
808 365 851 381 hisce
864 365 922 381 litteris
934 370 958 381 coi

600 388 711 404 memorandas
724 388 822 406 censuimus,
834 388 935 404 venerabiles
946 389 958 404 rr

600 413 637 429 tres.
646 413 664 427 ut
675 412 729 427 animo
736 412 814 427 intentius
822 412 920 431 recogitetis.
927 416 958 432 qua

600 436 634 450 tum
650 435 730 451 Ecclesiae
746 435 810 451 intersit
826 439 878 451 sacros
892 435 958 451 Antistit

599 458 684 474 universos
696 459 780 478 geminatis
791 459 848 474 studiis
856 459 958 479 iunctisque]

600 482 665 497 boribus
676 484 724 502 atque
731 483 775 498 omni
783 483 888 498 contentione
895 482 950 500 adniti.

600 507 623 521 tot
634 505 739 521 frementium
750 506 834 526 religionis
846 506 916 522 hostium
926 510 958 526 repl

600 530 665 544 mantur
675 529 751 549 impetus,
764 530 827 549 telaque
838 529 951 548 retundantur,

599 554 654 568 contra
665 552 734 571 callidas.
747 553 805 572 quibus
816 557 892 573 persaepe
900 555 958 569 utuntu

599 576 683 591 blanditias
700 578 835 596 praemoneantur
850 577 958 596 munianturqv

600 599 661 615 fideles.
672 599 717 618 Quod
725 604 759 618 nos,
769 602 787 616 ut
793 600 842 617 scitis.
851 602 931 620 praestare
939 604 958 619 qu

599 622 624 638 vis
635 623 754 643 opportunitate
765 623 862 641 curavimus.
873 628 903 639 nec
910 624 958 639 desis(

600 650 643 662 mus:
656 646 702 662 sicuti
713 648 730 662 et
742 651 771 662 vos
786 647 863 663 hactenus
877 647 957 667 praestitis

599 674 632 685 non
642 669 742 689 ignoramus,
754 672 770 686 et
781 670 875 690 impensiori
883 674 935 690 usqne
943 672 957 686 st

599 693 625 708 dio
636 693 742 713 praestituros
753 694 854 709 confidimus.

618 717 628 735 ἓ
639 716 653 732 t.
666 716 748 735 Ceterum,
760 718 778 732 ut
788 717 804 733 in
816 717 873 733 mediis
884 717 958 737 quibusqi

599 740 718 756 difficultatibus
730 744 762 756 non
770 740 862 756 deficiamus
869 741 928 759 animo,
937 746 946 756 ι
952 745 958 757 c

599 767 638 779 vere
650 767 679 779 nos
690 768 747 779 omnes
758 766 827 783 oportet,
837 764 937 780 venerabiles
945 764 958 780 {r

600 788 638 805 tres,
645 791 666 802 ne
671 787 707 802 illas
715 791 792 807 umquam
800 788 924 803 extimescamus
930 792 958 807 qua

599 810 668 830 propriis
679 810 740 826 viribus
751 811 856 830 superandas,
869 815 906 827 cum
916 813 932 827 et
939 815 957 827 co

598 833 653 849 silium
664 835 738 849 nostrum
749 836 766 849 et
776 834 854 850 tortitudo
864 835 885 850 sit
894 834 958 851 Christu

599 861 621 875 ac.
630 857 643 873 si
651 857 686 873 sine
697 861 729 877 quo
737 857 776 873 nihil
785 862 876 877 possumus,
886 862 914 878 per
922 858 957 878 ipsu

598 882 655 896 cuncta
666 881 754 900 possimus:
767 881 795 901 qui
806 882 903 897 confirmans
914 886 958 901 praec.

598 906 660 920 catores
676 904 756 924 evangelii
770 906 787 920 et
797 907 934 921 sacramentorum
946 910 958 921 n

598 928 663 946 nistros,
676 927 716 943 Ecce
730 932 762 948 cqc,
774 928 832 948 inquit.
848 928 929 944 vobiscum
939 933 958 944 ιιι

598 950 671 967 omnibus
685 951 740 967 dicbus
753 955 803 971 usque
817 952 838 969 ad
852 953 958 968 consummati

598 979 634 990 nem
641 975 711 992 sacculi:
719 976 735 990 et
742 974 811 990 iterum:
819 975 861 991 Hace
869 975 932 991 locutus
939 980 958 991 su

598 998 647 1016 vobis,
656 999 674 1014 ut
682 998 699 1014 in
706 1002 730 1014 me
736 1002 792 1018 pacem
800 998 881 1014 habeatis.-
890 999 907 1015 i'n
915 1003 958 1015 mun<

597 1026 691 1042 pressuram
707 1021 793 1038 hababitis:
809 1022 836 1038 aed
850 1023 932 1043 confidite,
948 1027 958 1043 ‘1

598 1045 629 1061 cici
643 1045 732 1063 mundum>
746 1049 787 1065 quae
802 1046 925 1065 pollicitationes
937 1050 958 1066 qu

598 1069 633 1084 sine
644 1068 693 1084 dubio
704 1069 798 1084 manifestae
810 1071 853 1087 sunt,
865 1069 914 1085 nullis
926 1070 956 1085 deb

599 1096 635 1107 mus
645 1092 723 1108 scandalis
733 1092 821 1108 infirmari:
834 1096 854 1108 118
862 1092 938 1108 electioni
946 1093 958 1108 D

598 1115 682 1131 videamur
691 1115 755 1135 ingrati,
764 1116 810 1131 cuius
819 1117 850 1131 tam
858 1117 929 1136 potentia
937 1121 956 1132 su

598 1139 681 1157 adiutoria,
693 1143 740 1158 quam
751 1143 790 1155 vera
801 1140 893 1159 promissa»
904 1140 932 1160 (l).

617 1163 652 1182 55.
666 1162 732 1178 Divinae
746 1164 800 1178 autem
816 1163 926 1183 promissionis
941 1164 956 1179 i'r

597 1187 637 1204 ctus,
645 1186 673 1205 qui
681 1190 770 1205 numquam
777 1186 794 1202 in
802 1186 872 1202 Ecclesia
880 1186 958 1203 desuerun

598 1214 627 1225 nec
638 1209 709 1225 defuturi
720 1211 763 1227 sunt.
772 1210 808 1229 quis
816 1214 849 1226 non
858 1210 912 1226 videat
919 1212 958 1226 nost*

597 1233 645 1249 etiam
656 1233 685 1248 hac
697 1234 749 1248 aetate
762 1233 913 1250 manifestissimos?
923 1234 956 1250 lide

597 1256 669 1276 protecto
680 1256 764 1272 evidenter
777 1259 854 1276 apparent
864 1257 881 1273 ln
891 1257 958 1277 insuper

597 1280 625 1296 bili
636 1280 715 1296 Ecclesiae
727 1280 803 1296 firmitate
814 1280 856 1296 inter
868 1282 891 1296 tot
901 1281 957 1297 inimic

597 1308 634 1319 rum
645 1303 762 1323 aggressiones,
771 1304 788 1319 in
798 1303 887 1324 Religionis
897 1305 940 1320 inter
950 1307 956 1321 t

597 1327 727 1346 perturbationes
737 1331 755 1343 ac
766 1327 836 1347 pericula
847 1328 945 1346 dilatatione,

597 1351 613 1366 in
624 1351 738 1369 consolatione,
750 1355 781 1371 qna
792 1353 877 1371 propterea
889 1351 937 1367 Pater
944 1356 958 1368 m

596 1374 723 1390 sericordiarum
737 1376 751 1390 ct
762 1374 805 1390 Deua
815 1375 864 1390 totius
879 1375 957 1391 consolati·

597 1398 622 1413 πίε
636 1397 729 1413 consolatur
743 1402 771 1413 noa
782 1398 800 1413 in
811 1393 854 1414 111ιὶιὶ
868 1398 958 1415 tribulatim

597 1422 658 1437 nostra.
670 1421 712 1437 Dum
723 1421 767 1437 enim
778 1425 798 1437 ex
809 1425 841 1437 una
854 1423 899 1441 parte
909 1422 958 1442 plorai

597 1445 635 1460 dum
652 1444 697 1460 nohis
712 1446 794 1464 estsuper
809 1444 874 1463 iactura,
886 1449 934 1464 qnam
945 1446 958 1461 al

597 1468 655 1487 quibus
666 1468 682 1483 iu
693 1468 786 1488 regionibus
798 1472 841 1488 passa
852 1470 876 1484 est
887 1470 903 1484 et
913 1469 958 1489 patiti

215 1523 230 1537 111
239 1524 258 1534 na
265 1522 312 1534 iisdem
320 1523 347 1534 fere
355 1522 398 1534 vni-ms
405 1523 417 1533 s.
426 1523 450 1533 nea
458 1523 473 1533 11.
482 1522 494 1533 in
502 1522 558 1536 epistola
565 1522 582 1533 aa
589 1522 658 1533 misticum
666 1522 768 1533 narbonensem.

937 167 966 183 251
992 168 1019 180 Aur
1027 168 1041 181 C.
1053 168 1087 180 1840
