4770 6982
97 585 190 638 Amo.
215 585 281 634 tata

917 595 1093 642 octodurus
1114 595 1165 640 Pl).
1189 593 1255 640 Xl'l.

314 717 352 780 tis
380 717 584 794 generalibus
606 715 658 778 vel
688 715 877 794 specialibus
907 715 1060 777 constitu-

313 811 454 873 tionibus
487 817 519 872 et
551 808 825 878 ordinationibus
860 808 1060 885 caeterisque

311 905 479 968 contrariis
501 905 771 982 quibuscumque.

350 997 464 1060 [latum
493 996 612 1059 Romae
642 997 724 1074 apud
755 995 786 1058 S.
812 995 940 1063 Mariam
969 996 1061 1056 llaio-

311 1107 380 1154 rem
403 1091 462 1154 sub
483 1091 602 1153 annulo
628 1090 792 1153 Piscatoris
821 1091 871 1152 die
899 1107 952 1152 xx.
978 1095 1058 1168 sept.

311 1203 509 1258 uocecxcn,
534 1185 734 1264 pontificatus
750 1184 851 1246 nostri
865 1201 948 1246 anno
960 1201 1018 1246 xrr.

624 1466 743 1530 CCXX.

311 1655 347 1716 ln
364 1653 513 1714 Anterice
536 1651 795 1732 septemtrionali
810 1651 925 1716 dividit
943 1653 1061 1715 adiee-

351 1749 412 1808 eesi
438 1745 693 1826 Carotipetitend
715 1763 831 1808 nonam
852 1746 1060 1826 Brunopolim

349 1857 404 1902 seu
434 1840 616 1909 disperserit,
648 1856 778 1917 curetque
803 1840 837 1902 in
864 1841 994 1920 proprie
1014 1840 1060 1902 di-

350 1939 434 1997 ctare
457 1933 621 1994 dioecesim
643 1951 663 1996 n
685 1932 981 2013 Corotinopotitend
997 1934 1060 1996 dis-

350 2027 484 2089 tinctam
506 2027 684 2089 constitnit.

482 2197 701 2264 cessemus
725 2199 785 2265 ΡΡ.
811 2197 882 2264 tvl.

429 2320 464 2386 ad
489 2325 663 2405 perpetuam
687 2321 730 2386 rei
755 2321 936 2387 memoriam.

349 2495 504 2560 Dominiei
540 2497 646 2574 gregis
675 2513 750 2559 cura
782 2497 874 2560 nobis
904 2498 1057 2560 divinitus

309 2592 478 2654 commissa
507 2591 661 2669 postulat,
686 2597 722 2652 ut
744 2591 832 2652 omni
859 2591 989 2667 quidem
1012 2594 1057 2652 vi-

310 2685 439 2762 gilantia
449 2690 481 2746 et
492 2684 598 2746 studio
607 2683 873 2746 Cirristitidelium
887 2685 971 2746 bono
984 2701 1057 2746 con-

308 2778 462 2848 sulamus,
487 2777 572 2854 quod
594 2777 631 2838 ad
653 2777 808 2840 maiorem
829 2793 943 2840 eorum
965 2779 1056 2855 spiri-

310 2871 427 2933 tualem
451 2871 623 2933 utilitatem
643 2871 874 2948 procurandam
890 2871 1056 2948 pertinere

308 2981 401 3044 posse
419 2965 650 3041 cognoscimus.

347 3060 366 3132 ἓ
389 3057 416 3119 l.
440 3057 511 3120 Non
534 3058 687 3120 mediocri
709 3063 796 3119 certe
819 3059 942 3138 paterni
958 3059 1055 3120 animi

308 3150 411 3213 nostri
432 3151 597 3230 voluptate
620 3149 771 3227 gravibus
794 3167 833 3212 ex
861 3152 1054 3213 testimoniis

307 3245 485 3322 accepimus
502 3245 724 3306 insanissimi
743 3244 908 3307 Amanicas
922 3244 1054 3324 Septen-

307 3336 451 3398 trionalis
468 3337 640 3414 Anglicanai
663 3338 786 3400 colonia
808 3338 915 3400 Novae
932 3339 1053 3402 Bruno-

308 3429 388 3507 polis
409 3445 466 3491 seu
488 3429 569 3492 Nori
599 3429 809 3503 Brunsuilrii,
842 3431 1053 3494 benedicente

307 3523 454 3594 Domino,
470 3523 563 3586 valde
579 3525 741 3601 copiosum
762 3541 848 3586 nunc
863 3541 933 3586 esse
949 3526 1053 3586 cattio·

307 3616 442 3678 licorum
466 3633 652 3688 numerum,
669 3618 778 3694 ibique
792 3619 889 3680 simul
904 3634 1052 3695 magnam

306 3710 342 3772 ad
364 3710 532 3787 religionis
555 3712 792 3773 incrementum
814 3712 1052 3790 suscipiendum

307 3805 566 3882 propensionem,
591 3822 624 3866 ac
646 3807 720 3866 satis
742 3806 939 3868 abundantes
966 3822 1054 3884 prae-

305 3904 354 3958 sto
376 3913 446 3959 esse
469 3898 592 3960 reditus
614 3915 671 3960 seu
694 3907 872 3978 proventus
895 3907 1053 3980 tempora-

306 3989 363 4062 les,
388 3991 505 4067 quibus
534 3991 687 4054 honestae
716 3993 861 4072 Episcopi
887 4011 1053 4057 conserva-

307 4086 384 4148 tioni
408 4087 545 4164 prospici
558 4088 666 4164 possit.
691 4087 800 4165 ltaque
815 4105 888 4150 cum
905 4103 979 4150 ven.
994 4090 1053 4152 ira-

306 4185 355 4241 ter
371 4179 551 4242 Bernardus
564 4181 723 4244 Donaldus
735 4182 969 4263 (blac-Donald)
981 4184 1054 4262 Epi·

305 4289 418 4352 scopus
431 4273 752 4352 Carolinopolitanus,
767 4276 799 4337 in
815 4276 904 4338 cuius
916 4277 1053 4339 dioecesi

305 4367 393 4430 Nora
420 4369 612 4446 Brunopolis
640 4369 792 4432 hactenus
821 4371 1053 4449 comprehensa

306 4467 364 4528 est,
388 4462 642 4531 iurisdictionem
664 4463 697 4524 in
724 4481 794 4525 eam
816 4465 984 4541 regionem
1007 4471 1053 4528 to-

306 4565 369 4620 tam
391 4563 505 4636 sponte
527 4558 695 4629 dimiserit,
719 4575 753 4621 ac
775 4559 865 4620 nobis
891 4573 1053 4638 exponen·

306 4653 382 4715 dunt
406 4653 567 4714 curaverit
595 4653 746 4731 religioni
774 4654 951 4732 plurimum
973 4656 1053 4718 utile

305 4746 452 4808 tutorum
475 4763 554 4817 esse,
578 4745 700 4809 Noram
723 4747 821 4826 ipsam
843 4747 1050 4826 Brunopolim

305 4841 338 4903 in
360 4842 530 4904 dioecesim
548 4842 677 4921 proprie
693 4841 808 4904 dictam
825 4843 917 4919 erigi,
941 4859 998 4904 nos
1014 4845 1053 4906 de

305 4951 402 4997 reon.
427 4936 561 4998 iratrum
586 4941 769 4998 nostrerum
795 4934 926 4999 Sanctae
941 4937 1052 4999 Roma-

306 5046 364 5091 nae
382 5029 541 5091 Ecclesiae
556 5029 772 5092 Cardinalium
789 5031 925 5107 negotiis
941 5031 1053 5109 Propa-

306 5124 429 5200 gandae¹
455 5123 542 5185 Eidei
565 5125 819 5202 praepositorum
845 5124 988 5196 consilio,
1016 5126 1053 5187 ad

305 5219 477 5281 catholicae
499 5219 665 5296 religionis
678 5218 799 5281 bonum
815 5220 1052 5296 procurandum

305 5313 384 5375 inibi
413 5329 528 5374 norarn
559 5312 731 5375 dioecesim
765 5312 952 5389 erigendam
985 5329 1053 5376 esse

306 5407 570 5469 existimavimus.

345 5501 413 5578 §E
437 5500 652 5574 Quamobrem
682 5507 771 5564 motu
798 5505 928 5583 proprio
958 5511 1053 5582 atque

305 5595 391 5657 certi
412 5595 555 5664 seientii,
580 5596 702 5656 maturat
726 5596 968 5671 deliberatione,
1000 5599 1053 5661 de·

306 5703 369 5766 que
397 5688 586 5767 apostolicae
612 5695 738 5750 nostrae
768 5693 931 5768 potestatis
953 5694 1053 5772 pleni-

305 5781 427 5854 tudine,
452 5781 574 5844 Novam
603 5781 812 5861 Brunopolim
842 5785 927 5848 bisce
951 5787 1052 5849 literis

305 5875 343 5937 ab
365 5875 585 5938 iurisdictione
608 5891 682 5937 ven.
701 5875 807 5938 fratris
829 5878 975 5958 Episcopi
997 5880 1052 5942 Ca-

305 5969 544 6048 rolinopolitani
566 5969 693 6048 penitus
720 5971 921 6046 auferentes,
945 5973 978 6035 in
1000 5990 1053 6052 pe-

1115 713 1285 786 culiarem,
1320 713 1499 775 distinctam
1529 727 1563 771 ac
1591 705 1721 786 proprie
1748 704 1864 767 dictam

1116 807 1287 868 dioecesim
1304 805 1471 882 erigimus,
1485 810 1581 883 atque
1596 804 1628 864 in
1645 803 1680 863 ea
1697 799 1863 879 proprium

1116 900 1308 978 Episcopum
1331 898 1567 961 constituimus.
1591 895 1653 974 lpsi
1668 900 1776 966 autem
1793 892 1864 970 Epi-

1115 1009 1222 1072 scopo,
1247 994 1284 1056 ab
1308 994 1364 1054 lrae
1385 991 1565 1070 Apostolici
1588 989 1670 1052 Sede
1699 987 1861 1064 eligendo,

1117 1103 1228 1148 omnes
1251 1093 1282 1148 et
1303 1086 1446 1162 singulas
1476 1084 1658 1155 facultates,
1683 1097 1764 1158 quae
1792 1096 1864 1158 pro·

1117 1181 1203 1260 priae
1226 1179 1321 1242 buius
1343 1187 1419 1242 sunt
1441 1178 1596 1249 muneris,
1615 1177 1726 1240 damus
1749 1180 1782 1237 et
1802 1174 1863 1236 lar-

1117 1275 1235 1352 gimur.

1155 1369 1174 1444 ἓ
1201 1369 1230 1430 3.
1261 1367 1343 1430 llaec
1372 1366 1539 1436 uolumus,
1569 1364 1739 1430 scaminus
1767 1369 1862 1439 atque

1116 1463 1303 1525 mandamus
1327 1462 1539 1524 decernentes
1554 1459 1610 1520 bas
1626 1463 1811 1536 praesentes
1827 1455 1863 1517 li-

1116 1566 1198 1620 teras
1221 1571 1350 1635 semper
1380 1555 1499 1626 firmas,
1522 1553 1641 1615 validas
1663 1557 1696 1614 et
1722 1551 1862 1612 efficaces

1116 1651 1254 1712 existere
1278 1656 1309 1710 et
1331 1647 1411 1720 lore,
1436 1662 1576 1724 suosque
1598 1645 1802 1724 plenarioset
1816 1644 1863 1705 in-

1116 1750 1208 1821 tegro
1230 1743 1361 1804 ellectus
1388 1741 1497 1803 sortiri
1519 1747 1552 1802 et
1574 1740 1731 1811 obtinere,
1758 1739 1862 1814 iisque

1114 1838 1151 1898 ad
1174 1853 1254 1914 quos
1274 1842 1395 1916 spectat
1416 1843 1449 1897 et
1470 1834 1624 1916 spectabit
1645 1833 1678 1895 in
1701 1833 1859 1904 iuturum,

1115 1932 1301 2010 plenissime
1323 1930 1502 2007 sutlragari,
1523 1929 1632 2005 sicque
1653 1928 1687 1988 in
1710 1927 1862 2005 praemis-

1113 2028 1156 2088 sis
1186 2043 1244 2104 per
1273 2039 1495 2102 quoscumque
1524 2023 1645 2084 iudices
1682 2021 1861 2084 ordinarios

1114 2127 1147 2181 et
1171 2120 1345 2196 delegatos,
1370 2117 1464 2178 etiam
1482 2115 1588 2194 palatii
1599 2113 1763 2194 apostolici
1775 2111 1862 2176 artdi-

1114 2221 1211 2286 tores,
1236 2213 1368 2275 iudicari
1390 2216 1423 2272 et
1444 2209 1572 2272 definiri
1594 2209 1724 2280 debere,
1741 2225 1775 2271 ac
1790 2207 1861 2268 irri-

1115 2315 1182 2370 tum
1206 2313 1238 2369 et
1260 2308 1365 2376 inane,
1390 2305 1416 2366 si
1438 2319 1530 2366 secus
1553 2302 1722 2380 superbis
1745 2319 1761 2362 a
1783 2317 1861 2378 quo-

1113 2418 1208 2480 quam
1225 2401 1336 2478 quaris
1351 2398 1539 2462 auctoritate
1554 2397 1694 2458 scienter
1705 2396 1758 2456 vel
1770 2395 1860 2472 igno-

1112 2503 1221 2558 ranter
1243 2493 1417 2570 contigerit
1437 2491 1597 2554 attentari.
1622 2489 1692 2552 Non
1708 2489 1860 2551 obstanti·

1114 2591 1172 2652 bus
1194 2589 1303 2650 nostra
1326 2593 1358 2648 et
1379 2585 1584 2648 cancellariae
1600 2583 1791 2662 apostolicae
1810 2595 1860 2644 re·

1113 2684 1187 2762 guli
1199 2681 1238 2745 de
1251 2682 1322 2743 iure
1335 2680 1479 2758 quaesito
1492 2695 1557 2742 non
1571 2677 1713 2738 tollendo
1725 2677 1860 2753 aliisque

1112 2775 1289 2854 apostolicis
1311 2774 1398 2836 acin
1426 2769 1662 2834 universalibus
1684 2769 1860 2847 provincia-

1111 2869 1259 2945 libusque
1293 2875 1325 2929 et
1355 2866 1562 2944 synodalibus
1594 2864 1735 2926 conciliis
1768 2864 1860 2928 editis

1112 2961 1316 3040 generalibus
1342 2961 1395 3022 vel
1417 2959 1607 3038 specialibus
1626 2957 1860 3020 constitutioni-

1111 3055 1170 3141 bus
1188 3062 1221 3118 et
1239 3053 1503 3128 ordinationibus,
1521 3052 1721 3128 caeterisque
1736 3057 1860 3112 contra-

1111 3149 1165 3210 riis
1188 3149 1457 3226 quibuscumque.

1150 3243 1263 3304 Datum
1293 3242 1411 3304 Romae
1439 3240 1520 3320 apud
1552 3239 1582 3301 S.
1615 3239 1743 3300 llariam
1767 3239 1860 3301 Maio·

1110 3353 1180 3398 rem
1202 3336 1260 3396 sub
1283 3335 1402 3397 annulo
1423 3333 1589 3396 Piscatoris
1610 3333 1662 3394 die
1679 3349 1755 3394 xxx.
1776 3341 1857 3412 sept.

1110 3445 1309 3502 ucecensis,
1328 3428 1528 3508 pontificatus
1551 3427 1651 3488 nostri
1673 3444 1756 3488 anno
1779 3443 1837 3488 xrr.

1417 3711 1549 3773 ccxxi.

1109 3901 1233 3964 Novum
1254 3901 1398 3963 instituit
1424 3900 1622 3963 Vicerietnm
1643 3899 1856 3980 apostaticum

1149 3996 1202 4073 qni
1227 3994 1384 4058 detineant
1399 3996 1596 4076 superiorem
1612 3999 1705 4072 atque
1726 3995 1858 4073 inferio-

1147 4107 1226 4158 rem,
1243 4096 1272 4150 et
1287 4089 1448 4169 cepionem
1465 4089 1571 4151 Sierra
1591 4089 1710 4161 Leone,
1728 4089 1858 4169 compte-

1149 4189 1269 4246 otetur.

1285 4353 1503 4422 cassamus
1525 4356 1586 4421 ΡΡ.
1611 4353 1681 4420 xtt.

1229 4478 1265 4544 ad
1288 4484 1462 4562 perpetuam
1485 4478 1528 4544 rei
1553 4479 1735 4544 memorien.

1147 4655 1192 4716 De
1214 4656 1359 4718 universi
1376 4656 1527 4718 dominici
1546 4657 1654 4734 gregis
1676 4657 1779 4719 salute
1802 4675 1857 4719 no-

1109 4749 1156 4812 bis
1179 4749 1332 4812 divinitus
1354 4750 1522 4812 commissi
1549 4751 1763 4813 vehementer
1784 4751 1858 4813 soli-

1108 4843 1171 4914 citi,
1198 4861 1232 4904 ea
1255 4843 1362 4904 omnia
1376 4843 1532 4921 singulari
1555 4845 1661 4906 studio
1676 4847 1857 4923 peragenda

1108 4954 1275 5010 curamus,
1306 4953 1387 5014 quae
1409 4939 1447 5000 ad
1476 4938 1655 5001 Catholicae
1682 4939 1857 5016 Religionis

1108 5033 1347 5095 incrementum
1370 5050 1403 5094 ac
1419 5034 1575 5096 maiorem
1592 5033 1856 5095 Cirristitldelium

1109 5127 1280 5188 utilitatem
1302 5127 1466 5204 pertinere
1489 5143 1580 5205 posse
1603 5127 1834 5204 cognoscimus.

1148 5223 1166 5294 ἓ
1190 5221 1217 5281 l.
1241 5219 1322 5282 Cum
1342 5220 1442 5298 igitur
1457 5221 1493 5282 ad
1509 5220 1703 5282 Catbolicam
1719 5221 1857 5298 Religio-

1109 5331 1183 5376 nem
1206 5315 1239 5376 in
1261 5315 1381 5378 Guinea
1404 5315 1564 5394 superiori
1587 5321 1619 5376 et
1640 5314 1796 5389 interiori,
1814 5323 1857 5378 at-

1109 5423 1172 5486 que
1195 5409 1315 5470 intotis
1343 5410 1489 5486 regione,
1514 5424 1595 5486 quae
1618 5407 1729 5472 Sierro
1758 5409 1858 5472 Leone

1109 5503 1236 5574 dicitur,
1250 5504 1461 5578 statuendam,
1476 5503 1727 5565 confirmandam
1740 5521 1772 5564 ac
1786 5519 1857 5581 pro-

1109 5597 1281 5675 pagandam
1301 5603 1518 5674 opportunum
1541 5597 1574 5658 in
1591 5595 1703 5675 primis
1717 5613 1786 5658 esse
1802 5598 1857 5658 du·

1108 5691 1253 5752 xerimus
1276 5689 1468 5751 vicariatum
1496 5689 1716 5767 apostolicum
1743 5691 1857 5752 consti-

1109 5791 1211 5860 tuere,
1227 5783 1281 5860 qui
1298 5783 1495 5845 vastissimos
1517 5784 1589 5845 illos
1607 5785 1780 5860 regionum
1795 5791 1856 5846 tra-

1108 5885 1176 5940 ctus
1198 5877 1460 5955 comprehendat,
1485 5877 1524 5939 de
1547 5876 1614 5940 vv.
1629 5877 1686 5938 EE.
1705 5884 1766 5939 etc.
1783 5895 1856 5940 con·

1107 5973 1190 6045 silio,
1218 5971 1402 6034 huiusmodi
1428 5972 1622 6035 llieariatum
1650 5973 1855 6035 statuendum

1772 522 1843 630 'adt
1896 565 1994 620 sne.
2021 565 2084 616 raca
