4864 6994
937 592 1111 646 ouaoouttts
1133 598 1183 644 PP.
1208 595 1272 646 xri.

335 736 408 782 rem
438 719 686 784 instructionem
716 718 808 790 dare,
832 724 869 779 ut
890 719 995 780 omnia
1017 717 1079 780 rite

335 815 410 875 fiant
429 811 485 891 (t).

373 897 541 986 ln'primis
572 905 862 970 reverendissimus
892 903 1076 983 Episcopus,

335 1003 414 1074 sire,
432 1017 470 1064 eo
492 1001 639 1078 legitime
661 998 913 1079 impetuosius
939 997 1078 1058 vicarius

336 1095 495 1172 generalis
516 1111 589 1157 curu
606 1101 793 1174 promotore
815 1091 923 1164 fiscali,
938 1105 1079 1165 suaeque

335 1189 441 1250 curiae
463 1189 587 1250 notario
609 1203 666 1250 seu
686 1187 885 1258 cancellario,
903 1185 1028 1246 accedat
1042 1182 1079 1244 ad

336 1281 501 1342 ecclesiam
513 1279 741 1351 cathedralem,
752 1279 852 1339 immo
864 1279 901 1340 ad
913 1275 1076 1347 sacellum,

334 1375 390 1436 uhi
404 1389 473 1435 arcu
490 1389 681 1444 marmorea,
695 1372 728 1434 in
747 1387 808 1448 qua
823 1375 994 1432 seruantur
1010 1383 1079 1430 ossa

336 1466 440 1528 Sancti
469 1465 653 1542 Augustini,
683 1471 859 1527 veneratur
884 1469 916 1525 et
943 1461 1077 1535 colitur,

337 1568 412 1621 tunc
425 1558 668 1635 significabitur
685 1558 784 1635 gratia
799 1555 996 1619 Sanctissimi
1008 1569 1079 1632 ape-

336 1757 389 1802 tiae
404 1756 480 1802 annis
501 1756 611 1814 professi
632 1766 734 1810 sumus,
748 1758 775 1800 et
789 1753 892 1799 favente
910 1754 961 1796 beo
976 1748 1080 1806 profite-

336 1835 404 1870 mur.
419 1826 555 1870 utentem
576 1823 698 1870 nostrum
714 1822 788 1868 iuxta
801 1831 833 1865 ac
847 1819 930 1864 totius
949 1813 1080 1862 Ecclesiae

336 1891 462 1948 gaudium
478 1890 574 1948 ubique
588 1889 789 1940 diffunderetur,
799 1897 846 1944 per
860 1885 965 1930 litteras
976 1884 1080 1928 nostras

336 1957 468 2002 universis
482 1955 701 2002 christifidelibus
712 1953 855 2010 inscriptas
865 1951 907 1997 dle
918 1962 952 1995 vr.
963 1947 1081 2003 augusti,

335 2024 457 2070 omnibus
472 2026 498 2068 et
512 2021 624 2078 singulis
638 2021 778 2076 utriusque
791 2029 868 2064 sexus
878 2028 939 2061 uere
949 2014 1081 2072 poeniten·

336 2090 409 2134 tibus
423 2093 449 2134 et
464 2089 596 2142 coumasis,
610 2087 655 2145 qui
668 2087 787 2143 aliquam
798 2097 829 2131 ex
839 2082 956 2130 ecclesiis
968 2087 1021 2126 tam
1033 2079 1082 2126 fra-

336 2157 409 2200 trum
423 2165 502 2210 quam
517 2165 640 2199 sororum
656 2153 760 2198 ordinis
773 2151 948 2197 eremitarum
961 2152 984 2194 S.
996 2153 1082 2204 hugu-

336 2221 402 2266 stini
415 2221 574 2278 ubicumque
589 2221 757 2272 existentem,
771 2219 813 2264 dle
828 2229 875 2274 per
884 2213 1038 2261 ordinarios
1047 2214 1082 2260 lc-

335 2298 428 2332 corum
442 2288 613 2344 designando,
629 2287 791 2340 visitassent,
805 2289 886 2342 etque
900 2283 938 2327 ibi
952 2293 1000 2340 pro
1014 2281 1081 2326 cbri-

337 2355 487 2399 ettenorum
505 2354 654 2410 principum
675 2352 826 2406 ccncordia,
846 2351 988 2396 haeresum
1003 2348 1082 2392 extir-

337 2419 451 2477 patione,
471 2431 502 2466 ac
523 2423 630 2466 sanctae
652 2420 748 2466 matris
770 2418 901 2464 Ecclesiae
922 2415 1084 2461 exaltatione

335 2487 394 2543 pias
402 2489 435 2532 ad
445 2490 526 2533 Deum
534 2497 626 2544 preces
635 2487 798 2540 effudissent,
806 2484 953 2542 plenariam
963 2481 1081 2528 omnium

337 2559 504 2611 peccatorum
525 2554 719 2610 indulgentiam
734 2555 761 2597 et
775 2551 961 2596 remissionem
982 2559 1084 2594 conces·

337 2621 434 2676 simus;
455 2621 548 2678 dieque
570 2620 742 2677 subsequenti
758 2619 826 2666 alias
839 2617 947 2662 litteras
962 2615 1082 2660 dedimus

337 2687 371 2733 ad
386 2688 541 2744 Episcopum
554 2687 725 2741 ticinensem,
735 2685 819 2742 ipsius
829 2684 956 2742 pietatem
967 2685 994 2728 et
1005 2681 1082 2728 fidem

338 2755 486 2808 laudantes,
501 2754 569 2810 quod
590 2763 695 2798 omnem
716 2751 894 2798 dubitationis
913 2751 1038 2796 nebulam
1052 2749 1084 2793 de

337 2822 452 2867 ueritate
473 2821 590 2878 corporis
605 2824 629 2865 S.
645 2819 788 2876 augustini
810 2822 865 2864 tam
886 2819 1011 2864 accurato
1027 2827 1085 2861 exa·

338 2888 411 2932 mins
423 2885 552 2943 dissipare
574 2886 733 2938 studuisset:
748 2885 869 2930 districte
886 2882 1084 2936 interdicentes,

338 2956 388 3000 sub
402 2953 486 3012 mena
498 2951 778 2998 excommunicationis
792 2953 863 2996 latae
881 2949 1037 3002 sententiae,
1051 2959 1084 2993 ne

338 3020 399 3077 quis
418 3020 533 3074 auferre,
546 3023 684 3076 asportare
704 3021 752 3064 aut
772 3017 922 3064 distrahere
938 3015 1086 3074 quamlibet

338 3087 514 3132 sacratissimi
528 3085 586 3130 sius
599 3085 711 3142 depositi
725 3083 884 3141 particulam
893 3083 1011 3128 auderet.
1024 3081 1086 3126 sub-

338 3153 399 3199 inde
413 3154 441 3198 in
455 3153 498 3198 die
512 3152 577 3198 festo
591 3153 709 3197 eiusdem
725 3151 856 3196 Ecclesiae
864 3149 979 3196 doctoris
990 3159 1083 3194 xxvrn.

338 3221 448 3278 augusti
461 3219 495 3266 ad
508 3219 626 3265 eiusdem
642 3219 751 3266 titulum
765 3221 793 3262 et
806 3217 960 3264 coenobium
971 3215 1084 3262 fratrum

338 3288 514 3334 eremitarum
529 3297 576 3332 nos
590 3285 640 3342 ipsi
654 3285 816 3338 accedentes,
831 3284 859 3328 in
873 3283 947 3328 illius
957 3284 1085 3328 honorem

339 3355 537 3400 sacrosanctum
561 3353 659 3398 missae
680 3351 841 3397 sacrificium
862 3349 918 3395 ritu
940 3347 1086 3406 pontificali

338 3419 738 3474 celebravimus,adsistentibus
747 3417 822 3464 nobis
832 3415 1028 3462 venerabilibus
1038 3417 1087 3460 tra-

339 3488 428 3534 tribus
447 3487 547 3534 uostris
568 3489 591 3530 S.
607 3489 636 3530 it.
652 3489 680 3530 E.
700 3484 896 3538 cardinalibus,
915 3482 1086 3537 patriarchis,

339 3553 548 3610 archiepiscopis
563 3557 589 3598 et
604 3552 745 3609 Episcopis,
759 3553 786 3596 et
800 3554 859 3608 post
878 3553 984 3606 peracta
998 3549 1087 3594 diuina

341 3621 479 3678 mysteria,
492 3620 519 3665 in
534 3619 683 3677 gratiarum
703 3619 835 3665 actionem
857 3628 904 3675 pro
924 3621 1016 3663 sancto
1030 3615 1086 3661 eius

340 3699 450 3746 corpore
463 3688 598 3734 luculente
607 3689 634 3732 et
643 3687 766 3733 canoniae
774 3685 945 3743 comprobato
956 3685 1086 3740 hymnum

345 3760 377 3802 Ee
391 3759 483 3804 Deum
500 3753 662 3800 christianae
676 3751 797 3798 laetitiae
812 3750 1013 3809 praenuncium,
1024 3751 1088 3796 sole·

342 3823 398 3868 mni
418 3821 584 3868 caeremonia
605 3820 795 3878 praecinentes,
816 3819 843 3863 ln
866 3818 944 3863 trinis
967 3815 1087 3862 Personis

342 3900 427 3936 unum
441 3891 521 3933 licum
535 3885 751 3932 collaudavimus.

128 3965 259 4011 naamam
274 3961 325 4022 spi-
382 3957 428 4006 55.
444 3958 480 4000 Ne
495 3965 557 4000 rere
570 3965 601 3998 ex
615 3952 755 4010 pastoralis
769 3951 847 3998 offleii
860 3951 949 3996 debito
958 3961 1022 4008 erga
1032 3963 1089 3998 sen·

109 4019 211 4078 stupuit
225 4019 257 4063 de
271 4025 325 4062 cor·
342 4025 447 4068 ciarum
464 4019 606 4077 augustini
625 4017 800 4075 reliquiarum
822 4017 1047 4063 conseruationem
1062 4019 1088 4062 et

109 4086 171 4136 ΡΨ
192 4073 326 4172 ssstffi
342 4087 540 4136 venerationem
556 4095 572 4131 a
587 4085 660 4130 nobis
680 4085 825 4141 quidquam
845 4084 1088 4140 praetermittatur,

109 4133 327 4236 nnma.
342 4151 1088 4278 assummumstructurarum:

344 4291 399 4336 sire
412 4288 587 4341 introductas,
596 4287 757 4341 illarumque
772 4285 841 4338 iura,
855 4283 1003 4340 scripturas
1017 4286 1044 4328 et
1059 4284 1089 4328 ti·

344 4357 416 4403 tulos
431 4365 522 4401 omnes
542 4352 727 4410 praesentibus
741 4362 788 4408 prc
803 4351 879 4408 plens
901 4350 1031 4407 expressis
1046 4352 1088 4396 ha·

344 4425 444 4474 beutes,
462 4425 497 4476 et,
516 4421 648 4477 quatenus
668 4429 734 4476 opus
755 4417 798 4471 sit,
819 4417 852 4462 ad
873 4427 921 4464 nos
941 4420 1088 4472 avocantes,

344 4500 453 4548 prorsus
468 4487 649 4542 extinguimus
663 4488 689 4530 et
699 4484 843 4538 abolemus,
852 4485 879 4528 et
890 4486 1046 4540 perpetuum
1058 4483 1090 4528 si-

344 4555 456 4601 lentium
474 4563 555 4610 super
568 4551 624 4597 illle
638 4549 807 4607 imponimus.
827 4551 859 4594 Et
875 4560 906 4594 ne
921 4560 1038 4605 unquam
1053 4549 1089 4594 tir·

346 4623 415 4668 turis
429 4619 592 4677 temporibus
606 4618 638 4662 de
646 4615 779 4674 praedicto
789 4615 930 4672 episcopali
940 4615 1046 4670 iudicio,
1056 4615 1089 4662 ad

345 4689 491 4734 sanctiores
511 4685 641 4730 Ecclesiae
660 4683 768 4739 regulas
788 4681 918 4737 absoluto,
932 4682 1015 4738 possit
1029 4693 1091 4740 quo-

345 4754 488 4800 modolibet
503 4749 641 4805 haesitarl,
655 4750 688 4795 ad
703 4749 849 4795 submissas
863 4759 953 4805 preces
962 4749 1053 4794 dilecti
1063 4749 1090 4794 u·

345 4823 376 4867 lii
389 4819 483 4866 Felicis
493 4822 585 4872 Leone,
595 4817 678 4862 totius
693 4815 798 4862 ordinis
811 4817 963 4867 eorumdem
975 4815 1089 4861 fratrum

345 4887 520 4934 cremitarum
530 4883 710 4942 procuratoris
718 4883 923 4940 generalis,eius
933 4882 1022 4928 libello
1032 4894 1091 4942 sup

346 4955 407 5011 plici
421 4952 495 4999 uobis
510 4956 653 5009 porrectas,
668 4950 726 5008 piae
740 4949 931 4996 recordationis
945 4952 1091 4996 antecessu·

345 5023 384 5066 ris
399 5020 483 5066 nostri
497 5019 606 5066 Martini
620 5022 664 5063 1²1³.
680 5021 708 5063 V.
721 5016 841 5073 uestigiis
856 5016 1035 5072 inhaerentes,
1044 5017 1090 5074 qui

345 5087 550 5133 translationem
564 5085 682 5142 corporis
696 5087 721 5129 B.
738 5085 861 5139 monicae,
874 5081 1033 5129 venerabilis
1044 5089 1091 5128 hu·

110 4239 202 4280 matur.

345 5154 448 5210 gustini
461 5153 564 5204 matris,
579 5163 610 5196 ex
624 5151 732 5196 ciuitate
746 5149 838 5195 nostra
852 5149 966 5196 ostiensi
980 5151 1013 5196 ad
1024 5149 1092 5195 hanc

345 5220 464 5266 camdem
474 5217 612 5264 ecclesiam
622 5217 715 5262 domus
724 5217 839 5262 fratrum
849 5216 913 5261 dicti
922 5216 1027 5261 Ordinis
1038 5227 1092 5262 ere-

346 5289 474 5334 mitarum
489 5291 514 5331 S.
528 5285 671 5342 augustini
684 5285 789 5338 factam,
799 5284 854 5330 suis
864 5283 1013 5340 apostolicis
1023 5284 1092 5329 litte·

346 5355 385 5400 ris
399 5353 586 5411 incipientibus
602 5355 651 5397 Pto
660 5354 785 5399 chamas.
796 5350 964 5407 adprobatum
975 5362 1021 5396 nos
1032 5361 1092 5406 quo·

346 5433 398 5478 que
418 5419 544 5466 iudicium
566 5417 686 5475 Episcopi
707 5417 851 5463 ticinensis
865 5417 897 5462 de
913 5417 1024 5462 veritate
1038 5428 1092 5462 ccr-

340 5487 419 5544 -poris
433 5485 522 5532 Sancti
535 5485 662 5539 necteris,
676 5487 707 5529 ut
720 5483 790 5540 apud
804 5483 990 5528 christifideles
1003 5483 1092 5528 notius

347 5557 374 5599 ct
389 5551 555 5599 manifestius
568 5551 670 5606 eradat,
684 5561 715 5596 ac
728 5550 832 5596 devotio
841 5560 904 5606 erga
913 5549 1092 5606 augustinum

348 5619 433 5676 magis
452 5619 643 5672 inflammetur,
658 5619 749 5662 tenore
765 5616 946 5674 praesentium
961 5619 1050 5661 ratum
1065 5619 1092 5661 et

292 5701 298 5714 ·
348 5688 455 5742 gratum
478 5685 613 5738 habentes,
628 5695 658 5727 ex
679 5683 752 5728 certa
772 5682 891 5738 scientia,
910 5684 990 5739 atque
1011 5681 1092 5728 etiam

348 5754 422 5797 motu
441 5749 557 5808 proprio,
571 5749 716 5806 apostolica
733 5749 904 5804 auctoritate,
918 5749 1093 5806 undequaque

347 5817 525 5875 adprobamus
539 5817 567 5860 et
586 5815 783 5870 confirmamus,
797 5817 824 5860 et
843 5813 977 5872 perpetuis
996 5814 1094 5859 futuris

349 5883 513 5940 temporibus
529 5883 635 5928 firmum
651 5892 755 5937 semper
769 5884 795 5926 et
805 5881 922 5926 validum
933 5891 991 5925 esse
999 5891 1030 5926 ac
1040 5881 1094 5926 fore

349 5949 526 5996 decernimus:
544 5961 594 5996 uon
609 5948 775 5996 obstantibus
789 5948 1006 6005 quibuscumque.

1767 492 1787 528 la

1821 573 1860 642 67
1909 580 1962 634 An.
1977 579 2008 632 O.
2030 579 2098 632 1833

1134 714 1879 796 riendumossehocsepulcrum3poteritetiam

1134 812 1172 872 acl
1193 812 1225 872 id
1240 811 1377 872 invitare
1398 811 1520 888 aliquot
1534 809 1763 872 ecclesiasticos
1778 809 1878 880 viros,

1134 904 1277 980 aliosque
1291 903 1352 964 sibi
1364 903 1546 975 benevisos,
1559 909 1596 964 ut
1611 903 1685 965 huic
1696 901 1779 964 actui
1791 917 1880 980 prae-

1134 1003 1242 1058 sentes
1254 996 1328 1068 sint,
1342 1011 1415 1058 cum
1428 995 1648 1059 moderamine
1660 1002 1780 1066 tamem
1793 1009 1880 1056 nam-

1136 1105 1199 1166 que
1221 1095 1307 1152 actus
1323 1089 1419 1152 debet
1440 1096 1687 1160 essesecretus,
1708 1093 1740 1150 et
1754 1095 1880 1150 secreto

1135 1182 1235 1244 immo
1257 1181 1353 1244 etiam
1375 1181 1489 1244 clausis
1507 1181 1621 1254 ianuis,
1639 1188 1671 1242 et
1683 1179 1723 1260 (si
1740 1195 1881 1242 commo-

1136 1275 1174 1337 de
1197 1275 1268 1336 fieri
1289 1273 1402 1354 possit)
1424 1282 1520 1338 noctu
1544 1281 1592 1336 est
1613 1275 1827 1353 peragendus.

1175 1367 1356 1444 Antequam
1386 1383 1465 1430 vero
1494 1369 1531 1430 ad
1560 1363 1665 1430 acturis
1695 1367 1880 1446 aperitionis

1135 1460 1312 1538 perveniat,
1336 1475 1375 1521 ex
1397 1476 1456 1522 suo
1476 1461 1664 1522 cancellario
1685 1460 1881 1521 instrumen-

1136 1557 1203 1613 tum
1233 1567 1290 1614 seu
1323 1545 1548 1615 instrumenta
1569 1551 1754 1631 aperitionis
1781 1567 1882 1613 urnae

1173 1748 1219 1797 sc.
1236 1747 1305 1794 Nulli
1320 1758 1383 1804 ergo
1397 1749 1504 1794 omnino
1519 1748 1657 1794 homiuum
1672 1747 1829 1793 liceethanc
1839 1759 1881 1805 pa·
1920 1754 1996 1802 Nemo
2012 1753 2059 1800 ltus
2074 1753 2114 1800 tu-

1134 1813 1223 1870 ginam
1234 1817 1341 1860 nostrae
1350 1813 1556 1870 constitutionis,
1566 1813 1735 1864 evocationis.
1746 1813 1882 1860 extinctio
1901 1811 1968 1854 teras
1987 1807 2113 1865 infringa-

1135 1881 1184 1934 nls,
1198 1879 1360 1936 abolitionis,
1375 1881 1477 1926 silentii
1487 1881 1674 1938 impositionis,
1682 1880 1782 1926 decreti
1791 1881 1883 1936 adpro·
1900 1873 1927 1907 ’θ
1942 1860 2045 1906 audeat·

1134 1946 1258 2000 battonis,
1267 1945 1479 1992 confirmationis
1488 1950 1515 1992 et
1526 1947 1671 1992 voluntatis
1681 1945 1834 2003 infringere,
1844 1947 1883 1992 tei

1135 2013 1159 2058 ei
1174 2025 1242 2058 ausu
1257 2013 1401 2059 temerario
1414 2014 1561 2068 contraire;
1576 2012 1599 2058 si
1613 2014 1673 2070 quis
1684 2017 1775 2060 autern
1786 2015 1835 2058 hoc
1846 2015 1884 2060 at·

1134 2082 1240 2124 tentare
1258 2081 1477 2136 praesumpserit,
1492 2079 1700 2136 indignationem
1721 2080 1884 2136 omnipoten-

1136 2146 1171 2190 tis
1185 2146 1230 2192 Dei
1240 2156 1270 2190 ac
1281 2147 1420 2191 beatorum
1430 2145 1503 2191 Patri
1514 2148 1539 2190 et
1550 2146 1625 2191 Pauli
1634 2145 1815 2203 apostolorum
1827 2145 1883 2190 elus

1135 2224 1163 2258 se
1178 2212 1281 2258 noverit
1295 2212 1474 2258 incursurum.

1176 2281 1270 2324 batum
1290 2282 1396 2333 minae,
1415 2279 1484 2336 apud
1503 2281 1527 2324 S.
1543 2281 1659 2334 Petrum,
1680 2289 1750 2326 anno
1764 2283 1884 2324 lucarna-

1136 2344 1217 2390 tionis
1231 2345 1378 2390 dominicae
1392 2357 1567 2400 uuucxxvrn,
1580 2357 1606 2390 x.
1622 2345 1749 2392 kalendas
1759 2345 1884 2400 octobris,

1136 2411 1306 2468 pontificatus
1320 2411 1405 2456 nostri
1419 2422 1488 2457 anno
1503 2423 1528 2456 v.

1178 2479 1208 2534 (tt
1224 2478 1389 2536 praescripta
1402 2489 1418 2524 a
1433 2482 1492 2524 Ean.
1508 2481 1572 2524 tilii.
1595 2479 1655 2525 Pius
1676 2482 1719 2524 PP.
1735 2483 1774 2524 Vl.
1793 2479 1885 2524 condr-

1137 2545 1220 2592 mavit
1235 2547 1261 2592 in
1277 2546 1418 2591 donatione
1432 2545 1546 2592 alicuius
1565 2547 1650 2601 partis
1664 2547 1782 2602 corporis
1797 2549 1821 2590 s.
1837 2550 1885 2590 au·

1137 2613 1238 2668 gustini
1253 2613 1417 2658 Eerdinando
1431 2613 1506 2676 regio
1520 2611 1706 2671 Hispaniarum
1722 2613 1817 2658 infanti
1831 2624 1883 2668 seq.

1137 2681 1178 2725 lit.
1193 2680 1220 2724 in
1235 2679 1319 2726 forma
1333 2680 1427 2725 brevis.

1256 2817 1428 2859 Dttecttsstmo
1443 2818 1472 2858 tn
1489 2816 1592 2859 Christo
1607 2817 1662 2867 filio
1677 2819 1770 2858 nostro

1212 2883 1384 2926 Fcrdtrtarado
1400 2884 1473 2934 reatu
1488 2883 1686 2934 Hispaniarum
1701 2884 1808 2931 taranti,

1406 3015 1474 3059 PIUS
1490 3017 1569 3058 Para
1584 3017 1623 3060 VI.

1265 3151 1433 3192 Dilectisstmc
1447 3151 1476 3192 tn
1493 3149 1597 3192 christo
1611 3151 1650 3202 att
1664 3153 1763 3198 noster,
1783 3147 1785 3154 ’

1227 3219 1342 3260 salutem
1355 3220 1380 3260 et
1392 3219 1566 3270 cpostcttcam
1585 3218 1796 3262 benedictionem.

1179 3350 1226 3398 si.
1242 3348 1326 3394 Multo
1347 3347 1444 3404 gaudio
1465 3359 1539 3394 mens
1561 3351 1653 3394 nostra
1673 3348 1777 3394 exultat
1798 3347 1826 3393 in
1842 3348 1887 3394 no·
1930 3354 2095 3401 Praemium.

1141 3414 1221 3469 minc,
1236 3417 1263 3458 et
1278 3425 1374 3471 magna
1394 3417 1434 3460 est
1456 3415 1531 3461 nobis
1553 3416 1624 3462 ratio
1644 3415 1806 3472 gratulandi,
1826 3426 1886 3460 cum

1141 3481 1267 3528 eximiam
1282 3484 1356 3527 tuam
1377 3483 1404 3527 in
1419 3485 1501 3528 Deum
1521 3483 1589 3528 etin
1604 3485 1710 3530 mnctos
1728 3493 1790 3528 suos
1808 3482 1888 3542 pieta-

1141 3551 1194 3594 tem
1210 3551 1236 3593 et
1251 3548 1407 3604 religionem
1423 3550 1517 3605 augeri
1532 3561 1578 3606 per
1596 3549 1686 3596 omnia
1700 3549 1768 3595 dono
1784 3551 1888 3607 gratiae

1140 3614 1262 3660 coelestis
1284 3615 1459 3671 agnoscimus,
1474 3619 1501 3660 et
1515 3615 1679 3662 incrementa
1700 3607 1762 3662 tuae
1776 3616 1804 3661 in
1821 3618 1889 3662 hanc

1142 3683 1264 3727 sanctam
1286 3682 1378 3728 sedern
1399 3682 1570 3738 apostoticam
1592 3682 1739 3728 devotionis
1758 3686 1785 3728 et
1801 3684 1889 3730 obser·

1141 3747 1246 3794 santiae
1261 3748 1420 3804 experimur.

1181 3821 1193 3862 e
1207 3816 1228 3857 a.
1243 3815 1335 3870 ltaque
1349 3819 1380 3859 ut
1393 3815 1479 3870 magis
1493 3816 1630 3872 magisque
1644 3827 1696 3874 qua
1705 3817 1889 3864 benevolentia
1934 3831 2008 3877 patio
2026 3842 2120 3878 gom.

1141 3892 1224 3938 quove
1237 3880 1321 3926 animi
1336 3882 1425 3926 studio
1438 3885 1465 3926 et
1480 3885 1608 3937 pateruae
1628 3883 1770 3930 charitatis
1792 3885 1888 3930 affectu
1907 3884 1995 3930 sionis.

1141 3947 1258 4003 quotidie
1274 3948 1357 3994 simus
1370 3951 1396 3994 te
1410 3948 1534 4005 amplexi,
1545 3949 1594 3994 tibi
1609 3949 1765 4006 innotescat,
1776 3952 1889 3998 scientes

1141 4013 1248 4070 speciali
1262 4014 1430 4060 observantia
1443 4025 1474 4060 ac
1489 4016 1588 4061 honore
1604 4019 1629 4062 te
1639 4017 1725 4062 colere
1736 4020 1762 4063 et
1772 4019 1889 4064 revereri

1142 4083 1268 4126 sanctum
1291 4081 1485 4138 augustinum,
1510 4083 1631 4138 quamvis
1654 4084 1754 4129 dudum
1777 4085 1890 4130 Romani

1142 4147 1280 4192 Pontifices
1295 4147 1510 4203 praedecessores
1522 4149 1607 4194 nostri
1616 4159 1810 4206 quamcumque
1820 4151 1890 4197 sacri

1141 4214 1259 4271 corporis
1273 4217 1299 4258 et
1313 4213 1429 4260 aliarum
1443 4213 1619 4272 reliquiarum
1635 4217 1724 4262 Sancti
1739 4217 1890 4274 augustini,

1142 4291 1218 4336 quae,
1234 4283 1263 4325 ut
1277 4279 1318 4337 pie
1332 4281 1459 4336 creditur,
1474 4282 1502 4326 iu
1516 4281 1626 4328 ecclesia
1643 4283 1732 4327 Sancti
1746 4283 1890 4339 augustini

1141 4347 1257 4394 civitatis
1271 4347 1416 4392 ticinensis
1430 4349 1531 4394 ordinis
1546 4359 1615 4394 nunc
1629 4349 1743 4394 fratrum
1756 4349 1890 4395 Praedica-

1143 4417 1231 4459 torum
1252 4416 1433 4468 asservantur,
1453 4415 1601 4470 portionem
1622 4415 1728 4462 extrahi
1746 4416 1787 4460 rel
1801 4427 1889 4472 aspor-

1143 4480 1196 4525 tari
1209 4480 1406 4536 prohibuerint;
1422 4480 1596 4526 nihilominus
1610 4479 1728 4538 aliquam
1743 4481 1809 4526 dicti
1819 4483 1890 4528 sacri

1142 4547 1259 4604 corporis
1274 4545 1433 4602 particulam
1449 4547 1497 4591 tibi
1511 4547 1610 4592 donare
1624 4547 1821 4594 constituimus.

1182 4616 1229 4663 ee.
1245 4613 1370 4663 Quocirca
1385 4615 1458 4658 motu
1474 4613 1588 4669 proprio,
1603 4625 1634 4660 ex
1648 4617 1722 4660 certa
1736 4615 1848 4662 scientia
1863 4619 1890 4660 et
1935 4623 2122 4670 Tenorccnces-
2162 4609 2169 4628 ⁶

1143 4683 1249 4726 matura
1263 4679 1453 4726 deliberatione
1468 4679 1575 4734 nostris,
1585 4680 1669 4736 deque
1679 4681 1839 4737 apostolicae
1849 4694 1890 4740 po·
1908 4675 1996 4721 fionit·

1144 4747 1249 4792 testatis
1262 4744 1427 4803 plenitudiue
1441 4746 1587 4792 venerabili
1599 4745 1678 4792 fratri
1688 4749 1891 4794 Bartholomaeo

1143 4812 1474 4870 archiepiscopotspiseopo
1482 4812 1601 4869 papiensi
1609 4817 1891 4870 perpraesentescom·

1144 4879 1278 4926 mittimus
1297 4883 1323 4926 et
1338 4879 1508 4933 mandamus,
1524 4882 1554 4924 ut
1572 4878 1599 4924 in
1618 4883 1679 4926 actu
1698 4881 1891 4936 asportationis

1143 4945 1209 4990 dicti
1221 4945 1340 5002 corporis
1355 4943 1443 4990 Sancti
1452 4943 1595 5002 augustini
1604 4955 1621 4990 a
1630 4944 1700 4990 dicta
1709 4945 1820 4992 ecclesia
1831 4951 1892 4992 San·

1143 5010 1180 5058 cti
1192 5011 1335 5068 augustini
1349 5021 1419 5057 nunc
1432 5013 1547 5056 fratrum
1561 5011 1662 5057 ordinis
1675 5013 1891 5059 Praedicatornm

1144 5078 1177 5123 ad
1191 5078 1330 5123 ecclesiam
1341 5078 1455 5123 fratrum
1465 5077 1639 5123 eremitarum
1650 5079 1740 5124 Sancti
1749 5079 1892 5136 Augustini

1144 5145 1260 5191 civitatis
1281 5144 1426 5191 {ticinensis
1446 5145 1573 5201 aliquam,
1593 5155 1676 5202 neque
1691 5146 1835 5193 maximam
1850 5159 1894 5192 nc·

1145 5223 1196 5268 que
1210 5211 1342 5268 exiguam,
1353 5211 1513 5257 uenerabilis
1522 5211 1587 5257 dicti
1600 5211 1718 5268 corporis
1730 5215 1834 5268 partem
1848 5223 1893 5258 au·

1145 5279 1270 5324 ctoritate
1284 5281 1377 5324 nostra
1387 5278 1533 5336 apostolica
1542 5289 1589 5336 prc
1599 5279 1648 5324 hac
1658 5288 1711 5324 una
1721 5280 1827 5325 tantum
1838 5279 1892 5324 rice

1146 5346 1268 5392 extrahet
1289 5349 1315 5391 et
1335 5347 1466 5402 asportan
1488 5345 1589 5402 tibique
1609 5348 1734 5391 concedat
1755 5353 1782 5390 et
1798 5345 1894 5402 imper-

1147 5416 1239 5462 tistur.

1186 5485 1233 5530 sl.
1248 5483 1302 5525 Non
1317 5479 1485 5526 obstantibus
1499 5479 1735 5526 constitutionibus
1750 5483 1776 5524 et
1790 5479 1894 5526 ordina·
1920 5495 2056 5553 „mano
2069 5505 2124 5541 con-

1146 5545 1263 5592 tionibus
1278 5547 1438 5604 apostolicis,
1453 5557 1500 5592 nec
1513 5557 1564 5592 non
1579 5548 1710 5603 quatenus
1727 5556 1792 5602 opus
1807 5545 1843 5590 sit
1857 5545 1893 5590 dt·
1911 5549 2059 5594 trurtcrum.

1146 5615 1204 5658 ctae
1217 5613 1343 5660 ecclesiae
1357 5613 1439 5659 etiam
1453 5613 1613 5668 iuramento,
1623 5612 1824 5657 confirmatione
1834 5622 1894 5668 apo·

1147 5679 1248 5735 stolica,
1263 5683 1305 5724 vei
1320 5681 1413 5736 quavis
1429 5680 1557 5725 firmitate
1567 5679 1621 5725 alia
1631 5679 1773 5733 roboratis,
1782 5679 1894 5724 statutis

1147 5750 1173 5792 et
1187 5746 1433 5800 consuctudinibus;
1448 5745 1595 5802 privilegiis
1614 5755 1726 5802 quoque,
1740 5745 1852 5790 indultis
1867 5749 1894 5791 et

1147 5813 1234 5858 literis
1248 5812 1399 5870 apostolicis
1411 5813 1594 5869 superioribus
1609 5813 1635 5857 et
1649 5812 1770 5869 personis
1780 5813 1829 5858 sub
1839 5813 1894 5869 qui-

1148 5881 1309 5937 buscumque
1328 5879 1463 5924 tenoribus
1478 5881 1504 5924 et
1519 5879 1619 5932 formis,
1634 5889 1665 5924 ac
1678 5889 1739 5924 cum
1756 5880 1894 5936 quibusvis

1148 5947 1229 5994 etiarn
1244 5947 1474 6004 derogatorlarum
1489 5945 1674 6002 derogatorils,
1687 5946 1799 6004 aliisque
1813 5945 1894 5992 effica-
