<?xml version="1.0" encoding="UTF-8"?>
<!DOCTYPE html PUBLIC "-//W3C//DTD XHTML 1.0 Transitional//EN"
    "http://www.w3.org/TR/xhtml1/DTD/xhtml1-transitional.dtd">
<html xmlns="http://www.w3.org/1999/xhtml" xml:lang="en" lang="en">
 <head>
  <title>
</title>
<meta http-equiv="Content-Type" content="text/html;charset=utf-8" />
  <meta name='ocr-system' content='tesseract 3.04.00' />
  <meta name='ocr-capabilities' content='ocr_page ocr_carea ocr_par ocr_line ocrx_word'/>
</head>
<body>
  <div class='ocr_page' id='page_1' title='image "./iurispontificii01martgoog_0163.png"; bbox 0 0 4828 6974; ppageno 0'>
   <div class='ocr_carea' id='block_1_1' title="bbox 920 637 1256 684">
    <p class='ocr_par' dir='ltr' id='par_1_1' title="bbox 920 637 1256 684">
     <span class='ocr_line' id='line_1_1' title="bbox 920 637 1256 684; baseline -0.006 0"><span class='ocrx_word' id='word_1_1' title='bbox 920 637 1095 684; x_wconf 72' lang='lat' dir='ltr'>ansooldus</span> <span class='ocrx_word' id='word_1_2' title='bbox 1116 637 1167 684; x_wconf 75' lang='lat' dir='ltr'>Pr.</span> <span class='ocrx_word' id='word_1_3' title='bbox 1191 637 1256 684; x_wconf 85' lang='lat' dir='ltr'>xvl.</span> 
     </span>
    </p>
   </div>
   <div class='ocr_carea' id='block_1_2' title="bbox 310 757 1061 3332">
    <p class='ocr_par' dir='ltr' id='par_1_2' title="bbox 310 757 1061 3332">
     <span class='ocr_line' id='line_1_2' title="bbox 314 757 1060 836; baseline 0 -16"><span class='ocrx_word' id='word_1_4' title='bbox 314 759 357 820; x_wconf 88' lang='lat' dir='ltr'>cis</span> <span class='ocrx_word' id='word_1_5' title='bbox 371 758 535 836; x_wconf 89' lang='lat' dir='ltr'>angendae</span> <span class='ocrx_word' id='word_1_6' title='bbox 550 758 718 836; x_wconf 90' lang='lat' dir='ltr'>negotium</span> <span class='ocrx_word' id='word_1_7' title='bbox 734 757 1060 836; x_wconf 81' lang='lat' dir='ltr'>procurationemque</span> 
     </span>
     <span class='ocr_line' id='line_1_3' title="bbox 314 849 1060 928; baseline -0.005 -13"><span class='ocrx_word' id='word_1_8' title='bbox 314 851 485 923; x_wconf 89' lang='lat' dir='ltr'>commisit,</span> <span class='ocrx_word' id='word_1_9' title='bbox 498 850 698 928; x_wconf 81' lang='lat' dir='ltr'>diligentiam</span> <span class='ocrx_word' id='word_1_10' title='bbox 713 865 844 913; x_wconf 83' lang='lat' dir='ltr'>oannem</span> <span class='ocrx_word' id='word_1_11' title='bbox 858 865 988 928; x_wconf 81' lang='lat' dir='ltr'><strong>semper</strong></span> <span class='ocrx_word' id='word_1_12' title='bbox 1001 849 1060 912; x_wconf 89' lang='lat' dir='ltr'>im-</span> 
     </span>
     <span class='ocr_line' id='line_1_4' title="bbox 315 943 1060 1024; baseline -0.003 -16"><span class='ocrx_word' id='word_1_13' title='bbox 315 944 435 1024; x_wconf 81' lang='lat' dir='ltr'>pendit,</span> <span class='ocrx_word' id='word_1_14' title='bbox 460 949 496 1006; x_wconf 91' lang='grc'>11</span> <span class='ocrx_word' id='word_1_15' title='bbox 516 945 571 1022; x_wconf 92' lang='lat' dir='ltr'>qni</span> <span class='ocrx_word' id='word_1_16' title='bbox 593 945 630 1007; x_wconf 89' lang='lat' dir='ltr'>ad</span> <span class='ocrx_word' id='word_1_17' title='bbox 651 944 844 1006; x_wconf 90' lang='lat' dir='ltr'>missionarii</span> <span class='ocrx_word' id='word_1_18' title='bbox 866 959 984 1006; x_wconf 92' lang='lat' dir='ltr'>munus</span> <span class='ocrx_word' id='word_1_19' title='bbox 1007 943 1060 1006; x_wconf 96' lang='lat' dir='ltr'>ob-</span> 
     </span>
     <span class='ocr_line' id='line_1_5' title="bbox 315 1037 1057 1114; baseline -0.004 -13"><span class='ocrx_word' id='word_1_20' title='bbox 315 1038 458 1100; x_wconf 91' lang='lat' dir='ltr'>eundum</span> <span class='ocrx_word' id='word_1_21' title='bbox 491 1037 668 1114; x_wconf 89' lang='lat' dir='ltr'>eliguntur,</span> <span class='ocrx_word' id='word_1_22' title='bbox 703 1052 832 1100; x_wconf 93' lang='lat' dir='ltr'>morum</span> <span class='ocrx_word' id='word_1_23' title='bbox 861 1037 1057 1114; x_wconf 88' lang='lat' dir='ltr'>integritate,</span> 
     </span>
     <span class='ocr_line' id='line_1_6' title="bbox 314 1129 1060 1207; baseline 0.001 -16"><span class='ocrx_word' id='word_1_24' title='bbox 314 1129 482 1207; x_wconf 88' lang='lat' dir='ltr'>religionis</span> <span class='ocrx_word' id='word_1_25' title='bbox 503 1129 620 1201; x_wconf 92' lang='lat' dir='ltr'>studio,</span> <span class='ocrx_word' id='word_1_26' title='bbox 637 1146 672 1192; x_wconf 90' lang='grc'>11</span> <span class='ocrx_word' id='word_1_27' title='bbox 688 1129 851 1192; x_wconf 88' lang='lat' dir='ltr'>doctrinae</span> <span class='ocrx_word' id='word_1_28' title='bbox 866 1129 959 1192; x_wconf 88' lang='lat' dir='ltr'>laude</span> <span class='ocrx_word' id='word_1_29' title='bbox 975 1145 1060 1192; x_wconf 86' lang='lat' dir='ltr'>com·</span> 
     </span>
     <span class='ocr_line' id='line_1_7' title="bbox 314 1221 1061 1300; baseline 0.001 -16"><span class='ocrx_word' id='word_1_30' title='bbox 314 1223 520 1285; x_wconf 77' lang='lat' dir='ltr'>mandentur.</span> <span class='ocrx_word' id='word_1_31' title='bbox 537 1222 633 1284; x_wconf 89' lang='lat' dir='ltr'>Plane</span> <span class='ocrx_word' id='word_1_32' title='bbox 648 1221 791 1284; x_wconf 91' lang='lat' dir='ltr'>sentiens</span> <span class='ocrx_word' id='word_1_33' title='bbox 806 1229 1004 1300; x_wconf 80' lang='lat' dir='ltr'>quantopere</span> <span class='ocrx_word' id='word_1_34' title='bbox 1019 1224 1061 1285; x_wconf 85' lang='lat' dir='ltr'>sit</span> 
     </span>
     <span class='ocr_line' id='line_1_8' title="bbox 313 1315 1060 1388; baseline 0.001 -11"><span class='ocrx_word' id='word_1_35' title='bbox 313 1331 387 1377; x_wconf 92' lang='lat' dir='ltr'>cum</span> <span class='ocrx_word' id='word_1_36' title='bbox 409 1315 600 1377; x_wconf 85' lang='lat' dir='ltr'>missionum</span> <span class='ocrx_word' id='word_1_37' title='bbox 620 1315 759 1378; x_wconf 89' lang='lat' dir='ltr'>utilitate</span> <span class='ocrx_word' id='word_1_38' title='bbox 780 1315 1000 1388; x_wconf 89' lang='lat' dir='ltr'>coniunctum,</span> <span class='ocrx_word' id='word_1_39' title='bbox 1023 1323 1060 1378; x_wconf 91' lang='grc'>11</span> 
     </span>
     <span class='ocr_line' id='line_1_9' title="bbox 313 1407 1059 1488; baseline 0.003 -19"><span class='ocrx_word' id='word_1_40' title='bbox 313 1409 352 1470; x_wconf 89' lang='lat' dir='ltr'>ad</span> <span class='ocrx_word' id='word_1_41' title='bbox 372 1425 424 1472; x_wconf 90' lang='lat' dir='ltr'>eas</span> <span class='ocrx_word' id='word_1_42' title='bbox 444 1407 572 1471; x_wconf 90' lang='lat' dir='ltr'>nonnisi</span> <span class='ocrx_word' id='word_1_43' title='bbox 593 1415 752 1488; x_wconf 87' lang='lat' dir='ltr'>spectatae</span> <span class='ocrx_word' id='word_1_44' title='bbox 763 1408 929 1487; x_wconf 89' lang='lat' dir='ltr'>probitatis</span> <span class='ocrx_word' id='word_1_45' title='bbox 951 1425 984 1472; x_wconf 92' lang='lat' dir='ltr'>ao</span> <span class='ocrx_word' id='word_1_46' title='bbox 1006 1409 1059 1471; x_wconf 89' lang='lat' dir='ltr'>do-</span> 
     </span>
     <span class='ocr_line' id='line_1_10' title="bbox 313 1500 1060 1574; baseline 0.004 -12"><span class='ocrx_word' id='word_1_47' title='bbox 313 1501 434 1562; x_wconf 89' lang='lat' dir='ltr'>ctrinae</span> <span class='ocrx_word' id='word_1_48' title='bbox 454 1500 516 1562; x_wconf 92' lang='lat' dir='ltr'>viri</span> <span class='ocrx_word' id='word_1_49' title='bbox 538 1501 752 1574; x_wconf 78' lang='lat' dir='ltr'>destinentur,</span> <span class='ocrx_word' id='word_1_50' title='bbox 770 1500 824 1563; x_wconf 92' lang='lat' dir='ltr'>fel.</span> <span class='ocrx_word' id='word_1_51' title='bbox 842 1503 966 1564; x_wconf 81' lang='lat' dir='ltr'>record.</span> <span class='ocrx_word' id='word_1_52' title='bbox 990 1501 1060 1565; x_wconf 84' lang='lat' dir='ltr'>flle-</span> 
     </span>
     <span class='ocr_line' id='line_1_11' title="bbox 314 1593 1058 1673; baseline 0.001 -17"><span class='ocrx_word' id='word_1_53' title='bbox 314 1609 405 1656; x_wconf 90' lang='lat' dir='ltr'>mens</span> <span class='ocrx_word' id='word_1_54' title='bbox 433 1593 485 1655; x_wconf 90' lang='lat' dir='ltr'>lll.</span> <span class='ocrx_word' id='word_1_55' title='bbox 519 1595 745 1673; x_wconf 87' lang='lat' dir='ltr'>praedecessor</span> <span class='ocrx_word' id='word_1_56' title='bbox 776 1600 887 1657; x_wconf 92' lang='lat' dir='ltr'>noster</span> <span class='ocrx_word' id='word_1_57' title='bbox 918 1595 1058 1657; x_wconf 85' lang='lat' dir='ltr'>libenter</span> 
     </span>
     <span class='ocr_line' id='line_1_12' title="bbox 314 1687 1058 1765; baseline 0.001 -15"><span class='ocrx_word' id='word_1_58' title='bbox 314 1687 514 1750; x_wconf 89' lang='lat' dir='ltr'>confirmavit</span> <span class='ocrx_word' id='word_1_59' title='bbox 541 1687 658 1749; x_wconf 90' lang='lat' dir='ltr'>initum</span> <span class='ocrx_word' id='word_1_60' title='bbox 679 1687 717 1750; x_wconf 88' lang='lat' dir='ltr'>ab</span> <span class='ocrx_word' id='word_1_61' title='bbox 740 1688 775 1749; x_wconf 86' lang='grc'>11</span> <span class='ocrx_word' id='word_1_62' title='bbox 800 1687 1058 1765; x_wconf 79' lang='lat' dir='ltr'>congregatione</span> 
     </span>
     <span class='ocr_line' id='line_1_13' title="bbox 314 1779 1058 1860; baseline 0.003 -19"><span class='ocrx_word' id='word_1_63' title='bbox 314 1779 584 1860; x_wconf 88' lang='lat' dir='ltr'>sapientissimum</span> <span class='ocrx_word' id='word_1_64' title='bbox 600 1779 769 1842; x_wconf 92' lang='lat' dir='ltr'>consilium</span> <span class='ocrx_word' id='word_1_65' title='bbox 787 1781 826 1842; x_wconf 93' lang='lat' dir='ltr'>de</span> <span class='ocrx_word' id='word_1_66' title='bbox 838 1781 1058 1860; x_wconf 79' lang='lat' dir='ltr'>praecipienda</span> 
     </span>
     <span class='ocr_line' id='line_1_14' title="bbox 315 1872 1059 1952; baseline 0 -16"><span class='ocrx_word' id='word_1_67' title='bbox 315 1875 546 1938; x_wconf 92' lang='lat' dir='ltr'>nonnullorum</span> <span class='ocrx_word' id='word_1_68' title='bbox 567 1872 723 1938; x_wconf 88' lang='lat' dir='ltr'>Ordinum</span> <span class='ocrx_word' id='word_1_69' title='bbox 745 1874 946 1951; x_wconf 75' lang='lat' dir='ltr'>regularium</span> <span class='ocrx_word' id='word_1_70' title='bbox 967 1890 1059 1952; x_wconf 91' lang='lat' dir='ltr'>supe-</span> 
     </span>
     <span class='ocr_line' id='line_1_15' title="bbox 315 1967 1057 2030; baseline 0.001 -2"><span class='ocrx_word' id='word_1_71' title='bbox 315 1967 452 2030; x_wconf 92' lang='lat' dir='ltr'>rioribus</span> <span class='ocrx_word' id='word_1_72' title='bbox 483 1973 704 2030; x_wconf 83' lang='lat' dir='ltr'>conventuum</span> <span class='ocrx_word' id='word_1_73' title='bbox 737 1983 795 2028; x_wconf 93' lang='lat' dir='ltr'>seu</span> <span class='ocrx_word' id='word_1_74' title='bbox 828 1967 1057 2030; x_wconf 90' lang='lat' dir='ltr'>coenobiorum</span> 
     </span>
     <span class='ocr_line' id='line_1_16' title="bbox 314 2059 1059 2140; baseline 0 -17"><span class='ocrx_word' id='word_1_75' title='bbox 314 2061 518 2140; x_wconf 88' lang='lat' dir='ltr'>deputatione</span> <span class='ocrx_word' id='word_1_76' title='bbox 540 2075 599 2138; x_wconf 87' lang='lat' dir='ltr'>pro</span> <span class='ocrx_word' id='word_1_77' title='bbox 620 2059 773 2137; x_wconf 79' lang='lat' dir='ltr'>collegiis</span> <span class='ocrx_word' id='word_1_78' title='bbox 802 2060 1002 2132; x_wconf 89' lang='lat' dir='ltr'>missionum,</span> <span class='ocrx_word' id='word_1_79' title='bbox 1026 2061 1059 2123; x_wconf 94' lang='lat' dir='ltr'>in</span> 
     </span>
     <span class='ocr_line' id='line_1_17' title="bbox 314 2153 1059 2232; baseline -0.001 -17"><span class='ocrx_word' id='word_1_80' title='bbox 314 2154 428 2231; x_wconf 92' lang='lat' dir='ltr'>quibus</span> <span class='ocrx_word' id='word_1_81' title='bbox 443 2153 481 2216; x_wconf 91' lang='lat' dir='ltr'>ad</span> <span class='ocrx_word' id='word_1_82' title='bbox 496 2153 668 2215; x_wconf 90' lang='lat' dir='ltr'>ministerii</span> <span class='ocrx_word' id='word_1_83' title='bbox 683 2169 780 2232; x_wconf 89' lang='lat' dir='ltr'>opera</span> <span class='ocrx_word' id='word_1_84' title='bbox 794 2160 826 2215; x_wconf 92' lang='lat' dir='ltr'>et</span> <span class='ocrx_word' id='word_1_85' title='bbox 838 2153 875 2214; x_wconf 91' lang='lat' dir='ltr'>ad</span> <span class='ocrx_word' id='word_1_86' title='bbox 894 2169 981 2214; x_wconf 90' lang='lat' dir='ltr'>sacra</span> <span class='ocrx_word' id='word_1_87' title='bbox 994 2161 1059 2215; x_wconf 88' lang='lat' dir='ltr'>stu-</span> 
     </span>
     <span class='ocr_line' id='line_1_18' title="bbox 313 2246 1058 2323; baseline 0.003 -16"><span class='ocrx_word' id='word_1_88' title='bbox 313 2247 362 2308; x_wconf 89' lang='lat' dir='ltr'>dia</span> <span class='ocrx_word' id='word_1_89' title='bbox 372 2247 517 2323; x_wconf 86' lang='lat' dir='ltr'>religiosi</span> <span class='ocrx_word' id='word_1_90' title='bbox 528 2246 591 2307; x_wconf 94' lang='lat' dir='ltr'>viri</span> <span class='ocrx_word' id='word_1_91' title='bbox 602 2246 861 2318; x_wconf 83' lang='lat' dir='ltr'>instituerentur,</span> <span class='ocrx_word' id='word_1_92' title='bbox 876 2246 930 2322; x_wconf 92' lang='lat' dir='ltr'>qni</span> <span class='ocrx_word' id='word_1_93' title='bbox 942 2246 1058 2309; x_wconf 92' lang='lat' dir='ltr'>deinde</span> 
     </span>
     <span class='ocr_line' id='line_1_19' title="bbox 312 2337 1058 2417; baseline 0 -17"><span class='ocrx_word' id='word_1_94' title='bbox 312 2340 350 2402; x_wconf 88' lang='lat' dir='ltr'>ad</span> <span class='ocrx_word' id='word_1_95' title='bbox 371 2338 561 2402; x_wconf 90' lang='lat' dir='ltr'>missionum</span> <span class='ocrx_word' id='word_1_96' title='bbox 582 2339 650 2401; x_wconf 88' lang='grc'>1001</span> <span class='ocrx_word' id='word_1_97' title='bbox 678 2337 853 2417; x_wconf 89' lang='lat' dir='ltr'>profecturi</span> <span class='ocrx_word' id='word_1_98' title='bbox 878 2346 964 2400; x_wconf 90' lang='lat' dir='ltr'>sunt.</span> <span class='ocrx_word' id='word_1_99' title='bbox 994 2338 1058 2402; x_wconf 91' lang='lat' dir='ltr'>Nos</span> 
     </span>
     <span class='ocr_line' id='line_1_20' title="bbox 312 2430 1058 2511; baseline 0.003 -17"><span class='ocrx_word' id='word_1_100' title='bbox 312 2433 418 2504; x_wconf 88' lang='lat' dir='ltr'>etiam,</span> <span class='ocrx_word' id='word_1_101' title='bbox 448 2432 601 2510; x_wconf 89' lang='lat' dir='ltr'>quamdiu</span> <span class='ocrx_word' id='word_1_102' title='bbox 623 2431 670 2494; x_wconf 94' lang='lat' dir='ltr'>illi</span> <span class='ocrx_word' id='word_1_103' title='bbox 691 2430 944 2509; x_wconf 78' lang='lat' dir='ltr'>congregationi</span> <span class='ocrx_word' id='word_1_104' title='bbox 969 2448 1058 2511; x_wconf 91' lang='lat' dir='ltr'>prae-</span> 
     </span>
     <span class='ocr_line' id='line_1_21' title="bbox 312 2523 1058 2604; baseline 0.003 -18"><span class='ocrx_word' id='word_1_105' title='bbox 312 2523 449 2597; x_wconf 79' lang='lat' dir='ltr'>fuimus,</span> <span class='ocrx_word' id='word_1_106' title='bbox 480 2540 611 2588; x_wconf 89' lang='lat' dir='ltr'>nmnem</span> <span class='ocrx_word' id='word_1_107' title='bbox 640 2540 770 2604; x_wconf 90' lang='lat' dir='ltr'>operam</span> <span class='ocrx_word' id='word_1_108' title='bbox 797 2525 943 2603; x_wconf 91' lang='lat' dir='ltr'>impense</span> <span class='ocrx_word' id='word_1_109' title='bbox 972 2527 1058 2588; x_wconf 92' lang='lat' dir='ltr'>dedi-</span> 
     </span>
     <span class='ocr_line' id='line_1_22' title="bbox 312 2617 1057 2696; baseline 0.003 -18"><span class='ocrx_word' id='word_1_110' title='bbox 312 2633 395 2689; x_wconf 92' lang='lat' dir='ltr'>mus,</span> <span class='ocrx_word' id='word_1_111' title='bbox 418 2625 455 2680; x_wconf 94' lang='lat' dir='ltr'>ut</span> <span class='ocrx_word' id='word_1_112' title='bbox 476 2634 512 2680; x_wconf 87' lang='lat' dir='ltr'>ea</span> <span class='ocrx_word' id='word_1_113' title='bbox 533 2617 668 2694; x_wconf 89' lang='lat' dir='ltr'>collegia</span> <span class='ocrx_word' id='word_1_114' title='bbox 688 2619 751 2680; x_wconf 92' lang='lat' dir='ltr'>rite</span> <span class='ocrx_word' id='word_1_115' title='bbox 765 2625 919 2695; x_wconf 90' lang='lat' dir='ltr'>recteque</span> <span class='ocrx_word' id='word_1_116' title='bbox 942 2619 1057 2696; x_wconf 87' lang='lat' dir='ltr'>guber-</span> 
     </span>
     <span class='ocr_line' id='line_1_23' title="bbox 311 2711 1059 2789; baseline 0.003 -17"><span class='ocrx_word' id='word_1_117' title='bbox 311 2717 484 2784; x_wconf 88' lang='lat' dir='ltr'>narentur,</span> <span class='ocrx_word' id='word_1_118' title='bbox 514 2717 547 2774; x_wconf 93' lang='lat' dir='ltr'>et</span> <span class='ocrx_word' id='word_1_119' title='bbox 578 2711 791 2789; x_wconf 84' lang='lat' dir='ltr'>expectationi</span> <span class='ocrx_word' id='word_1_120' title='bbox 822 2712 1059 2789; x_wconf 89' lang='lat' dir='ltr'>responderent</span> 
     </span>
     <span class='ocr_line' id='line_1_24' title="bbox 312 2804 1056 2882; baseline 0.004 -17"><span class='ocrx_word' id='word_1_121' title='bbox 312 2811 554 2882; x_wconf 90' lang='lat' dir='ltr'>propterquam</span> <span class='ocrx_word' id='word_1_122' title='bbox 574 2804 720 2866; x_wconf 89' lang='lat' dir='ltr'>instituta</span> <span class='ocrx_word' id='word_1_123' title='bbox 734 2804 879 2867; x_wconf 91' lang='lat' dir='ltr'>fuerunt.</span> <span class='ocrx_word' id='word_1_124' title='bbox 902 2804 1056 2868; x_wconf 86' lang='lat' dir='ltr'>Eamdem</span> 
     </span>
     <span class='ocr_line' id='line_1_25' title="bbox 311 2895 1056 2969; baseline 0.003 -11"><span class='ocrx_word' id='word_1_125' title='bbox 311 2911 420 2958; x_wconf 86' lang='lat' dir='ltr'>curam</span> <span class='ocrx_word' id='word_1_126' title='bbox 442 2896 642 2958; x_wconf 89' lang='lat' dir='ltr'>ostendimus</span> <span class='ocrx_word' id='word_1_127' title='bbox 664 2912 749 2969; x_wconf 90' lang='lat' dir='ltr'>cum,</span> <span class='ocrx_word' id='word_1_128' title='bbox 773 2897 811 2959; x_wconf 88' lang='lat' dir='ltr'>ad</span> <span class='ocrx_word' id='word_1_129' title='bbox 831 2895 867 2958; x_wconf 87' lang='lat' dir='ltr'>b.</span> <span class='ocrx_word' id='word_1_130' title='bbox 892 2897 977 2960; x_wconf 91' lang='lat' dir='ltr'>Petri</span> <span class='ocrx_word' id='word_1_131' title='bbox 1003 2897 1056 2960; x_wconf 91' lang='lat' dir='ltr'>Se-</span> 
     </span>
     <span class='ocr_line' id='line_1_26' title="bbox 311 2989 1057 3068; baseline 0.001 -16"><span class='ocrx_word' id='word_1_132' title='bbox 311 2989 384 3052; x_wconf 93' lang='lat' dir='ltr'>dem</span> <span class='ocrx_word' id='word_1_133' title='bbox 406 2989 482 3051; x_wconf 88' lang='lat' dir='ltr'>licet</span> <span class='ocrx_word' id='word_1_134' title='bbox 501 2989 712 3052; x_wconf 82' lang='lat' dir='ltr'>immerentes</span> <span class='ocrx_word' id='word_1_135' title='bbox 740 2991 854 3061; x_wconf 90' lang='lat' dir='ltr'>evecti,</span> <span class='ocrx_word' id='word_1_136' title='bbox 879 2991 1057 3068; x_wconf 78' lang='lat' dir='ltr'>opportuni</span> 
     </span>
     <span class='ocr_line' id='line_1_27' title="bbox 310 3081 1054 3158; baseline 0.001 -15"><span class='ocrx_word' id='word_1_137' title='bbox 310 3081 505 3144; x_wconf 88' lang='lat' dir='ltr'>auctoritatis</span> <span class='ocrx_word' id='word_1_138' title='bbox 527 3089 655 3144; x_wconf 90' lang='lat' dir='ltr'>nostrae</span> <span class='ocrx_word' id='word_1_139' title='bbox 676 3081 819 3144; x_wconf 91' lang='lat' dir='ltr'>remedia</span> <span class='ocrx_word' id='word_1_140' title='bbox 839 3082 1054 3158; x_wconf 85' lang='lat' dir='ltr'>adhibuimus,</span> 
     </span>
     <span class='ocr_line' id='line_1_28' title="bbox 310 3174 1056 3253; baseline 0.003 -16"><span class='ocrx_word' id='word_1_141' title='bbox 310 3176 337 3237; x_wconf 93' lang='lat' dir='ltr'>si</span> <span class='ocrx_word' id='word_1_142' title='bbox 358 3176 445 3253; x_wconf 93' lang='lat' dir='ltr'>quod</span> <span class='ocrx_word' id='word_1_143' title='bbox 467 3192 506 3238; x_wconf 81' lang='lat' dir='ltr'>ex</span> <span class='ocrx_word' id='word_1_144' title='bbox 527 3176 566 3236; x_wconf 92' lang='lat' dir='ltr'>iis</span> <span class='ocrx_word' id='word_1_145' title='bbox 588 3174 700 3238; x_wconf 85' lang='lat' dir='ltr'>debuit</span> <span class='ocrx_word' id='word_1_146' title='bbox 720 3175 759 3238; x_wconf 90' lang='lat' dir='ltr'>ad</span> <span class='ocrx_word' id='word_1_147' title='bbox 780 3174 950 3238; x_wconf 91' lang='lat' dir='ltr'>meliorem</span> <span class='ocrx_word' id='word_1_148' title='bbox 973 3177 1056 3239; x_wconf 90' lang='lat' dir='ltr'>ordi·</span> 
     </span>
     <span class='ocr_line' id='line_1_29' title="bbox 311 3267 564 3332; baseline -0.016 0"><span class='ocrx_word' id='word_1_149' title='bbox 311 3285 385 3332; x_wconf 91' lang='lat' dir='ltr'>nem</span> <span class='ocrx_word' id='word_1_150' title='bbox 407 3267 564 3331; x_wconf 90' lang='lat' dir='ltr'>revocari.</span> 
     </span>
    </p>
   </div>
   <div class='ocr_carea' id='block_1_3' title="bbox 104 3351 1058 3440">
    <p class='ocr_par' dir='ltr' id='par_1_3' title="bbox 104 3351 1058 3440">
     <span class='ocr_line' id='line_1_30' title="bbox 104 3351 1058 3440; baseline 0.009 -23"><span class='ocrx_word' id='word_1_151' title='bbox 104 3373 198 3418; x_wconf 75' lang='lat' dir='ltr'>status</span> <span class='ocrx_word' id='word_1_152' title='bbox 214 3351 292 3416; x_wconf 73' lang='lat' dir='ltr'>edire</span> <span class='ocrx_word' id='word_1_153' title='bbox 350 3364 368 3438; x_wconf 75' lang='lat'>5</span> <span class='ocrx_word' id='word_1_154' title='bbox 389 3363 418 3423; x_wconf 78' lang='lat'>2.</span> <span class='ocrx_word' id='word_1_155' title='bbox 442 3361 524 3424; x_wconf 90' lang='lat' dir='ltr'>llaec</span> <span class='ocrx_word' id='word_1_156' title='bbox 545 3377 618 3424; x_wconf 90' lang='lat' dir='ltr'>cum</span> <span class='ocrx_word' id='word_1_157' title='bbox 640 3361 682 3424; x_wconf 92' lang='lat' dir='ltr'>ita</span> <span class='ocrx_word' id='word_1_158' title='bbox 703 3362 777 3435; x_wconf 91' lang='lat' dir='ltr'>sint,</span> <span class='ocrx_word' id='word_1_159' title='bbox 795 3378 860 3424; x_wconf 92' lang='lat' dir='ltr'>non</span> <span class='ocrx_word' id='word_1_160' title='bbox 881 3369 1058 3440; x_wconf 90' lang='lat' dir='ltr'>potuerunt</span> 
     </span>
    </p>
   </div>
   <div class='ocr_carea' id='block_1_4' title="bbox 72 3425 244 3578">
    <p class='ocr_par' dir='ltr' id='par_1_4' title="bbox 72 3425 244 3578">
     <span class='ocr_line' id='line_1_31' title="bbox 72 3425 242 3477; baseline -0.006 -7"><span class='ocrx_word' id='word_1_161' title='bbox 72 3427 103 3477; x_wconf 82' lang='lat' dir='ltr'>gii</span> <span class='ocrx_word' id='word_1_162' title='bbox 127 3425 242 3471; x_wconf 88' lang='lat' dir='ltr'>missfon</span> 
     </span>
     <span class='ocr_line' id='line_1_32' title="bbox 72 3479 244 3525; baseline -0.006 -1"><span class='ocrx_word' id='word_1_163' title='bbox 72 3479 155 3524; x_wconf 79' lang='lat' dir='ltr'>Sancti</span> <span class='ocrx_word' id='word_1_164' title='bbox 178 3481 244 3525; x_wconf 84' lang='lat' dir='ltr'>Bari</span> 
     </span>
     <span class='ocr_line' id='line_1_33' title="bbox 72 3533 173 3578; baseline -0.01 -1"><span class='ocrx_word' id='word_1_165' title='bbox 72 3533 173 3578; x_wconf 84' lang='lat' dir='ltr'>lernaei.</span> 
     </span>
    </p>
   </div>
   <div class='ocr_carea' id='block_1_5' title="bbox 246 3435 1057 3532">
    <p class='ocr_par' dir='ltr' id='par_1_5' title="bbox 246 3435 1057 3532">
     <span class='ocr_line' id='line_1_34' title="bbox 246 3435 1057 3532; baseline -0.005 -9"><span class='ocrx_word' id='word_1_166' title='bbox 246 3435 292 3523; x_wconf 60' lang='lat' dir='ltr'>iffi</span> <span class='ocrx_word' id='word_1_167' title='bbox 309 3455 547 3518; x_wconf 89' lang='lat' dir='ltr'>solicitudinem</span> <span class='ocrx_word' id='word_1_168' title='bbox 570 3461 713 3517; x_wconf 90' lang='lat' dir='ltr'>nostram</span> <span class='ocrx_word' id='word_1_169' title='bbox 735 3471 800 3517; x_wconf 92' lang='lat' dir='ltr'>non</span> <span class='ocrx_word' id='word_1_170' title='bbox 822 3456 961 3518; x_wconf 80' lang='lat' dir='ltr'>excitare</span> <span class='ocrx_word' id='word_1_171' title='bbox 976 3471 1057 3532; x_wconf 89' lang='lat' dir='ltr'>quae</span> 
     </span>
    </p>
   </div>
   <div class='ocr_carea' id='block_1_6' title="bbox 304 3547 1057 6050">
    <p class='ocr_par' dir='ltr' id='par_1_6' title="bbox 304 3547 1057 6050">
     <span class='ocr_line' id='line_1_35' title="bbox 310 3547 1057 3629; baseline 0.003 -19"><span class='ocrx_word' id='word_1_172' title='bbox 310 3549 489 3629; x_wconf 84' lang='lat' dir='ltr'>accepimus</span> <span class='ocrx_word' id='word_1_173' title='bbox 511 3548 551 3612; x_wconf 93' lang='lat' dir='ltr'>de</span> <span class='ocrx_word' id='word_1_174' title='bbox 571 3547 718 3626; x_wconf 83' lang='lat' dir='ltr'>Collegio</span> <span class='ocrx_word' id='word_1_175' title='bbox 740 3549 940 3622; x_wconf 89' lang='lat' dir='ltr'>missionum,</span> <span class='ocrx_word' id='word_1_176' title='bbox 971 3550 1057 3627; x_wconf 91' lang='lat' dir='ltr'>quod</span> 
     </span>
     <span class='ocr_line' id='line_1_36' title="bbox 309 3640 1056 3706; baseline 0.004 -4"><span class='ocrx_word' id='word_1_177' title='bbox 309 3642 533 3704; x_wconf 85' lang='lat' dir='ltr'>inconvento</span> <span class='ocrx_word' id='word_1_178' title='bbox 563 3640 595 3703; x_wconf 90' lang='lat' dir='ltr'>S.</span> <span class='ocrx_word' id='word_1_179' title='bbox 624 3641 860 3704; x_wconf 87' lang='lat' dir='ltr'>Bartholomaei</span> <span class='ocrx_word' id='word_1_180' title='bbox 887 3643 920 3704; x_wconf 91' lang='lat' dir='ltr'>in</span> <span class='ocrx_word' id='word_1_181' title='bbox 952 3641 1056 3706; x_wconf 81' lang='grc'>111111</span> 
     </span>
     <span class='ocr_line' id='line_1_37' title="bbox 311 3733 1057 3798; baseline 0.003 -2"><span class='ocrx_word' id='word_1_182' title='bbox 311 3735 434 3798; x_wconf 86' lang='grc'>1111111</span> <span class='ocrx_word' id='word_1_183' title='bbox 455 3733 529 3798; x_wconf 92' lang='lat' dir='ltr'>0rd.</span> <span class='ocrx_word' id='word_1_184' title='bbox 553 3735 689 3797; x_wconf 92' lang='lat' dir='ltr'>fratrum</span> <span class='ocrx_word' id='word_1_185' title='bbox 715 3735 875 3797; x_wconf 91' lang='lat' dir='ltr'>llinorum</span> <span class='ocrx_word' id='word_1_186' title='bbox 903 3734 934 3798; x_wconf 92' lang='lat' dir='ltr'>S.</span> <span class='ocrx_word' id='word_1_187' title='bbox 962 3736 1057 3798; x_wconf 86' lang='lat' dir='ltr'>Fran-</span> 
     </span>
     <span class='ocr_line' id='line_1_38' title="bbox 311 3826 1057 3901; baseline 0 -11"><span class='ocrx_word' id='word_1_188' title='bbox 311 3827 383 3890; x_wconf 90' lang='lat' dir='ltr'>cisci</span> <span class='ocrx_word' id='word_1_189' title='bbox 406 3828 445 3890; x_wconf 92' lang='lat' dir='ltr'>de</span> <span class='ocrx_word' id='word_1_190' title='bbox 473 3826 682 3890; x_wconf 81' lang='lat' dir='ltr'>Observentid</span> <span class='ocrx_word' id='word_1_191' title='bbox 711 3844 794 3890; x_wconf 92' lang='lat' dir='ltr'>anno</span> <span class='ocrx_word' id='word_1_192' title='bbox 822 3843 957 3901; x_wconf 76' lang='grc'>11101,</span> <span class='ocrx_word' id='word_1_193' title='bbox 980 3829 1057 3892; x_wconf 88' lang='lat' dir='ltr'>inci-</span> 
     </span>
     <span class='ocr_line' id='line_1_39' title="bbox 310 3918 1057 3999; baseline 0.005 -19"><span class='ocrx_word' id='word_1_194' title='bbox 310 3920 471 3999; x_wconf 91' lang='lat' dir='ltr'>pientibus</span> <span class='ocrx_word' id='word_1_195' title='bbox 495 3918 658 3982; x_wconf 79' lang='lat' dir='ltr'>Goncmissi</span> <span class='ocrx_word' id='word_1_196' title='bbox 679 3918 780 3992; x_wconf 84' lang='lat' dir='ltr'>nobis,</span> <span class='ocrx_word' id='word_1_197' title='bbox 803 3921 1006 3984; x_wconf 87' lang='lat' dir='ltr'>confirmavit</span> <span class='ocrx_word' id='word_1_198' title='bbox 1023 3940 1057 3984; x_wconf 91' lang='lat' dir='ltr'>ac</span> 
     </span>
     <span class='ocr_line' id='line_1_40' title="bbox 309 4012 1056 4091; baseline 0.003 -17"><span class='ocrx_word' id='word_1_199' title='bbox 309 4012 481 4074; x_wconf 88' lang='lat' dir='ltr'>servandas</span> <span class='ocrx_word' id='word_1_200' title='bbox 493 4019 650 4091; x_wconf 92' lang='lat' dir='ltr'>perpetuo</span> <span class='ocrx_word' id='word_1_201' title='bbox 661 4013 764 4075; x_wconf 88' lang='lat' dir='ltr'>iussit.</span> <span class='ocrx_word' id='word_1_202' title='bbox 778 4012 849 4076; x_wconf 90' lang='lat' dir='ltr'>Non</span> <span class='ocrx_word' id='word_1_203' title='bbox 861 4013 957 4076; x_wconf 92' lang='lat' dir='ltr'>modo</span> <span class='ocrx_word' id='word_1_204' title='bbox 970 4015 1056 4076; x_wconf 93' lang='lat' dir='ltr'>enim</span> 
     </span>
     <span class='ocr_line' id='line_1_41' title="bbox 309 4099 1056 4187; baseline 0.001 -16"><span class='ocrx_word' id='word_1_205' title='bbox 309 4109 399 4185; x_wconf 88' lang='lat' dir='ltr'>leges</span> <span class='ocrx_word' id='word_1_206' title='bbox 421 4109 499 4170; x_wconf 91' lang='lat' dir='ltr'>adeo</span> <span class='ocrx_word' id='word_1_207' title='bbox 514 4108 675 4187; x_wconf 90' lang='lat' dir='ltr'>sapientes</span> <span class='ocrx_word' id='word_1_208' title='bbox 697 4108 734 4170; x_wconf 87' lang='lat' dir='ltr'>ad</span> <span class='ocrx_word' id='word_1_209' title='bbox 748 4107 835 4170; x_wconf 94' lang='lat' dir='ltr'>illius</span> <span class='ocrx_word' id='word_1_210' title='bbox 850 4108 987 4187; x_wconf 84' lang='lat' dir='ltr'>Collegii</span> <span class='ocrx_word' id='word_1_211' title='bbox 1002 4099 1056 4172; x_wconf 93' lang='lat' dir='ltr'>bo·</span> 
     </span>
     <span class='ocr_line' id='line_1_42' title="bbox 309 4201 1057 4278; baseline 0.003 -14"><span class='ocrx_word' id='word_1_212' title='bbox 309 4218 388 4264; x_wconf 92' lang='lat' dir='ltr'>num</span> <span class='ocrx_word' id='word_1_213' title='bbox 410 4201 491 4264; x_wconf 87' lang='lat' dir='ltr'>latae</span> <span class='ocrx_word' id='word_1_214' title='bbox 513 4217 578 4263; x_wconf 93' lang='lat' dir='ltr'>non</span> <span class='ocrx_word' id='word_1_215' title='bbox 600 4201 774 4278; x_wconf 88' lang='lat' dir='ltr'>diligenter</span> <span class='ocrx_word' id='word_1_216' title='bbox 794 4208 976 4274; x_wconf 91' lang='lat' dir='ltr'>servantur,</span> <span class='ocrx_word' id='word_1_217' title='bbox 1000 4204 1057 4266; x_wconf 92' lang='lat' dir='ltr'>sed</span> 
     </span>
     <span class='ocr_line' id='line_1_43' title="bbox 309 4293 1057 4375; baseline 0.001 -18"><span class='ocrx_word' id='word_1_218' title='bbox 309 4295 430 4375; x_wconf 89' lang='lat' dir='ltr'>pluries</span> <span class='ocrx_word' id='word_1_219' title='bbox 451 4294 626 4371; x_wconf 88' lang='lat' dir='ltr'>contigisse</span> <span class='ocrx_word' id='word_1_220' title='bbox 646 4293 784 4356; x_wconf 89' lang='lat' dir='ltr'>relatum</span> <span class='ocrx_word' id='word_1_221' title='bbox 800 4301 860 4367; x_wconf 91' lang='lat' dir='ltr'>est,</span> <span class='ocrx_word' id='word_1_222' title='bbox 875 4300 913 4356; x_wconf 94' lang='lat' dir='ltr'>ut</span> <span class='ocrx_word' id='word_1_223' title='bbox 931 4295 1057 4358; x_wconf 91' lang='lat' dir='ltr'>dissidia</span> 
     </span>
     <span class='ocr_line' id='line_1_44' title="bbox 309 4387 1054 4464; baseline 0 -13"><span class='ocrx_word' id='word_1_224' title='bbox 309 4389 342 4451; x_wconf 91' lang='lat' dir='ltr'>in</span> <span class='ocrx_word' id='word_1_225' title='bbox 354 4389 390 4451; x_wconf 86' lang='grc'>11</span> <span class='ocrx_word' id='word_1_226' title='bbox 402 4389 498 4450; x_wconf 91' lang='lat' dir='ltr'>domo</span> <span class='ocrx_word' id='word_1_227' title='bbox 510 4393 808 4460; x_wconf 90' lang='lat' dir='ltr'>commoverentur,</span> <span class='ocrx_word' id='word_1_228' title='bbox 821 4387 966 4464; x_wconf 91' lang='lat' dir='ltr'>religiosi</span> <span class='ocrx_word' id='word_1_229' title='bbox 980 4389 1054 4463; x_wconf 92' lang='lat' dir='ltr'>viri,</span> 
     </span>
     <span class='ocr_line' id='line_1_45' title="bbox 309 4479 1057 4561; baseline 0.001 -17"><span class='ocrx_word' id='word_1_230' title='bbox 309 4482 365 4559; x_wconf 92' lang='lat' dir='ltr'>qui</span> <span class='ocrx_word' id='word_1_231' title='bbox 386 4482 423 4544; x_wconf 88' lang='lat' dir='ltr'>ad</span> <span class='ocrx_word' id='word_1_232' title='bbox 445 4481 615 4543; x_wconf 91' lang='lat' dir='ltr'>missiones</span> <span class='ocrx_word' id='word_1_233' title='bbox 630 4480 674 4543; x_wconf 92' lang='lat' dir='ltr'>ibi</span> <span class='ocrx_word' id='word_1_234' title='bbox 689 4479 916 4554; x_wconf 75' lang='lat' dir='ltr'>informantur,</span> <span class='ocrx_word' id='word_1_235' title='bbox 937 4482 990 4543; x_wconf 89' lang='lat' dir='ltr'>vel</span> <span class='ocrx_word' id='word_1_236' title='bbox 1006 4499 1057 4561; x_wconf 90' lang='lat' dir='ltr'>pa·</span> 
     </span>
     <span class='ocr_line' id='line_1_46' title="bbox 309 4573 1056 4652; baseline 0.004 -16"><span class='ocrx_word' id='word_1_237' title='bbox 309 4591 383 4636; x_wconf 93' lang='lat' dir='ltr'>rum</span> <span class='ocrx_word' id='word_1_238' title='bbox 405 4573 518 4637; x_wconf 92' lang='lat' dir='ltr'>studiis</span> <span class='ocrx_word' id='word_1_239' title='bbox 531 4574 641 4646; x_wconf 91' lang='lat' dir='ltr'>dediti,</span> <span class='ocrx_word' id='word_1_240' title='bbox 658 4574 711 4636; x_wconf 95' lang='lat' dir='ltr'>vel</span> <span class='ocrx_word' id='word_1_241' title='bbox 733 4588 832 4652; x_wconf 88' lang='lat' dir='ltr'>parvo</span> <span class='ocrx_word' id='word_1_242' title='bbox 854 4589 992 4638; x_wconf 93' lang='lat' dir='ltr'>numero</span> <span class='ocrx_word' id='word_1_243' title='bbox 1007 4591 1056 4639; x_wconf 91' lang='lat' dir='ltr'>re-</span> 
     </span>
     <span class='ocr_line' id='line_1_47' title="bbox 309 4667 1056 4746; baseline 0.004 -17"><span class='ocrx_word' id='word_1_244' title='bbox 309 4669 486 4746; x_wconf 89' lang='lat' dir='ltr'>periantur,</span> <span class='ocrx_word' id='word_1_245' title='bbox 509 4668 563 4729; x_wconf 92' lang='lat' dir='ltr'>vel</span> <span class='ocrx_word' id='word_1_246' title='bbox 584 4668 622 4728; x_wconf 93' lang='lat' dir='ltr'>iis</span> <span class='ocrx_word' id='word_1_247' title='bbox 644 4667 803 4730; x_wconf 92' lang='lat' dir='ltr'>virtutum</span> <span class='ocrx_word' id='word_1_248' title='bbox 826 4668 982 4746; x_wconf 82' lang='lat' dir='ltr'>exemplis</span> <span class='ocrx_word' id='word_1_249' title='bbox 1003 4671 1056 4732; x_wconf 90' lang='lat' dir='ltr'>de-</span> 
     </span>
     <span class='ocr_line' id='line_1_48' title="bbox 307 4759 1056 4839; baseline 0.005 -17"><span class='ocrx_word' id='word_1_250' title='bbox 307 4761 491 4834; x_wconf 89' lang='lat' dir='ltr'>stituantur,</span> <span class='ocrx_word' id='word_1_251' title='bbox 515 4775 596 4838; x_wconf 93' lang='lat' dir='ltr'>quae</span> <span class='ocrx_word' id='word_1_252' title='bbox 617 4761 651 4822; x_wconf 93' lang='lat' dir='ltr'>in</span> <span class='ocrx_word' id='word_1_253' title='bbox 673 4759 785 4839; x_wconf 89' lang='lat' dir='ltr'>primis</span> <span class='ocrx_word' id='word_1_254' title='bbox 806 4760 896 4822; x_wconf 91' lang='lat' dir='ltr'>utilia</span> <span class='ocrx_word' id='word_1_255' title='bbox 917 4769 1003 4835; x_wconf 87' lang='lat' dir='ltr'>sunt,</span> <span class='ocrx_word' id='word_1_256' title='bbox 1021 4772 1056 4826; x_wconf 92' lang='lat' dir='ltr'>ut</span> 
     </span>
     <span class='ocr_line' id='line_1_49' title="bbox 307 4853 1056 4932; baseline 0.004 -16"><span class='ocrx_word' id='word_1_257' title='bbox 307 4853 560 4918; x_wconf 88' lang='lat' dir='ltr'>adolescentium</span> <span class='ocrx_word' id='word_1_258' title='bbox 591 4854 780 4932; x_wconf 91' lang='lat' dir='ltr'>praesertim</span> <span class='ocrx_word' id='word_1_259' title='bbox 802 4855 886 4915; x_wconf 90' lang='lat' dir='ltr'>vitae</span> <span class='ocrx_word' id='word_1_260' title='bbox 916 4855 996 4918; x_wconf 91' lang='lat' dir='ltr'>ratio</span> <span class='ocrx_word' id='word_1_261' title='bbox 1018 4858 1056 4920; x_wconf 92' lang='lat' dir='ltr'>ad</span> 
     </span>
     <span class='ocr_line' id='line_1_50' title="bbox 307 4947 1055 5025; baseline 0.004 -16"><span class='ocrx_word' id='word_1_262' title='bbox 307 4947 444 5010; x_wconf 90' lang='lat' dir='ltr'>arduum</span> <span class='ocrx_word' id='word_1_263' title='bbox 460 4947 653 5009; x_wconf 90' lang='lat' dir='ltr'>missionarii</span> <span class='ocrx_word' id='word_1_264' title='bbox 665 4962 784 5009; x_wconf 91' lang='lat' dir='ltr'>munus</span> <span class='ocrx_word' id='word_1_265' title='bbox 797 4948 977 5025; x_wconf 90' lang='lat' dir='ltr'>gerendum</span> <span class='ocrx_word' id='word_1_266' title='bbox 989 4950 1055 5012; x_wconf 92' lang='lat' dir='ltr'>ido-</span> 
     </span>
     <span class='ocr_line' id='line_1_51' title="bbox 307 5039 1054 5114; baseline 0.005 -13"><span class='ocrx_word' id='word_1_267' title='bbox 307 5056 367 5101; x_wconf 91' lang='lat' dir='ltr'>nea</span> <span class='ocrx_word' id='word_1_268' title='bbox 389 5040 511 5102; x_wconf 85' lang='lat' dir='ltr'>evadat.</span> <span class='ocrx_word' id='word_1_269' title='bbox 534 5039 749 5114; x_wconf 86' lang='lat' dir='ltr'>Quamobrem</span> <span class='ocrx_word' id='word_1_270' title='bbox 770 5041 917 5104; x_wconf 89' lang='lat' dir='ltr'>volentes</span> <span class='ocrx_word' id='word_1_271' title='bbox 939 5041 988 5103; x_wconf 92' lang='lat' dir='ltr'>bis</span> <span class='ocrx_word' id='word_1_272' title='bbox 1008 5043 1054 5105; x_wconf 93' lang='lat' dir='ltr'>in-</span> 
     </span>
     <span class='ocr_line' id='line_1_52' title="bbox 307 5133 1055 5212; baseline 0.007 -18"><span class='ocrx_word' id='word_1_273' title='bbox 307 5133 484 5195; x_wconf 90' lang='lat' dir='ltr'>commodis</span> <span class='ocrx_word' id='word_1_274' title='bbox 507 5149 690 5206; x_wconf 88' lang='lat' dir='ltr'>oecurrere,</span> <span class='ocrx_word' id='word_1_275' title='bbox 715 5141 748 5196; x_wconf 91' lang='grc'>11</span> <span class='ocrx_word' id='word_1_276' title='bbox 768 5134 805 5197; x_wconf 92' lang='lat' dir='ltr'>ad</span> <span class='ocrx_word' id='word_1_277' title='bbox 825 5134 983 5212; x_wconf 92' lang='lat' dir='ltr'>optimum</span> <span class='ocrx_word' id='word_1_278' title='bbox 1005 5152 1055 5200; x_wconf 92' lang='grc'>11-</span> 
     </span>
     <span class='ocr_line' id='line_1_53' title="bbox 307 5225 1054 5308; baseline 0.009 -22"><span class='ocrx_word' id='word_1_279' title='bbox 307 5227 418 5303; x_wconf 92' lang='lat' dir='ltr'>gimen</span> <span class='ocrx_word' id='word_1_280' title='bbox 438 5227 518 5289; x_wconf 93' lang='lat' dir='ltr'>illud</span> <span class='ocrx_word' id='word_1_281' title='bbox 540 5225 723 5304; x_wconf 83' lang='lat' dir='ltr'>Collegium</span> <span class='ocrx_word' id='word_1_282' title='bbox 739 5227 928 5305; x_wconf 91' lang='lat' dir='ltr'>perducere,</span> <span class='ocrx_word' id='word_1_283' title='bbox 942 5230 975 5291; x_wconf 92' lang='lat' dir='ltr'>in</span> <span class='ocrx_word' id='word_1_284' title='bbox 990 5245 1054 5308; x_wconf 93' lang='lat' dir='ltr'>quo</span> 
     </span>
     <span class='ocr_line' id='line_1_54' title="bbox 305 5320 1054 5400; baseline 0.005 -18"><span class='ocrx_word' id='word_1_285' title='bbox 305 5321 495 5383; x_wconf 90' lang='lat' dir='ltr'>instituendi</span> <span class='ocrx_word' id='word_1_286' title='bbox 516 5320 660 5398; x_wconf 89' lang='lat' dir='ltr'>religiosi</span> <span class='ocrx_word' id='word_1_287' title='bbox 681 5321 755 5393; x_wconf 89' lang='lat' dir='ltr'>viri,</span> <span class='ocrx_word' id='word_1_288' title='bbox 779 5321 834 5399; x_wconf 93' lang='lat' dir='ltr'>qui</span> <span class='ocrx_word' id='word_1_289' title='bbox 856 5329 983 5400; x_wconf 91' lang='lat' dir='ltr'>praeter</span> <span class='ocrx_word' id='word_1_290' title='bbox 1005 5341 1054 5386; x_wconf 91' lang='lat' dir='ltr'>ce-</span> 
     </span>
     <span class='ocr_line' id='line_1_55' title="bbox 306 5411 1054 5479; baseline 0.007 -5"><span class='ocrx_word' id='word_1_291' title='bbox 306 5418 389 5474; x_wconf 87' lang='lat' dir='ltr'>teras</span> <span class='ocrx_word' id='word_1_292' title='bbox 418 5413 588 5475; x_wconf 87' lang='lat' dir='ltr'>missiones</span> <span class='ocrx_word' id='word_1_293' title='bbox 611 5414 640 5474; x_wconf 90' lang='lat' dir='ltr'>ei</span> <span class='ocrx_word' id='word_1_294' title='bbox 667 5411 776 5476; x_wconf 90' lang='lat' dir='ltr'>Ordini</span> <span class='ocrx_word' id='word_1_295' title='bbox 803 5413 988 5476; x_wconf 89' lang='lat' dir='ltr'>commissas</span> <span class='ocrx_word' id='word_1_296' title='bbox 1016 5417 1054 5479; x_wconf 88' lang='lat' dir='ltr'>ad</span> 
     </span>
     <span class='ocr_line' id='line_1_56' title="bbox 304 5505 1053 5570; baseline 0.004 -4"><span class='ocrx_word' id='word_1_297' title='bbox 304 5521 430 5567; x_wconf 89' lang='lat' dir='ltr'>sacrum</span> <span class='ocrx_word' id='word_1_298' title='bbox 462 5505 682 5567; x_wconf 88' lang='lat' dir='ltr'>ministerium</span> <span class='ocrx_word' id='word_1_299' title='bbox 710 5507 929 5568; x_wconf 84' lang='lat' dir='ltr'>exercendum</span> <span class='ocrx_word' id='word_1_300' title='bbox 959 5508 1053 5570; x_wconf 89' lang='lat' dir='ltr'>desti-</span> 
     </span>
     <span class='ocr_line' id='line_1_57' title="bbox 305 5598 1053 5678; baseline 0.004 -18"><span class='ocrx_word' id='word_1_301' title='bbox 305 5605 423 5660; x_wconf 89' lang='lat' dir='ltr'>nantur</span> <span class='ocrx_word' id='word_1_302' title='bbox 444 5598 477 5660; x_wconf 93' lang='lat' dir='ltr'>in</span> <span class='ocrx_word' id='word_1_303' title='bbox 498 5598 593 5660; x_wconf 85' lang='lat' dir='ltr'>ssriais</span> <span class='ocrx_word' id='word_1_304' title='bbox 612 5598 788 5660; x_wconf 88' lang='lat' dir='ltr'>Palestinae</span> <span class='ocrx_word' id='word_1_305' title='bbox 810 5598 898 5672; x_wconf 92' lang='lat' dir='ltr'>locis,</span> <span class='ocrx_word' id='word_1_306' title='bbox 915 5598 1053 5678; x_wconf 84' lang='lat' dir='ltr'>Religio-</span> 
     </span>
     <span class='ocr_line' id='line_1_58' title="bbox 304 5691 1053 5770; baseline 0.004 -17"><span class='ocrx_word' id='word_1_307' title='bbox 304 5691 354 5753; x_wconf 91' lang='lat' dir='ltr'>nis</span> <span class='ocrx_word' id='word_1_308' title='bbox 376 5699 505 5754; x_wconf 90' lang='lat' dir='ltr'>nostrae</span> <span class='ocrx_word' id='word_1_309' title='bbox 520 5691 683 5770; x_wconf 86' lang='lat' dir='ltr'>mysteriis</span> <span class='ocrx_word' id='word_1_310' title='bbox 699 5697 730 5754; x_wconf 94' lang='lat' dir='ltr'>et</span> <span class='ocrx_word' id='word_1_311' title='bbox 751 5691 851 5770; x_wconf 91' lang='lat' dir='ltr'>ipsius</span> <span class='ocrx_word' id='word_1_312' title='bbox 873 5692 909 5752; x_wconf 90' lang='lat' dir='ltr'>D.</span> <span class='ocrx_word' id='word_1_313' title='bbox 926 5692 963 5754; x_wconf 93' lang='lat' dir='ltr'>N.</span> <span class='ocrx_word' id='word_1_314' title='bbox 981 5693 1053 5757; x_wconf 92' lang='lat' dir='ltr'>lesu</span> 
     </span>
     <span class='ocr_line' id='line_1_59' title="bbox 304 5783 1048 5864; baseline 0.004 -20"><span class='ocrx_word' id='word_1_315' title='bbox 304 5783 425 5846; x_wconf 87' lang='lat' dir='ltr'>Christi</span> <span class='ocrx_word' id='word_1_316' title='bbox 452 5785 609 5862; x_wconf 81' lang='lat' dir='ltr'>exemplis</span> <span class='ocrx_word' id='word_1_317' title='bbox 638 5802 672 5848; x_wconf 91' lang='grc'>11</span> <span class='ocrx_word' id='word_1_318' title='bbox 694 5785 840 5864; x_wconf 87' lang='lat' dir='ltr'>passione</span> <span class='ocrx_word' id='word_1_319' title='bbox 863 5784 1048 5860; x_wconf 89' lang='lat' dir='ltr'>nobilitatis,</span> 
     </span>
     <span class='ocr_line' id='line_1_60' title="bbox 304 5877 1052 5955; baseline 0.007 -19"><span class='ocrx_word' id='word_1_320' title='bbox 304 5877 474 5940; x_wconf 87' lang='lat' dir='ltr'>statuimus</span> <span class='ocrx_word' id='word_1_321' title='bbox 490 5877 662 5955; x_wconf 88' lang='lat' dir='ltr'>egregium</span> <span class='ocrx_word' id='word_1_322' title='bbox 677 5877 818 5955; x_wconf 90' lang='lat' dir='ltr'>aliquem</span> <span class='ocrx_word' id='word_1_323' title='bbox 833 5877 941 5940; x_wconf 91' lang='lat' dir='ltr'>virum</span> <span class='ocrx_word' id='word_1_324' title='bbox 957 5885 989 5940; x_wconf 89' lang='grc'>11</span> <span class='ocrx_word' id='word_1_325' title='bbox 1002 5894 1052 5941; x_wconf 89' lang='grc'>11-</span> 
     </span>
     <span class='ocr_line' id='line_1_61' title="bbox 304 5969 1051 6050; baseline 0.005 -19"><span class='ocrx_word' id='word_1_326' title='bbox 304 5983 379 6031; x_wconf 93' lang='lat' dir='ltr'>rum</span> <span class='ocrx_word' id='word_1_327' title='bbox 407 5970 445 6032; x_wconf 89' lang='lat' dir='ltr'>ad</span> <span class='ocrx_word' id='word_1_328' title='bbox 472 5969 642 6033; x_wconf 89' lang='lat' dir='ltr'>missiones</span> <span class='ocrx_word' id='word_1_329' title='bbox 669 5971 882 6050; x_wconf 90' lang='lat' dir='ltr'>spectantium</span> <span class='ocrx_word' id='word_1_330' title='bbox 911 5970 1051 6050; x_wconf 91' lang='lat' dir='ltr'>peritum</span> 
     </span>
    </p>
   </div>
   <div class='ocr_carea' id='block_1_7' title="bbox 411 6114 1006 6176">
    <p class='ocr_par' dir='ltr' id='par_1_7' title="bbox 411 6114 1006 6176">
     <span class='ocr_line' id='line_1_62' title="bbox 411 6114 1006 6176; baseline 0.003 -16"><span class='ocrx_word' id='word_1_331' title='bbox 411 6115 463 6165; x_wconf 81' lang='lat' dir='ltr'>ltfr.</span> <span class='ocrx_word' id='word_1_332' title='bbox 482 6115 551 6164; x_wconf 78' lang='grc'>1011.</span> <span class='ocrx_word' id='word_1_333' title='bbox 566 6115 597 6162; x_wconf 85' lang='lat' dir='ltr'>de</span> <span class='ocrx_word' id='word_1_334' title='bbox 611 6116 686 6176; x_wconf 87' lang='lat' dir='ltr'>Prcp.</span> <span class='ocrx_word' id='word_1_335' title='bbox 702 6114 765 6162; x_wconf 78' lang='lat' dir='ltr'>Pide</span> <span class='ocrx_word' id='word_1_336' title='bbox 779 6116 861 6164; x_wconf 79' lang='lat' dir='ltr'>Pariis</span> <span class='ocrx_word' id='word_1_337' title='bbox 876 6117 894 6164; x_wconf 90' lang='lat'>1.</span> <span class='ocrx_word' id='word_1_338' title='bbox 910 6118 963 6164; x_wconf 90' lang='lat' dir='ltr'>vol.</span> <span class='ocrx_word' id='word_1_339' title='bbox 979 6120 1006 6166; x_wconf 90' lang='lat' dir='ltr'>v.</span> 
     </span>
    </p>
   </div>
   <div class='ocr_carea' id='block_1_8' title="bbox 1788 607 2086 674">
    <p class='ocr_par' dir='ltr' id='par_1_8' title="bbox 1788 607 2086 674">
     <span class='ocr_line' id='line_1_63' title="bbox 1788 607 2086 674; baseline -0.017 -11"><span class='ocrx_word' id='word_1_340' title='bbox 1788 609 1844 674; x_wconf 79' lang='lat'>153</span> <span class='ocrx_word' id='word_1_341' title='bbox 1895 607 1994 662; x_wconf 71' lang='lat' dir='ltr'>Aac.</span> <span class='ocrx_word' id='word_1_342' title='bbox 2016 607 2086 660; x_wconf 87' lang='grc'>1111</span> 
     </span>
    </p>
   </div>
   <div class='ocr_carea' id='block_1_9' title="bbox 1116 743 1862 918">
    <p class='ocr_par' dir='ltr' id='par_1_9' title="bbox 1116 743 1862 918">
     <span class='ocr_line' id='line_1_64' title="bbox 1117 743 1861 832; baseline -0.015 -16"><span class='ocrx_word' id='word_1_343' title='bbox 1117 753 1296 832; x_wconf 88' lang='lat' dir='ltr'>designare,</span> <span class='ocrx_word' id='word_1_344' title='bbox 1320 751 1371 814; x_wconf 91' lang='lat' dir='ltr'>cui</span> <span class='ocrx_word' id='word_1_345' title='bbox 1396 748 1619 813; x_wconf 70' lang='lat' dir='ltr'>visitationem</span> <span class='ocrx_word' id='word_1_346' title='bbox 1647 743 1861 826; x_wconf 77' lang='lat' dir='ltr'>Apostolicam</span> 
     </span>
     <span class='ocr_line' id='line_1_65' title="bbox 1116 838 1862 918; baseline -0.011 -12"><span class='ocrx_word' id='word_1_347' title='bbox 1116 848 1150 908; x_wconf 93' lang='lat' dir='ltr'>in</span> <span class='ocrx_word' id='word_1_348' title='bbox 1177 862 1216 908; x_wconf 93' lang='grc'>10</span> <span class='ocrx_word' id='word_1_349' title='bbox 1244 845 1414 908; x_wconf 85' lang='lat' dir='ltr'>Conventu</span> <span class='ocrx_word' id='word_1_350' title='bbox 1446 847 1479 904; x_wconf 92' lang='lat' dir='ltr'>et</span> <span class='ocrx_word' id='word_1_351' title='bbox 1509 840 1655 918; x_wconf 88' lang='lat' dir='ltr'>Collegio</span> <span class='ocrx_word' id='word_1_352' title='bbox 1687 838 1862 902; x_wconf 85' lang='lat' dir='ltr'>faciendam</span> 
     </span>
    </p>
   </div>
   <div class='ocr_carea' id='block_1_10' title="bbox 1117 939 1405 1002">
    <p class='ocr_par' dir='ltr' id='par_1_10' title="bbox 1117 939 1405 1002">
     <span class='ocr_line' id='line_1_66' title="bbox 1117 939 1405 1002; baseline -0.01 0"><span class='ocrx_word' id='word_1_353' title='bbox 1117 939 1405 1002; x_wconf 90' lang='lat' dir='ltr'>committeremus.</span> 
     </span>
    </p>
   </div>
   <div class='ocr_carea' id='block_1_11' title="bbox 1156 1027 2094 1130">
    <p class='ocr_par' dir='ltr' id='par_1_11' title="bbox 1156 1027 2094 1130">
     <span class='ocr_line' id='line_1_67' title="bbox 1156 1027 2094 1130; baseline -0.016 -35"><span class='ocrx_word' id='word_1_354' title='bbox 1156 1035 1174 1108; x_wconf 73' lang='grc'>5</span> <span class='ocrx_word' id='word_1_355' title='bbox 1195 1032 1224 1094; x_wconf 90' lang='grc'>3.</span> <span class='ocrx_word' id='word_1_356' title='bbox 1249 1031 1296 1093; x_wconf 83' lang='lat' dir='ltr'>Ad</span> <span class='ocrx_word' id='word_1_357' title='bbox 1319 1037 1349 1092; x_wconf 90' lang='grc'>11</span> <span class='ocrx_word' id='word_1_358' title='bbox 1370 1031 1480 1107; x_wconf 91' lang='lat' dir='ltr'>igitur,</span> <span class='ocrx_word' id='word_1_359' title='bbox 1497 1043 1595 1092; x_wconf 91' lang='lat' dir='ltr'>venn.</span> <span class='ocrx_word' id='word_1_360' title='bbox 1619 1027 1718 1090; x_wconf 92' lang='lat' dir='ltr'>frater</span> <span class='ocrx_word' id='word_1_361' title='bbox 1740 1031 1860 1098; x_wconf 88' lang='lat' dir='ltr'>noster,</span> <span class='ocrx_word' id='word_1_362' title='bbox 1882 1031 2094 1130; x_wconf 34' lang='lat' dir='ltr'>iuxgstffioggffi</span> 
     </span>
    </p>
   </div>
   <div class='ocr_carea' id='block_1_12' title="bbox 1108 1121 2092 5955">
    <p class='ocr_par' dir='ltr' id='par_1_12' title="bbox 1113 1121 2025 3147">
     <span class='ocr_line' id='line_1_68' title="bbox 1117 1121 2025 1204; baseline -0.01 -13"><span class='ocrx_word' id='word_1_363' title='bbox 1117 1127 1225 1190; x_wconf 91' lang='lat' dir='ltr'>oculos</span> <span class='ocrx_word' id='word_1_364' title='bbox 1247 1127 1541 1204; x_wconf 88' lang='lat' dir='ltr'>cogitationemque</span> <span class='ocrx_word' id='word_1_365' title='bbox 1562 1121 1793 1193; x_wconf 86' lang='lat' dir='ltr'>convertimus,</span> <span class='ocrx_word' id='word_1_366' title='bbox 1817 1127 1863 1182; x_wconf 91' lang='lat' dir='ltr'>te·</span> <span class='ocrx_word' id='word_1_367' title='bbox 1882 1138 2025 1185; x_wconf 72' lang='lat' dir='ltr'>constituat.</span> 
     </span>
     <span class='ocr_line' id='line_1_69' title="bbox 1117 1217 1862 1300; baseline -0.011 -16"><span class='ocrx_word' id='word_1_368' title='bbox 1117 1237 1180 1298; x_wconf 91' lang='lat' dir='ltr'>que</span> <span class='ocrx_word' id='word_1_369' title='bbox 1201 1221 1401 1300; x_wconf 88' lang='lat' dir='ltr'>aptissimum</span> <span class='ocrx_word' id='word_1_370' title='bbox 1423 1233 1493 1282; x_wconf 90' lang='lat' dir='ltr'>esse</span> <span class='ocrx_word' id='word_1_371' title='bbox 1515 1217 1740 1287; x_wconf 91' lang='lat' dir='ltr'>iudicavimus,</span> <span class='ocrx_word' id='word_1_372' title='bbox 1764 1229 1862 1292; x_wconf 88' lang='lat' dir='ltr'>quem</span> 
     </span>
     <span class='ocr_line' id='line_1_70' title="bbox 1117 1309 1862 1387; baseline -0.011 -11"><span class='ocrx_word' id='word_1_373' title='bbox 1117 1315 1155 1376; x_wconf 87' lang='lat' dir='ltr'>ad</span> <span class='ocrx_word' id='word_1_374' title='bbox 1169 1314 1391 1376; x_wconf 75' lang='lat' dir='ltr'>visitationem</span> <span class='ocrx_word' id='word_1_375' title='bbox 1407 1311 1494 1374; x_wconf 90' lang='lat' dir='ltr'>illam</span> <span class='ocrx_word' id='word_1_376' title='bbox 1509 1309 1632 1373; x_wconf 90' lang='lat' dir='ltr'>utiliter</span> <span class='ocrx_word' id='word_1_377' title='bbox 1646 1309 1862 1387; x_wconf 88' lang='lat' dir='ltr'>peragendam</span> 
     </span>
     <span class='ocr_line' id='line_1_71' title="bbox 1117 1403 1863 1486; baseline -0.011 -16"><span class='ocrx_word' id='word_1_378' title='bbox 1117 1408 1325 1486; x_wconf 89' lang='lat' dir='ltr'>eligeremus.</span> <span class='ocrx_word' id='word_1_379' title='bbox 1342 1405 1497 1468; x_wconf 82' lang='grc'>11111111</span> <span class='ocrx_word' id='word_1_380' title='bbox 1513 1403 1600 1466; x_wconf 93' lang='lat' dir='ltr'>enim</span> <span class='ocrx_word' id='word_1_381' title='bbox 1615 1417 1748 1482; x_wconf 90' lang='lat' dir='ltr'>prorsus</span> <span class='ocrx_word' id='word_1_382' title='bbox 1764 1417 1797 1463; x_wconf 91' lang='grc'>11</span> <span class='ocrx_word' id='word_1_383' title='bbox 1813 1417 1863 1463; x_wconf 89' lang='grc'>11-</span> 
     </span>
     <span class='ocr_line' id='line_1_72' title="bbox 1117 1494 1862 1578; baseline -0.011 -14"><span class='ocrx_word' id='word_1_384' title='bbox 1117 1502 1176 1564; x_wconf 92' lang='grc'>111</span> <span class='ocrx_word' id='word_1_385' title='bbox 1191 1501 1380 1564; x_wconf 90' lang='lat' dir='ltr'>missionum</span> <span class='ocrx_word' id='word_1_386' title='bbox 1396 1497 1637 1578; x_wconf 84' lang='lat' dir='ltr'>pertractandis,</span> <span class='ocrx_word' id='word_1_387' title='bbox 1653 1511 1727 1558; x_wconf 93' lang='lat' dir='ltr'>cum</span> <span class='ocrx_word' id='word_1_388' title='bbox 1742 1494 1862 1557; x_wconf 92' lang='lat' dir='ltr'>multos</span> 
     </span>
     <span class='ocr_line' id='line_1_73' title="bbox 1116 1588 1863 1671; baseline -0.009 -14"><span class='ocrx_word' id='word_1_389' title='bbox 1116 1611 1216 1658; x_wconf 89' lang='lat' dir='ltr'>annos</span> <span class='ocrx_word' id='word_1_390' title='bbox 1228 1593 1398 1656; x_wconf 88' lang='lat' dir='ltr'>Secretarii</span> <span class='ocrx_word' id='word_1_391' title='bbox 1409 1592 1562 1671; x_wconf 88' lang='lat' dir='ltr'>primum,</span> <span class='ocrx_word' id='word_1_392' title='bbox 1576 1590 1692 1653; x_wconf 92' lang='lat' dir='ltr'>deinde</span> <span class='ocrx_word' id='word_1_393' title='bbox 1707 1588 1863 1652; x_wconf 84' lang='lat' dir='ltr'>Praefecti</span> 
     </span>
     <span class='ocr_line' id='line_1_74' title="bbox 1115 1682 1862 1765; baseline -0.009 -15"><span class='ocrx_word' id='word_1_394' title='bbox 1115 1686 1382 1765; x_wconf 82' lang='lat' dir='ltr'>Congregationis</span> <span class='ocrx_word' id='word_1_395' title='bbox 1405 1686 1444 1748; x_wconf 90' lang='lat' dir='ltr'>de</span> <span class='ocrx_word' id='word_1_396' title='bbox 1465 1683 1670 1763; x_wconf 77' lang='lat' dir='ltr'>Propagandi</span> <span class='ocrx_word' id='word_1_397' title='bbox 1694 1682 1862 1746; x_wconf 75' lang='grc'>1111111111-</span> 
     </span>
     <span class='ocr_line' id='line_1_75' title="bbox 1117 1777 1860 1858; baseline -0.007 -15"><span class='ocrx_word' id='word_1_398' title='bbox 1117 1798 1176 1843; x_wconf 89' lang='lat' dir='ltr'>uus</span> <span class='ocrx_word' id='word_1_399' title='bbox 1196 1777 1442 1858; x_wconf 91' lang='lat' dir='ltr'>diligentissime</span> <span class='ocrx_word' id='word_1_400' title='bbox 1461 1777 1616 1856; x_wconf 81' lang='lat' dir='ltr'>gesseris3</span> <span class='ocrx_word' id='word_1_401' title='bbox 1633 1783 1665 1838; x_wconf 92' lang='lat' dir='ltr'>te</span> <span class='ocrx_word' id='word_1_402' title='bbox 1680 1792 1770 1853; x_wconf 89' lang='lat' dir='ltr'>ergo,</span> <span class='ocrx_word' id='word_1_403' title='bbox 1784 1791 1860 1838; x_wconf 94' lang='lat' dir='ltr'>ven.</span> 
     </span>
     <span class='ocr_line' id='line_1_76' title="bbox 1117 1869 1862 1946; baseline -0.008 -11"><span class='ocrx_word' id='word_1_404' title='bbox 1117 1874 1215 1936; x_wconf 89' lang='lat' dir='ltr'>frater</span> <span class='ocrx_word' id='word_1_405' title='bbox 1237 1878 1358 1944; x_wconf 90' lang='lat' dir='ltr'>noster,</span> <span class='ocrx_word' id='word_1_406' title='bbox 1382 1871 1568 1934; x_wconf 85' lang='lat' dir='ltr'>Conventus</span> <span class='ocrx_word' id='word_1_407' title='bbox 1584 1877 1617 1932; x_wconf 87' lang='grc'>11</span> <span class='ocrx_word' id='word_1_408' title='bbox 1630 1869 1767 1946; x_wconf 81' lang='lat' dir='ltr'>Collegii</span> <span class='ocrx_word' id='word_1_409' title='bbox 1789 1869 1862 1930; x_wconf 91' lang='lat' dir='ltr'>mis-</span> 
     </span>
     <span class='ocr_line' id='line_1_77' title="bbox 1116 1962 1862 2046; baseline -0.004 -18"><span class='ocrx_word' id='word_1_410' title='bbox 1116 1969 1244 2030; x_wconf 91' lang='lat' dir='ltr'>sionum</span> <span class='ocrx_word' id='word_1_411' title='bbox 1259 1965 1341 2046; x_wconf 90' lang='lat' dir='ltr'>apud</span> <span class='ocrx_word' id='word_1_412' title='bbox 1357 1964 1389 2028; x_wconf 87' lang='lat' dir='ltr'>S.</span> <span class='ocrx_word' id='word_1_413' title='bbox 1406 1963 1686 2026; x_wconf 87' lang='lat' dir='ltr'>Bartholomaeum</span> <span class='ocrx_word' id='word_1_414' title='bbox 1709 1962 1862 2025; x_wconf 86' lang='grc'>11111111</span> 
     </span>
     <span class='ocr_line' id='line_1_78' title="bbox 1117 2057 1862 2136; baseline -0.007 -14"><span class='ocrx_word' id='word_1_415' title='bbox 1117 2061 1239 2123; x_wconf 86' lang='lat' dir='ltr'>Tiberis</span> <span class='ocrx_word' id='word_1_416' title='bbox 1255 2058 1460 2122; x_wconf 73' lang='lat' dir='ltr'>visitatorem</span> <span class='ocrx_word' id='word_1_417' title='bbox 1471 2057 1690 2136; x_wconf 66' lang='lat' dir='ltr'>apostolicum</span> <span class='ocrx_word' id='word_1_418' title='bbox 1706 2071 1780 2118; x_wconf 87' lang='lat' dir='ltr'>cum</span> <span class='ocrx_word' id='word_1_419' title='bbox 1796 2073 1862 2118; x_wconf 89' lang='lat' dir='ltr'>om-</span> 
     </span>
     <span class='ocr_line' id='line_1_79' title="bbox 1116 2149 1861 2229; baseline -0.007 -13"><span class='ocrx_word' id='word_1_420' title='bbox 1116 2154 1209 2216; x_wconf 92' lang='lat' dir='ltr'>nibus</span> <span class='ocrx_word' id='word_1_421' title='bbox 1225 2159 1257 2216; x_wconf 93' lang='lat' dir='ltr'>et</span> <span class='ocrx_word' id='word_1_422' title='bbox 1271 2152 1408 2229; x_wconf 90' lang='lat' dir='ltr'>singulis</span> <span class='ocrx_word' id='word_1_423' title='bbox 1430 2150 1641 2222; x_wconf 89' lang='lat' dir='ltr'>facultatibus,</span> <span class='ocrx_word' id='word_1_424' title='bbox 1658 2149 1794 2221; x_wconf 89' lang='lat' dir='ltr'>iuribus,</span> <span class='ocrx_word' id='word_1_425' title='bbox 1814 2150 1861 2211; x_wconf 93' lang='lat' dir='ltr'>in·</span> 
     </span>
     <span class='ocr_line' id='line_1_80' title="bbox 1116 2243 1862 2321; baseline -0.005 -13"><span class='ocrx_word' id='word_1_426' title='bbox 1116 2247 1213 2308; x_wconf 90' lang='lat' dir='ltr'>dultis</span> <span class='ocrx_word' id='word_1_427' title='bbox 1235 2245 1264 2308; x_wconf 91' lang='lat' dir='ltr'>ei</span> <span class='ocrx_word' id='word_1_428' title='bbox 1285 2245 1414 2308; x_wconf 90' lang='lat' dir='ltr'>muneri</span> <span class='ocrx_word' id='word_1_429' title='bbox 1436 2244 1566 2306; x_wconf 77' lang='lat' dir='ltr'>adnexis</span> <span class='ocrx_word' id='word_1_430' title='bbox 1588 2243 1775 2304; x_wconf 87' lang='lat' dir='ltr'>auctoritate</span> <span class='ocrx_word' id='word_1_431' title='bbox 1790 2258 1862 2321; x_wconf 89' lang='lat' dir='ltr'>apo·</span> 
     </span>
     <span class='ocr_line' id='line_1_81' title="bbox 1114 2334 1860 2415; baseline -0.004 -15"><span class='ocrx_word' id='word_1_432' title='bbox 1114 2339 1283 2402; x_wconf 78' lang='grc'>1101101111</span> <span class='ocrx_word' id='word_1_433' title='bbox 1308 2343 1512 2400; x_wconf 89' lang='lat' dir='ltr'>nostramet</span> <span class='ocrx_word' id='word_1_434' title='bbox 1537 2335 1737 2415; x_wconf 73' lang='lat' dir='ltr'>Apostolioae</span> <span class='ocrx_word' id='word_1_435' title='bbox 1769 2334 1860 2398; x_wconf 88' lang='lat' dir='ltr'>Sedis</span> 
     </span>
     <span class='ocr_line' id='line_1_82' title="bbox 1114 2429 1861 2512; baseline -0.005 -16"><span class='ocrx_word' id='word_1_436' title='bbox 1114 2433 1350 2512; x_wconf 88' lang='lat' dir='ltr'>beneplacitum</span> <span class='ocrx_word' id='word_1_437' title='bbox 1382 2431 1549 2508; x_wconf 87' lang='lat' dir='ltr'>eligimus,</span> <span class='ocrx_word' id='word_1_438' title='bbox 1573 2429 1799 2492; x_wconf 91' lang='lat' dir='ltr'>constituimus</span> <span class='ocrx_word' id='word_1_439' title='bbox 1829 2437 1861 2492; x_wconf 91' lang='lat' dir='ltr'>et</span> 
     </span>
     <span class='ocr_line' id='line_1_83' title="bbox 1115 2522 1861 2605; baseline -0.003 -17"><span class='ocrx_word' id='word_1_440' title='bbox 1115 2528 1316 2605; x_wconf 82' lang='lat' dir='ltr'>deputamus</span> <span class='ocrx_word' id='word_1_441' title='bbox 1340 2523 1438 2586; x_wconf 86' lang='lat' dir='ltr'>Valde</span> <span class='ocrx_word' id='word_1_442' title='bbox 1453 2529 1560 2586; x_wconf 91' lang='lat' dir='ltr'>autem</span> <span class='ocrx_word' id='word_1_443' title='bbox 1582 2523 1615 2584; x_wconf 92' lang='lat' dir='ltr'>in</span> <span class='ocrx_word' id='word_1_444' title='bbox 1637 2522 1773 2586; x_wconf 87' lang='lat' dir='ltr'>Domino</span> <span class='ocrx_word' id='word_1_445' title='bbox 1787 2539 1861 2586; x_wconf 89' lang='lat' dir='ltr'>con·</span> 
     </span>
     <span class='ocr_line' id='line_1_84' title="bbox 1114 2615 1861 2694; baseline -0.004 -12"><span class='ocrx_word' id='word_1_446' title='bbox 1114 2620 1243 2682; x_wconf 87' lang='lat' dir='ltr'>fidimus</span> <span class='ocrx_word' id='word_1_447' title='bbox 1259 2620 1338 2691; x_wconf 89' lang='lat' dir='ltr'>fore,</span> <span class='ocrx_word' id='word_1_448' title='bbox 1352 2625 1399 2690; x_wconf 93' lang='lat' dir='ltr'>ut,</span> <span class='ocrx_word' id='word_1_449' title='bbox 1413 2632 1524 2680; x_wconf 93' lang='lat' dir='ltr'>rerum</span> <span class='ocrx_word' id='word_1_450' title='bbox 1540 2621 1623 2678; x_wconf 87' lang='lat' dir='ltr'>statu</span> <span class='ocrx_word' id='word_1_451' title='bbox 1638 2615 1861 2694; x_wconf 87' lang='lat' dir='ltr'>adiunctisque</span> 
     </span>
     <span class='ocr_line' id='line_1_85' title="bbox 1115 2709 1860 2789; baseline -0.005 -13"><span class='ocrx_word' id='word_1_452' title='bbox 1115 2713 1263 2776; x_wconf 91' lang='lat' dir='ltr'>omnibus</span> <span class='ocrx_word' id='word_1_453' title='bbox 1285 2717 1410 2774; x_wconf 90' lang='lat' dir='ltr'>mature</span> <span class='ocrx_word' id='word_1_454' title='bbox 1433 2709 1611 2789; x_wconf 90' lang='lat' dir='ltr'>perpensis,</span> <span class='ocrx_word' id='word_1_455' title='bbox 1629 2725 1787 2788; x_wconf 90' lang='lat' dir='ltr'>proponas</span> <span class='ocrx_word' id='word_1_456' title='bbox 1804 2727 1860 2772; x_wconf 93' lang='lat' dir='ltr'>no-</span> 
     </span>
     <span class='ocr_line' id='line_1_86' title="bbox 1113 2802 1861 2882; baseline -0.004 -15"><span class='ocrx_word' id='word_1_457' title='bbox 1113 2805 1161 2868; x_wconf 93' lang='lat' dir='ltr'>bis</span> <span class='ocrx_word' id='word_1_458' title='bbox 1183 2805 1265 2877; x_wconf 90' lang='lat' dir='ltr'>talia,</span> <span class='ocrx_word' id='word_1_459' title='bbox 1290 2819 1371 2882; x_wconf 91' lang='lat' dir='ltr'>qnae</span> <span class='ocrx_word' id='word_1_460' title='bbox 1392 2803 1430 2865; x_wconf 90' lang='lat' dir='ltr'>ad</span> <span class='ocrx_word' id='word_1_461' title='bbox 1451 2802 1587 2879; x_wconf 81' lang='lat' dir='ltr'>collegii</span> <span class='ocrx_word' id='word_1_462' title='bbox 1608 2802 1693 2864; x_wconf 93' lang='lat' dir='ltr'>illius</span> <span class='ocrx_word' id='word_1_463' title='bbox 1712 2802 1861 2880; x_wconf 89' lang='lat' dir='ltr'>regimen</span> 
     </span>
     <span class='ocr_line' id='line_1_87' title="bbox 1114 2895 1860 2977; baseline -0.005 -16"><span class='ocrx_word' id='word_1_464' title='bbox 1114 2898 1234 2977; x_wconf 91' lang='lat' dir='ltr'>optime</span> <span class='ocrx_word' id='word_1_465' title='bbox 1255 2895 1494 2968; x_wconf 90' lang='lat' dir='ltr'>stabiliendum,</span> <span class='ocrx_word' id='word_1_466' title='bbox 1512 2901 1544 2957; x_wconf 90' lang='lat' dir='ltr'>et</span> <span class='ocrx_word' id='word_1_467' title='bbox 1565 2895 1603 2958; x_wconf 92' lang='lat' dir='ltr'>ad</span> <span class='ocrx_word' id='word_1_468' title='bbox 1625 2895 1742 2957; x_wconf 90' lang='lat' dir='ltr'>uberes</span> <span class='ocrx_word' id='word_1_469' title='bbox 1765 2912 1805 2957; x_wconf 80' lang='lat' dir='ltr'>es</span> <span class='ocrx_word' id='word_1_470' title='bbox 1821 2911 1860 2958; x_wconf 87' lang='lat' dir='ltr'>eo</span> 
     </span>
     <span class='ocr_line' id='line_1_88' title="bbox 1114 2987 1860 3068; baseline -0.004 -15"><span class='ocrx_word' id='word_1_471' title='bbox 1114 2990 1236 3054; x_wconf 88' lang='lat' dir='ltr'>fructus</span> <span class='ocrx_word' id='word_1_472' title='bbox 1261 2992 1294 3053; x_wconf 94' lang='lat' dir='ltr'>in</span> <span class='ocrx_word' id='word_1_473' title='bbox 1324 2995 1490 3068; x_wconf 93' lang='lat' dir='ltr'>posterum</span> <span class='ocrx_word' id='word_1_474' title='bbox 1518 2987 1717 3066; x_wconf 89' lang='lat' dir='ltr'>colligendos</span> <span class='ocrx_word' id='word_1_475' title='bbox 1746 3005 1860 3068; x_wconf 90' lang='lat' dir='ltr'>oppor-</span> 
     </span>
     <span class='ocr_line' id='line_1_89' title="bbox 1114 3084 1285 3147; baseline -0.012 -1"><span class='ocrx_word' id='word_1_476' title='bbox 1114 3092 1189 3147; x_wconf 92' lang='lat' dir='ltr'>tuna</span> <span class='ocrx_word' id='word_1_477' title='bbox 1211 3084 1285 3147; x_wconf 91' lang='lat' dir='ltr'>sint.</span> 
     </span>
    </p>

    <p class='ocr_par' dir='ltr' id='par_1_13' title="bbox 1113 3175 2092 4080">
     <span class='ocr_line' id='line_1_90' title="bbox 1153 3175 2090 3254; baseline -0.015 -14"><span class='ocrx_word' id='word_1_478' title='bbox 1153 3178 1222 3254; x_wconf 74' lang='lat'>54.</span> <span class='ocrx_word' id='word_1_479' title='bbox 1245 3175 1459 3250; x_wconf 88' lang='lat' dir='ltr'>Quamobrem</span> <span class='ocrx_word' id='word_1_480' title='bbox 1480 3175 1641 3238; x_wconf 93' lang='lat' dir='ltr'>universis</span> <span class='ocrx_word' id='word_1_481' title='bbox 1663 3183 1696 3238; x_wconf 90' lang='lat' dir='ltr'>et</span> <span class='ocrx_word' id='word_1_482' title='bbox 1710 3176 1857 3253; x_wconf 87' lang='lat' dir='ltr'>singulis,</span> <span class='ocrx_word' id='word_1_483' title='bbox 1912 3183 2090 3248; x_wconf 62' lang='grc'>0111111111</span> 
     </span>
     <span class='ocr_line' id='line_1_91' title="bbox 1113 3235 2092 3352; baseline 0.006 -21"><span class='ocrx_word' id='word_1_484' title='bbox 1113 3270 1149 3332; x_wconf 91' lang='lat' dir='ltr'>ad</span> <span class='ocrx_word' id='word_1_485' title='bbox 1172 3285 1253 3347; x_wconf 90' lang='lat' dir='ltr'>quos</span> <span class='ocrx_word' id='word_1_486' title='bbox 1268 3276 1389 3348; x_wconf 92' lang='lat' dir='ltr'>spectat</span> <span class='ocrx_word' id='word_1_487' title='bbox 1410 3285 1444 3332; x_wconf 90' lang='lat' dir='ltr'>ac</span> <span class='ocrx_word' id='word_1_488' title='bbox 1458 3268 1613 3348; x_wconf 89' lang='lat' dir='ltr'>spectabit</span> <span class='ocrx_word' id='word_1_489' title='bbox 1627 3269 1660 3330; x_wconf 94' lang='lat' dir='ltr'>in</span> <span class='ocrx_word' id='word_1_490' title='bbox 1680 3275 1856 3347; x_wconf 91' lang='lat' dir='ltr'>posterum,</span> <span class='ocrx_word' id='word_1_491' title='bbox 1878 3235 2092 3352; x_wconf 45' lang='lat' dir='ltr'>&amp;filiiflii</span> 
     </span>
     <span class='ocr_line' id='line_1_92' title="bbox 1113 3348 1946 3442; baseline -0.002 -16"><span class='ocrx_word' id='word_1_492' title='bbox 1113 3364 1313 3436; x_wconf 87' lang='lat' dir='ltr'>mandamns,</span> <span class='ocrx_word' id='word_1_493' title='bbox 1327 3369 1363 3424; x_wconf 95' lang='lat' dir='ltr'>ut</span> <span class='ocrx_word' id='word_1_494' title='bbox 1384 3362 1443 3425; x_wconf 94' lang='lat' dir='ltr'>tibi</span> <span class='ocrx_word' id='word_1_495' title='bbox 1463 3362 1497 3424; x_wconf 93' lang='lat' dir='ltr'>in</span> <span class='ocrx_word' id='word_1_496' title='bbox 1513 3362 1697 3440; x_wconf 89' lang='lat' dir='ltr'>praemissis</span> <span class='ocrx_word' id='word_1_497' title='bbox 1719 3363 1860 3442; x_wconf 89' lang='lat' dir='ltr'>prompti</span> <span class='ocrx_word' id='word_1_498' title='bbox 1878 3348 1946 3400; x_wconf 51' lang='lat'>⁰¹⁰*</span> 
     </span>
     <span class='ocr_line' id='line_1_93' title="bbox 1114 3455 1860 3536; baseline 0.003 -18"><span class='ocrx_word' id='word_1_499' title='bbox 1114 3462 1245 3536; x_wconf 86' lang='lat' dir='ltr'>pareant</span> <span class='ocrx_word' id='word_1_500' title='bbox 1265 3463 1361 3533; x_wconf 87' lang='lat' dir='ltr'>atque</span> <span class='ocrx_word' id='word_1_501' title='bbox 1383 3455 1549 3528; x_wconf 91' lang='lat' dir='ltr'>obediant,</span> <span class='ocrx_word' id='word_1_502' title='bbox 1575 3463 1692 3533; x_wconf 88' lang='lat' dir='ltr'>tuaque</span> <span class='ocrx_word' id='word_1_503' title='bbox 1721 3456 1860 3520; x_wconf 86' lang='lat' dir='ltr'>salubria</span> 
     </span>
     <span class='ocr_line' id='line_1_94' title="bbox 1114 3548 1861 3628; baseline 0 -16"><span class='ocrx_word' id='word_1_504' title='bbox 1114 3551 1234 3613; x_wconf 89' lang='lat' dir='ltr'>monita</span> <span class='ocrx_word' id='word_1_505' title='bbox 1245 3556 1278 3612; x_wconf 91' lang='lat' dir='ltr'>et</span> <span class='ocrx_word' id='word_1_506' title='bbox 1292 3549 1438 3612; x_wconf 90' lang='lat' dir='ltr'>mandata</span> <span class='ocrx_word' id='word_1_507' title='bbox 1452 3548 1620 3611; x_wconf 88' lang='lat' dir='ltr'>humiliter</span> <span class='ocrx_word' id='word_1_508' title='bbox 1636 3549 1804 3628; x_wconf 77' lang='lat' dir='ltr'>excipiant,</span> <span class='ocrx_word' id='word_1_509' title='bbox 1828 3557 1861 3612; x_wconf 91' lang='lat' dir='ltr'>et</span> 
     </span>
     <span class='ocr_line' id='line_1_95' title="bbox 1114 3643 1860 3722; baseline 0 -16"><span class='ocrx_word' id='word_1_510' title='bbox 1114 3644 1282 3707; x_wconf 86' lang='lat' dir='ltr'>efficaciter</span> <span class='ocrx_word' id='word_1_511' title='bbox 1297 3643 1473 3722; x_wconf 92' lang='lat' dir='ltr'>adimplere</span> <span class='ocrx_word' id='word_1_512' title='bbox 1489 3649 1614 3715; x_wconf 90' lang='lat' dir='ltr'>curent,</span> <span class='ocrx_word' id='word_1_513' title='bbox 1632 3643 1774 3721; x_wconf 89' lang='lat' dir='ltr'>alioquin</span> <span class='ocrx_word' id='word_1_514' title='bbox 1788 3659 1860 3706; x_wconf 92' lang='lat' dir='ltr'>sen·</span> 
     </span>
     <span class='ocr_line' id='line_1_96' title="bbox 1113 3735 1859 3815; baseline -0.001 -16"><span class='ocrx_word' id='word_1_515' title='bbox 1113 3738 1247 3800; x_wconf 89' lang='lat' dir='ltr'>tentiam</span> <span class='ocrx_word' id='word_1_516' title='bbox 1268 3737 1336 3798; x_wconf 90' lang='lat' dir='ltr'>sive</span> <span class='ocrx_word' id='word_1_517' title='bbox 1351 3751 1488 3815; x_wconf 90' lang='lat' dir='ltr'>poenam</span> <span class='ocrx_word' id='word_1_518' title='bbox 1503 3750 1598 3813; x_wconf 91' lang='lat' dir='ltr'>quam</span> <span class='ocrx_word' id='word_1_519' title='bbox 1618 3735 1680 3798; x_wconf 91' lang='lat' dir='ltr'>rite</span> <span class='ocrx_word' id='word_1_520' title='bbox 1697 3735 1810 3797; x_wconf 90' lang='lat' dir='ltr'>tuleris</span> <span class='ocrx_word' id='word_1_521' title='bbox 1826 3737 1859 3798; x_wconf 93' lang='lat' dir='ltr'>in</span> 
     </span>
     <span class='ocr_line' id='line_1_97' title="bbox 1114 3827 1857 3904; baseline -0.004 -12"><span class='ocrx_word' id='word_1_522' title='bbox 1114 3829 1266 3904; x_wconf 74' lang='lat' dir='ltr'>rebelles</span> <span class='ocrx_word' id='word_1_523' title='bbox 1292 3835 1392 3891; x_wconf 89' lang='lat' dir='ltr'>ratam</span> <span class='ocrx_word' id='word_1_524' title='bbox 1414 3827 1604 3890; x_wconf 85' lang='lat' dir='ltr'>babebimus</span> <span class='ocrx_word' id='word_1_525' title='bbox 1627 3835 1659 3890; x_wconf 88' lang='grc'>11</span> <span class='ocrx_word' id='word_1_526' title='bbox 1686 3828 1857 3902; x_wconf 88' lang='lat' dir='ltr'>faciemus,</span> 
     </span>
     <span class='ocr_line' id='line_1_98' title="bbox 1113 3921 1860 4002; baseline 0.001 -17"><span class='ocrx_word' id='word_1_527' title='bbox 1113 3923 1266 4002; x_wconf 90' lang='lat' dir='ltr'>usquead</span> <span class='ocrx_word' id='word_1_528' title='bbox 1280 3921 1528 3985; x_wconf 87' lang='lat' dir='ltr'>satisfactionem</span> <span class='ocrx_word' id='word_1_529' title='bbox 1541 3922 1744 3998; x_wconf 89' lang='lat' dir='ltr'>condignam,</span> <span class='ocrx_word' id='word_1_530' title='bbox 1757 3922 1860 3986; x_wconf 92' lang='lat' dir='ltr'>invio·</span> 
     </span>
     <span class='ocr_line' id='line_1_99' title="bbox 1114 4015 1451 4080; baseline -0.006 -2"><span class='ocrx_word' id='word_1_531' title='bbox 1114 4016 1253 4080; x_wconf 88' lang='lat' dir='ltr'>labiliter</span> <span class='ocrx_word' id='word_1_532' title='bbox 1276 4015 1451 4078; x_wconf 88' lang='lat' dir='ltr'>observari.</span> 
     </span>
    </p>

    <p class='ocr_par' dir='ltr' id='par_1_14' title="bbox 1153 4107 2089 4210">
     <span class='ocr_line' id='line_1_100' title="bbox 1153 4107 2089 4210; baseline -0.002 -39"><span class='ocrx_word' id='word_1_533' title='bbox 1153 4109 1221 4185; x_wconf 75' lang='lat'>§5-</span> <span class='ocrx_word' id='word_1_534' title='bbox 1244 4107 1315 4171; x_wconf 90' lang='lat' dir='ltr'>Non</span> <span class='ocrx_word' id='word_1_535' title='bbox 1338 4107 1535 4170; x_wconf 89' lang='lat' dir='ltr'>obstantibus</span> <span class='ocrx_word' id='word_1_536' title='bbox 1559 4108 1748 4187; x_wconf 86' lang='lat' dir='ltr'>apostolicis,</span> <span class='ocrx_word' id='word_1_537' title='bbox 1772 4125 1806 4171; x_wconf 89' lang='lat' dir='ltr'>ac</span> <span class='ocrx_word' id='word_1_538' title='bbox 1826 4109 1860 4170; x_wconf 93' lang='lat' dir='ltr'>in</span> <span class='ocrx_word' id='word_1_539' title='bbox 1880 4111 2036 4210; x_wconf 53' lang='lat' dir='ltr'>rgoaqfrarifs</span> <span class='ocrx_word' id='word_1_540' title='bbox 2050 4111 2089 4157; x_wconf 72' lang='lat' dir='ltr'>aa·</span> 
     </span>
    </p>

    <p class='ocr_par' dir='ltr' id='par_1_15' title="bbox 1108 4176 1958 5772">
     <span class='ocr_line' id='line_1_101' title="bbox 1113 4176 1958 4280; baseline -0.001 -15"><span class='ocrx_word' id='word_1_541' title='bbox 1113 4201 1359 4274; x_wconf 89' lang='lat' dir='ltr'>universalibus,</span> <span class='ocrx_word' id='word_1_542' title='bbox 1386 4201 1860 4280; x_wconf 77' lang='grc'>110111111111111111,111111-</span> <span class='ocrx_word' id='word_1_543' title='bbox 1909 4176 1924 4221; x_wconf 66' lang='lat'>⁸</span> <span class='ocrx_word' id='word_1_544' title='bbox 1953 4199 1958 4208; x_wconf 85' lang='lat'>&#39;</span> 
     </span>
     <span class='ocr_line' id='line_1_102' title="bbox 1114 4293 1858 4372; baseline 0 -14"><span class='ocrx_word' id='word_1_545' title='bbox 1114 4295 1257 4359; x_wconf 91' lang='lat' dir='ltr'>odalibus</span> <span class='ocrx_word' id='word_1_546' title='bbox 1284 4293 1433 4357; x_wconf 79' lang='lat' dir='ltr'>conciliis</span> <span class='ocrx_word' id='word_1_547' title='bbox 1463 4295 1556 4356; x_wconf 93' lang='lat' dir='ltr'>editis</span> <span class='ocrx_word' id='word_1_548' title='bbox 1579 4294 1782 4372; x_wconf 90' lang='lat' dir='ltr'>generalibus</span> <span class='ocrx_word' id='word_1_549' title='bbox 1804 4296 1858 4358; x_wconf 94' lang='lat' dir='ltr'>vel</span> 
     </span>
     <span class='ocr_line' id='line_1_103' title="bbox 1112 4387 1860 4468; baseline 0 -18"><span class='ocrx_word' id='word_1_550' title='bbox 1112 4387 1300 4468; x_wconf 90' lang='lat' dir='ltr'>specialibus</span> <span class='ocrx_word' id='word_1_551' title='bbox 1315 4387 1594 4450; x_wconf 88' lang='lat' dir='ltr'>constitutionibus</span> <span class='ocrx_word' id='word_1_552' title='bbox 1610 4393 1642 4448; x_wconf 93' lang='lat' dir='ltr'>et</span> <span class='ocrx_word' id='word_1_553' title='bbox 1654 4387 1860 4450; x_wconf 91' lang='lat' dir='ltr'>ordinationi-</span> 
     </span>
     <span class='ocr_line' id='line_1_104' title="bbox 1113 4479 1859 4554; baseline 0.001 -11"><span class='ocrx_word' id='word_1_554' title='bbox 1113 4481 1182 4554; x_wconf 91' lang='lat' dir='ltr'>bus,</span> <span class='ocrx_word' id='word_1_555' title='bbox 1204 4479 1859 4544; x_wconf 74' lang='grc'>11110111111111111101111111111110111·</span> 
     </span>
     <span class='ocr_line' id='line_1_105' title="bbox 1114 4573 1859 4654; baseline 0.003 -19"><span class='ocrx_word' id='word_1_556' title='bbox 1114 4575 1168 4652; x_wconf 88' lang='lat' dir='ltr'>gii,</span> <span class='ocrx_word' id='word_1_557' title='bbox 1191 4574 1288 4636; x_wconf 89' lang='lat' dir='ltr'>etiam</span> <span class='ocrx_word' id='word_1_558' title='bbox 1309 4573 1503 4645; x_wconf 90' lang='lat' dir='ltr'>iuramento,</span> <span class='ocrx_word' id='word_1_559' title='bbox 1523 4574 1768 4636; x_wconf 84' lang='lat' dir='ltr'>confirmatione</span> <span class='ocrx_word' id='word_1_560' title='bbox 1787 4592 1859 4654; x_wconf 90' lang='lat' dir='ltr'>apo-</span> 
     </span>
     <span class='ocr_line' id='line_1_106' title="bbox 1111 4666 1897 4744; baseline 0.001 -16"><span class='ocrx_word' id='word_1_561' title='bbox 1111 4667 1232 4739; x_wconf 91' lang='lat' dir='ltr'>stolica,</span> <span class='ocrx_word' id='word_1_562' title='bbox 1250 4666 1304 4729; x_wconf 94' lang='lat' dir='ltr'>vel</span> <span class='ocrx_word' id='word_1_563' title='bbox 1319 4667 1429 4744; x_wconf 93' lang='lat' dir='ltr'>quavis</span> <span class='ocrx_word' id='word_1_564' title='bbox 1448 4666 1600 4729; x_wconf 90' lang='lat' dir='ltr'>firmitate</span> <span class='ocrx_word' id='word_1_565' title='bbox 1616 4666 1675 4728; x_wconf 89' lang='lat' dir='ltr'>alia</span> <span class='ocrx_word' id='word_1_566' title='bbox 1689 4667 1857 4742; x_wconf 90' lang='lat' dir='ltr'>roboratis,</span> <span class='ocrx_word' id='word_1_567' title='bbox 1895 4725 1897 4729; x_wconf 35' lang='lat'>.</span> 
     </span>
     <span class='ocr_line' id='line_1_107' title="bbox 1111 4757 1859 4838; baseline 0.001 -16"><span class='ocrx_word' id='word_1_568' title='bbox 1111 4760 1235 4822; x_wconf 87' lang='lat' dir='ltr'>statutis</span> <span class='ocrx_word' id='word_1_569' title='bbox 1248 4759 1583 4832; x_wconf 88' lang='lat' dir='ltr'>etconsuetudinibus,</span> <span class='ocrx_word' id='word_1_570' title='bbox 1593 4760 1771 4837; x_wconf 90' lang='lat' dir='ltr'>privilegiis</span> <span class='ocrx_word' id='word_1_571' title='bbox 1782 4757 1859 4838; x_wconf 87' lang='lat' dir='ltr'>quo-</span> 
     </span>
     <span class='ocr_line' id='line_1_108' title="bbox 1113 4851 1860 4931; baseline 0 -15"><span class='ocrx_word' id='word_1_572' title='bbox 1113 4868 1187 4930; x_wconf 89' lang='lat' dir='ltr'>que,</span> <span class='ocrx_word' id='word_1_573' title='bbox 1196 4852 1328 4915; x_wconf 93' lang='lat' dir='ltr'>indultis</span> <span class='ocrx_word' id='word_1_574' title='bbox 1341 4857 1373 4914; x_wconf 91' lang='lat' dir='ltr'>et</span> <span class='ocrx_word' id='word_1_575' title='bbox 1383 4851 1500 4914; x_wconf 90' lang='lat' dir='ltr'>litteris</span> <span class='ocrx_word' id='word_1_576' title='bbox 1510 4853 1688 4931; x_wconf 86' lang='lat' dir='ltr'>apostolicis</span> <span class='ocrx_word' id='word_1_577' title='bbox 1696 4853 1729 4916; x_wconf 90' lang='lat' dir='ltr'>in</span> <span class='ocrx_word' id='word_1_578' title='bbox 1737 4860 1860 4916; x_wconf 89' lang='lat' dir='ltr'>contra-</span> 
     </span>
     <span class='ocr_line' id='line_1_109' title="bbox 1111 4945 1860 5025; baseline 0.003 -17"><span class='ocrx_word' id='word_1_579' title='bbox 1111 4946 1196 5008; x_wconf 93' lang='lat' dir='ltr'>rium</span> <span class='ocrx_word' id='word_1_580' title='bbox 1212 4945 1461 5025; x_wconf 88' lang='lat' dir='ltr'>praemissorum</span> <span class='ocrx_word' id='word_1_581' title='bbox 1477 4945 1720 5022; x_wconf 91' lang='lat' dir='ltr'>quomodolibet</span> <span class='ocrx_word' id='word_1_582' title='bbox 1734 4963 1860 5010; x_wconf 91' lang='lat' dir='ltr'>conces-</span> 
     </span>
     <span class='ocr_line' id='line_1_110' title="bbox 1110 5037 1860 5115; baseline 0.003 -15"><span class='ocrx_word' id='word_1_583' title='bbox 1110 5039 1162 5110; x_wconf 92' lang='lat' dir='ltr'>sis,</span> <span class='ocrx_word' id='word_1_584' title='bbox 1179 5039 1375 5100; x_wconf 85' lang='lat' dir='ltr'>confirmatis</span> <span class='ocrx_word' id='word_1_585' title='bbox 1390 5045 1423 5100; x_wconf 93' lang='lat' dir='ltr'>et</span> <span class='ocrx_word' id='word_1_586' title='bbox 1436 5039 1611 5100; x_wconf 78' lang='lat' dir='ltr'>innovatisz</span> <span class='ocrx_word' id='word_1_587' title='bbox 1627 5037 1742 5115; x_wconf 92' lang='lat' dir='ltr'>quibus</span> <span class='ocrx_word' id='word_1_588' title='bbox 1758 5041 1860 5102; x_wconf 92' lang='lat' dir='ltr'>omni-</span> 
     </span>
     <span class='ocr_line' id='line_1_111' title="bbox 1111 5131 1860 5210; baseline 0.003 -16"><span class='ocrx_word' id='word_1_589' title='bbox 1111 5133 1169 5194; x_wconf 94' lang='lat' dir='ltr'>bus</span> <span class='ocrx_word' id='word_1_590' title='bbox 1191 5138 1223 5194; x_wconf 92' lang='lat' dir='ltr'>et</span> <span class='ocrx_word' id='word_1_591' title='bbox 1243 5131 1379 5208; x_wconf 90' lang='lat' dir='ltr'>singulis</span> <span class='ocrx_word' id='word_1_592' title='bbox 1400 5131 1533 5194; x_wconf 91' lang='lat' dir='ltr'>illorum</span> <span class='ocrx_word' id='word_1_593' title='bbox 1560 5138 1689 5194; x_wconf 92' lang='lat' dir='ltr'>tenores</span> <span class='ocrx_word' id='word_1_594' title='bbox 1712 5149 1860 5210; x_wconf 89' lang='lat' dir='ltr'>praesen-</span> 
     </span>
     <span class='ocr_line' id='line_1_112' title="bbox 1111 5225 1857 5306; baseline 0.003 -20"><span class='ocrx_word' id='word_1_595' title='bbox 1111 5225 1195 5288; x_wconf 89' lang='lat' dir='ltr'>tibus</span> <span class='ocrx_word' id='word_1_596' title='bbox 1218 5241 1275 5303; x_wconf 92' lang='lat' dir='ltr'>pro</span> <span class='ocrx_word' id='word_1_597' title='bbox 1298 5225 1393 5303; x_wconf 88' lang='lat' dir='ltr'>plene</span> <span class='ocrx_word' id='word_1_598' title='bbox 1415 5232 1448 5286; x_wconf 93' lang='lat' dir='ltr'>et</span> <span class='ocrx_word' id='word_1_599' title='bbox 1469 5225 1666 5287; x_wconf 86' lang='lat' dir='ltr'>sufficienter</span> <span class='ocrx_word' id='word_1_600' title='bbox 1688 5227 1857 5306; x_wconf 81' lang='lat' dir='ltr'>expressis,</span> 
     </span>
     <span class='ocr_line' id='line_1_113' title="bbox 1110 5317 1857 5392; baseline 0 -12"><span class='ocrx_word' id='word_1_601' title='bbox 1110 5336 1144 5381; x_wconf 92' lang='grc'>11</span> <span class='ocrx_word' id='word_1_602' title='bbox 1166 5319 1205 5381; x_wconf 94' lang='lat' dir='ltr'>de</span> <span class='ocrx_word' id='word_1_603' title='bbox 1220 5319 1322 5380; x_wconf 90' lang='lat' dir='ltr'>verbo</span> <span class='ocrx_word' id='word_1_604' title='bbox 1337 5318 1374 5380; x_wconf 93' lang='lat' dir='ltr'>ad</span> <span class='ocrx_word' id='word_1_605' title='bbox 1393 5317 1532 5381; x_wconf 92' lang='lat' dir='ltr'>verbum</span> <span class='ocrx_word' id='word_1_606' title='bbox 1547 5318 1676 5380; x_wconf 89' lang='lat' dir='ltr'>insertis</span> <span class='ocrx_word' id='word_1_607' title='bbox 1691 5319 1857 5392; x_wconf 87' lang='lat' dir='ltr'>babentes,</span> 
     </span>
     <span class='ocr_line' id='line_1_114' title="bbox 1108 5411 1859 5491; baseline 0.001 -17"><span class='ocrx_word' id='word_1_608' title='bbox 1108 5412 1171 5474; x_wconf 90' lang='lat' dir='ltr'>illis</span> <span class='ocrx_word' id='word_1_609' title='bbox 1194 5411 1267 5474; x_wconf 90' lang='lat' dir='ltr'>alias</span> <span class='ocrx_word' id='word_1_610' title='bbox 1289 5411 1322 5474; x_wconf 92' lang='lat' dir='ltr'>in</span> <span class='ocrx_word' id='word_1_611' title='bbox 1343 5429 1402 5473; x_wconf 94' lang='lat' dir='ltr'>suo</span> <span class='ocrx_word' id='word_1_612' title='bbox 1427 5411 1546 5476; x_wconf 90' lang='lat' dir='ltr'>robore</span> <span class='ocrx_word' id='word_1_613' title='bbox 1568 5413 1796 5491; x_wconf 88' lang='lat' dir='ltr'>permansuris,</span> <span class='ocrx_word' id='word_1_614' title='bbox 1821 5414 1859 5475; x_wconf 93' lang='lat' dir='ltr'>ad</span> 
     </span>
     <span class='ocr_line' id='line_1_115' title="bbox 1110 5506 1859 5585; baseline 0 -17"><span class='ocrx_word' id='word_1_615' title='bbox 1110 5506 1358 5585; x_wconf 85' lang='lat' dir='ltr'>praemissorum</span> <span class='ocrx_word' id='word_1_616' title='bbox 1390 5506 1541 5568; x_wconf 89' lang='lat' dir='ltr'>eflectum</span> <span class='ocrx_word' id='word_1_617' title='bbox 1564 5506 1621 5568; x_wconf 90' lang='lat' dir='ltr'>bac</span> <span class='ocrx_word' id='word_1_618' title='bbox 1642 5506 1712 5568; x_wconf 90' lang='lat' dir='ltr'>vioe</span> <span class='ocrx_word' id='word_1_619' title='bbox 1735 5507 1859 5568; x_wconf 86' lang='lat' dir='ltr'>dumta-</span> 
     </span>
     <span class='ocr_line' id='line_1_116' title="bbox 1109 5599 1855 5680; baseline -0.001 -18"><span class='ocrx_word' id='word_1_620' title='bbox 1109 5607 1162 5662; x_wconf 85' lang='lat' dir='ltr'>xat</span> <span class='ocrx_word' id='word_1_621' title='bbox 1191 5599 1372 5679; x_wconf 91' lang='lat' dir='ltr'>specialiter</span> <span class='ocrx_word' id='word_1_622' title='bbox 1401 5607 1433 5663; x_wconf 91' lang='lat' dir='ltr'>et</span> <span class='ocrx_word' id='word_1_623' title='bbox 1465 5617 1614 5680; x_wconf 84' lang='lat' dir='ltr'>expresse</span> <span class='ocrx_word' id='word_1_624' title='bbox 1644 5601 1855 5678; x_wconf 88' lang='lat' dir='ltr'>derogamus,</span> 
     </span>
     <span class='ocr_line' id='line_1_117' title="bbox 1108 5693 1768 5772; baseline 0.002 -17"><span class='ocrx_word' id='word_1_625' title='bbox 1108 5693 1288 5771; x_wconf 89' lang='lat' dir='ltr'>ceterisque</span> <span class='ocrx_word' id='word_1_626' title='bbox 1310 5693 1478 5756; x_wconf 91' lang='lat' dir='ltr'>contrariis</span> <span class='ocrx_word' id='word_1_627' title='bbox 1501 5694 1768 5772; x_wconf 93' lang='lat' dir='ltr'>quibuscumque.</span> 
     </span>
    </p>

    <p class='ocr_par' dir='ltr' id='par_1_16' title="bbox 1108 5785 1857 5955">
     <span class='ocr_line' id='line_1_118' title="bbox 1147 5785 1857 5865; baseline 0.003 -17"><span class='ocrx_word' id='word_1_628' title='bbox 1147 5787 1261 5849; x_wconf 89' lang='lat' dir='ltr'>Datum</span> <span class='ocrx_word' id='word_1_629' title='bbox 1283 5786 1402 5848; x_wconf 85' lang='lat' dir='ltr'>Romae</span> <span class='ocrx_word' id='word_1_630' title='bbox 1425 5788 1507 5865; x_wconf 92' lang='lat' dir='ltr'>apud</span> <span class='ocrx_word' id='word_1_631' title='bbox 1530 5785 1561 5849; x_wconf 91' lang='lat' dir='ltr'>S.</span> <span class='ocrx_word' id='word_1_632' title='bbox 1582 5787 1714 5848; x_wconf 90' lang='lat' dir='ltr'>Petrum</span> <span class='ocrx_word' id='word_1_633' title='bbox 1729 5787 1788 5849; x_wconf 93' lang='lat' dir='ltr'>snb</span> <span class='ocrx_word' id='word_1_634' title='bbox 1804 5803 1857 5850; x_wconf 93' lang='lat' dir='ltr'>an-</span> 
     </span>
     <span class='ocr_line' id='line_1_119' title="bbox 1108 5879 1855 5955; baseline 0.003 -13"><span class='ocrx_word' id='word_1_635' title='bbox 1108 5879 1185 5942; x_wconf 90' lang='lat' dir='ltr'>nulo</span> <span class='ocrx_word' id='word_1_636' title='bbox 1197 5879 1362 5943; x_wconf 88' lang='lat' dir='ltr'>Piscatoris</span> <span class='ocrx_word' id='word_1_637' title='bbox 1378 5880 1429 5943; x_wconf 93' lang='lat' dir='ltr'>die</span> <span class='ocrx_word' id='word_1_638' title='bbox 1442 5896 1529 5941; x_wconf 89' lang='grc'>111111.</span> <span class='ocrx_word' id='word_1_639' title='bbox 1541 5880 1604 5942; x_wconf 92' lang='lat' dir='ltr'>feb.</span> <span class='ocrx_word' id='word_1_640' title='bbox 1619 5897 1855 5955; x_wconf 80' lang='grc'>1011111111,</span> 
     </span>
    </p>
   </div>
   <div class='ocr_carea' id='block_1_13' title="bbox 1108 5973 1775 6168">
    <p class='ocr_par' dir='ltr' id='par_1_17' title="bbox 1108 5973 1775 6168">
     <span class='ocr_line' id='line_1_120' title="bbox 1108 5973 1601 6053; baseline 0 -17"><span class='ocrx_word' id='word_1_641' title='bbox 1108 5973 1309 6053; x_wconf 88' lang='lat' dir='ltr'>pontificatus</span> <span class='ocrx_word' id='word_1_642' title='bbox 1330 5973 1432 6038; x_wconf 89' lang='lat' dir='ltr'>nostri</span> <span class='ocrx_word' id='word_1_643' title='bbox 1454 5987 1536 6037; x_wconf 90' lang='lat' dir='ltr'>anno</span> <span class='ocrx_word' id='word_1_644' title='bbox 1558 5989 1601 6036; x_wconf 88' lang='lat' dir='ltr'>vr.</span> 
     </span>
     <span class='ocr_line' id='line_1_121' title="bbox 1722 6122 1775 6168; baseline 0.075 -4"><span class='ocrx_word' id='word_1_645' title='bbox 1722 6122 1749 6164; x_wconf 78' lang='lat' dir='ltr'>m</span> <span class='ocrx_word' id='word_1_646' title='bbox 1772 6161 1775 6168; x_wconf 88' lang='lat'>.</span> 
     </span>
    </p>
   </div>
   <div class='ocr_carea' id='block_1_14' title="bbox 0 0 2418 6968">
    <p class='ocr_par' dir='ltr' id='par_1_18' title="bbox 0 0 2418 6968">
     <span class='ocr_line' id='line_1_122' title="bbox 0 0 2418 6968; baseline 0 0"><span class='ocrx_word' id='word_1_647' title='bbox 0 0 2418 6968; x_wconf 95' lang='lat' dir='ltr'> </span> 
     </span>
    </p>
   </div>
  </div>
 </body>
</html>
