4788 6980
945 525 1119 572 cnnconrus
1141 527 1191 572 rr.
1215 514 1280 572 irvr.

340 645 485 707 ctoritate
505 643 645 707 scienter
667 646 719 707 vel
742 647 930 722 ignoranter
944 643 1086 718 contige·
1114 643 1116 733 l
1144 659 1227 715 mus,
1242 653 1336 722 atque
1348 647 1381 708 in
1394 650 1570 710 memorati
1582 649 1709 709 civitate
1722 648 1888 726 proprium

340 739 383 800 rit
403 737 563 800 attentari.

379 833 397 906 ᾗ
418 831 448 891 l.
471 829 542 893 Non
559 829 759 892 obstantibus
775 831 956 910 apostolicis
971 829 1087 891 consti-

341 923 518 985 tutionibus
540 929 573 985 et
593 923 809 986 sanctionibus
835 931 895 986 etc.
919 921 1087 985 contrariis

341 1017 608 1093 quibuscumque.

380 1109 494 1170 Datum
514 1107 645 1180 Romae,
669 1109 752 1188 apud
769 1107 800 1172 S.
814 1109 944 1172 Petrum
961 1107 1021 1168 sub
1036 1122 1088 1168 an-

342 1202 418 1264 nulo
434 1203 602 1264 Piscatoris
622 1203 672 1264 die
686 1219 728 1262 vr.
746 1203 826 1264 iunii
838 1217 1086 1270 uncccxxrvu..

341 1295 543 1375 pontificatus
566 1295 669 1356 nostri
691 1311 775 1356 anno
797 1312 853 1356 vu.

654 1575 776 1639 CXXV.

343 1761 547 1826 Subtrcctom
569 1781 589 1826 o
610 1763 833 1825 iurisdictione
860 1761 1007 1841 Episcopi
1029 1758 1089 1820 No-

380 1873 437 1918 ooe
453 1856 605 1920 Aureliae
619 1858 654 1918 in
670 1856 818 1918 Amerino
840 1853 1090 1934 Septentrionoli

380 1951 580 2028 prouinciam
596 1948 765 2030 liissisipli
786 1950 821 2010 in
838 1965 955 2010 notrum
974 1947 1089 2026 episco-

379 2047 493 2120 patum
504 2042 601 2124 eripit
616 2041 821 2103 comoedeia
840 2037 918 2102 Urbe
933 2039 1087 2101 Notcbez.

560 2135 568 2160 l

515 2209 734 2278 essecutus
757 2209 817 2276 ΡΡ.
840 2208 911 2274 llll.

462 2332 499 2398 ad
522 2335 694 2414 perpetuant
716 2331 760 2396 rei
783 2331 967 2396 memoriam.

382 2507 533 2571 Universi
562 2507 714 2570 dominici
746 2507 855 2584 gregis
884 2505 969 2568 salus
997 2504 1089 2566 nobis

345 2602 498 2664 divinitas
520 2601 702 2664 concredita
724 2599 863 2679 postulat
890 2607 985 2676 atquc
1007 2599 1089 2661 effla-

346 2698 433 2773 gitat,
457 2703 494 2758 nt
519 2711 647 2758 summo
675 2694 781 2756 studio
803 2700 836 2755 et
861 2691 1025 2770 vigilantii
1055 2707 1090 2754 ea

346 2790 450 2852 omnia
462 2790 645 2867 peragenda
659 2801 821 2860 curemus,
839 2801 920 2864 quae
932 2786 970 2846 ad
984 2786 1090 2846 catho-

345 2885 422 2946 licae
436 2883 613 2959 Religionis
636 2883 756 2944 bonurn
779 2887 811 2942 et
832 2879 1089 2941 christifidelium

344 2978 516 3040 utilitatem
545 2975 710 3054 pertinere
732 2989 825 3052 posse
854 2973 1089 3049 cognoscimus.

384 3073 402 3146 5
426 3071 453 3130 l.
478 3069 587 3146 ltaque
603 3083 676 3129 curn
688 3083 786 3130 venn.
800 3067 916 3128 iratres
928 3065 1091 3143 lrcbiepi-

345 3179 460 3242 scopus
476 3161 718 3224 Raltimorcnsis
733 3167 828 3237 atque
843 3159 991 3238 Episcopi
1007 3159 1092 3221 dice-

346 3257 467 3319 ccsium
480 3253 775 3318 coniaederatarum
790 3251 1092 3330 Americaesepten·

346 3349 489 3412 trionalis
504 3349 754 3429 provinciarum,
771 3349 805 3410 in
818 3347 942 3425 synodo
964 3346 1093 3424 provin-

346 3443 416 3506 ciali
444 3459 557 3506 mense
586 3441 677 3522 aprili
706 3442 802 3504 buius
832 3441 989 3503 vertentis
1019 3440 1093 3502 anni

348 3551 580 3597 uncccuxxvu.
611 3535 716 3596 babiti
744 3535 942 3612 congregati,
971 3535 1008 3596 ad
1035 3550 1093 3596 nos

347 3628 525 3707 supplicem
548 3629 697 3692 miserint
725 3628 883 3700 libellum,
914 3643 977 3705 quo
1007 3633 1094 3706 pete-

1144 735 1336 815 Episcopum
1359 741 1478 817 pariter
1493 741 1730 804 constituimus.
1753 739 1815 818 lpsi
1837 757 1889 800 au-

1145 837 1210 892 tem
1233 832 1388 912 Episcopo
1409 833 1448 895 ab
1469 835 1526 897 bac
1552 834 1634 897 Sede
1656 835 1835 911 adlegendo
1858 850 1890 894 o-

1145 940 1236 986 mnes
1259 933 1291 986 et
1311 927 1454 1003 singulas
1474 927 1637 990 facultates
1653 927 1761 988 solitas
1778 927 1887 988 eidem

1145 1021 1332 1082 auctoritate
1354 1021 1462 1082 nostrl
1487 1021 1692 1082 concedimus
1715 1027 1810 1096 atque
1832 1020 1890 1080 im-

1146 1112 1316 1189 partimur.

1185 1207 1203 1280 5
1225 1205 1253 1266 3.
1278 1204 1359 1268 llaec
1380 1206 1532 1268 volumus
1555 1213 1650 1282 atque
1672 1206 1888 1278 decernimus,

1147 1299 1338 1375 derogantes
1353 1298 1402 1370 iis,
1422 1314 1502 1375 quae
1518 1299 1697 1376 apostolicis
1713 1299 1815 1360 literis
1828 1299 1890 1360 diei

1146 1391 1892 1472 uncccxxurv.incipientibusBenedictaslleca
2000 1425 2005 1434 ·

1147 1485 1339 1563 praescripta
1361 1493 1436 1546 sunt
1457 1486 1496 1546 de
1522 1485 1743 1546 iurisdictione
1765 1485 1798 1546 in
1820 1500 1891 1562 pro-

1146 1577 1282 1638 vinciam
1306 1577 1583 1656 Mississipiensem
1606 1577 1763 1656 Episcopo
1784 1577 1891 1638 Novae

1146 1668 1295 1732 Aureliae
1322 1671 1502 1742 tribuendi,
1526 1689 1560 1732 ac
1581 1671 1805 1742 decernimus,
1836 1671 1892 1730 bas

1147 1771 1331 1842 praesentes
1354 1765 1462 1825 literas
1485 1771 1544 1826 etc.
1568 1763 1729 1831 attentari,
1752 1779 1816 1824 non
1840 1763 1893 1824 ob·

1146 1863 1250 1917 stante
1272 1863 1331 1918 etc.
1350 1863 1382 1918 et
1396 1859 1522 1934 quoties
1545 1872 1624 1934 opus
1647 1856 1811 1917 lueritiel.
1826 1872 1890 1917 rec.

1147 1949 1308 2011 Benedicti
1332 1949 1411 2011 XIV.
1436 1949 1691 2028 praedecessoris
1718 1949 1820 2010 nostri
1841 1965 1893 2010 sn-

1147 2057 1204 2119 per
1226 2041 1383 2104 divisione
1405 2043 1612 2104 materiarum
1628 2041 1762 2118 aliisque
1778 2043 1893 2103 consti-

1147 2135 1324 2196 tutionibus
1347 2142 1406 2197 etc.
1431 2135 1700 2212 quibuscumque.

1185 2228 1299 2289 Datum
1322 2229 1450 2300 Romae,
1478 2230 1560 2306 apud
1584 2229 1614 2290 S.
1639 2229 1768 2289 Mariam
1800 2229 1893 2290 Maio-

1145 2335 1215 2382 rem
1231 2321 1291 2382 sub
1303 2322 1422 2384 annulo
1435 2321 1613 2393 Piscatoris,
1628 2322 1679 2383 die
1693 2337 1807 2382 uuum.
1823 2321 1892 2382 iulii

1147 2431 1392 2488 uucccxxuvu,
1407 2415 1608 2494 pontificatus
1621 2414 1723 2476 nostri
1740 2430 1823 2476 anuo
1835 2431 1891 2475 vu.

1448 2693 1584 2756 cxxvi.

1149 2878 1256 2958 Eripit
1277 2881 1491 2960 episcopatum
1513 2878 1755 2958 Dobuqccusrm
1776 2879 1811 2940 in
1834 2884 1895 2940 ter-

1187 2974 1302 3035 ritorio
1323 2974 1482 3036 Viacousiu
1497 2975 1531 3035 in
1548 2973 1695 3035 Amorion
1710 2973 1896 3052 septentrio-

1189 3068 1269 3136 acii,
1283 3067 1363 3144 quod
1383 3067 1517 3147 proinde
1532 3067 1628 3147 eripit
1642 3083 1662 3128 α
1674 3065 1897 3127 iurisdictione

1190 3161 1338 3241 Episcopi
1360 3159 1390 3222 S.
1409 3161 1573 3223 Lodooici.

1320 3328 1542 3397 adsecutus
1567 3331 1627 3396 ΡΡ.
1652 3329 1725 3396 llll.

1260 3452 1296 3518 ad
1319 3456 1493 3533 perpetuam
1517 3453 1560 3517 rei
1584 3454 1767 3519 memoriam.

1190 3626 1340 3688 Universi
1369 3625 1521 3688 dominici
1551 3627 1659 3703 gregis
1688 3627 1773 3687 salus
1806 3627 1898 3688 uobis

1812 511 1870 576 {89
1920 520 1972 571 ln.
1988 521 2017 571 o.
2041 513 2108 570 reat

348 3721 423 3784 bant
443 3728 491 3794 ut,
507 3722 545 3784 ad
567 3721 828 3800 prospiciendum
850 3721 1027 3798 Religionis
1046 3738 1094 3783 ca·
1151 3719 1305 3782 divinitus
1327 3719 1508 3780 concredita
1530 3719 1670 3796 postulat
1690 3723 1786 3794 atoue
1815 3720 1899 3781 cilla-

348 3814 484 3877 tbolicae
499 3815 713 3888 incremento,
730 3821 825 3890 atque
841 3815 879 3876 ad
893 3816 1094 3878 commodius
1152 3815 1241 3892 gitat,
1265 3820 1301 3875 ut
1328 3828 1456 3874 summo
1484 3811 1590 3872 studio
1613 3818 1645 3873 et
1669 3812 1834 3888 vigilantia
1863 3829 1899 3874 ea

350 3915 382 3971 et
402 3909 583 3988 expeditius
599 3909 832 3988 procurandam
854 3909 1033 3970 animarum
1049 3925 1095 3970 sa·
1152 3907 1258 3970 omnia
1273 3908 1454 3985 peragenda
1468 3921 1620 3968 curemus
1636 3921 1717 3983 quae
1733 3903 1770 3967 ad
1793 3907 1898 3969 catho-

350 4001 470 4074 lutem,
500 4002 533 4063 in
556 4003 720 4081 prouincia
749 4001 907 4064 Fluminis
936 4001 1095 4080 liissisipli
1152 4003 1229 4064 licae
1251 3999 1426 4077 Religionis
1449 3999 1570 4060 bonum
1593 4005 1626 4060 et
1640 3999 1898 4061 christifidelium

350 4095 532 4157 incivitate
559 4095 765 4158 Natcbetensl
791 4111 907 4157 novam
937 4096 1095 4174 episcopa·
1151 4096 1322 4159 utilitatem
1352 4093 1517 4173 pertinere
1539 4109 1632 4172 posse
1662 4093 1897 4170 cognoscimus.

350 4187 414 4250 lem
436 4189 548 4250 sedern
569 4189 768 4250 constituere
789 4188 941 4260 velimus,
958 4189 1009 4251 cui
1032 4195 1095 4250 tota
1192 4191 1210 4264 g
1234 4189 1261 4250 l.
1285 4188 1394 4264 ltaque
1416 4203 1488 4248 cum
1508 4201 1606 4248 venn.
1631 4185 1746 4248 iratres
1769 4185 1900 4248 rlrcbie-

351 4279 585 4360 llissisipiensis
607 4281 770 4360 provincia
794 4281 991 4354 subiiciatur,
1016 4296 1096 4359 quae
1141 4284 1301 4370 ¹piscopos
1332 4282 1591 4352 Baltimorensis,
1626 4287 1721 4357 atquc
1753 4281 1900 4358 Episcopi

352 4373 505 4436 hactenus
527 4374 674 4452 Episcopi
695 4373 803 4435 Novae
833 4374 983 4436 Aureliae
1004 4375 1096 4438 iuris·
1154 4375 1349 4438 dioecesium
1362 4375 1658 4436 coniaederatarum
1671 4373 1837 4436 Americae
1852 4389 1901 4435 se-

352 4465 483 4528 dictioni
511 4467 652 4538 suberat,
680 4483 738 4530 nos
765 4467 804 4528 de
832 4481 930 4529 vcnn.
960 4467 1096 4528 lratrum
1154 4469 1628 4548 ptentrionalisprovinciarum
1644 4469 1813 4546 insynodo
1829 4484 1901 4546 pro-

351 4568 538 4622 nostrorum
562 4559 594 4622 S.
609 4559 645 4622 R.
663 4559 698 4622 E.
721 4559 936 4622 Cardinalium
959 4561 1097 4638 negotiis
1154 4562 1282 4623 vinciali
1304 4578 1416 4624 mense
1431 4562 1523 4640 aprili
1538 4561 1635 4623 liuius
1650 4561 1809 4624 vertentis
1826 4564 1900 4623 anni

352 4651 576 4730 Propagandae
587 4653 675 4714 Fidei
698 4653 954 4731 praepositorum
970 4661 1098 4715 senten·
1154 4672 1387 4717 uncccxxxvu.
1412 4655 1517 4716 habita
1544 4656 1746 4732 congregati,
1779 4657 1815 4717 ad
1843 4673 1901 4717 nos

352 4744 404 4817 tia,
421 4762 456 4807 ac
470 4746 594 4808 ratione
616 4745 720 4808 nahita
735 4761 911 4808 consensus
925 4748 963 4808 ab
983 4747 1097 4808 eodem
1154 4749 1331 4827 supplicem
1360 4749 1509 4810 miserint
1536 4747 1695 4819 libellum,
1727 4763 1791 4824 quo
1819 4749 1901 4810 alllr-

352 4835 508 4917 Episcopo
530 4837 639 4900 Norae
667 4837 816 4900 Aureliae
845 4839 991 4911 exhibiti,
1016 4839 1098 4900 eius·
1155 4841 1300 4903 mabatur·
1316 4841 1395 4902 utile
1421 4840 1573 4918 religioni
1598 4848 1631 4902 et
1652 4841 1832 4903 animarum
1855 4859 1902 4903 sa-

352 4932 439 4994 modi
460 4947 531 4995 rem
553 4931 784 4994 conficiendam
806 4933 1001 4995 censuimus.
1155 4935 1214 4996 luti
1237 4950 1307 4996 esse
1330 4934 1489 5006 laturum,
1513 4935 1540 4995 si
1562 4935 1654 4996 sedes
1677 4951 1759 4997 nova
1782 4937 1903 5014 episco-

392 5026 461 5101 §2-
484 5025 703 5103 ltaquarebus
719 5026 869 5090 omnibus
885 5035 1011 5088 maturo
1028 5043 1098 5090 exa·
1155 5029 1233 5106 palis
1254 5029 1288 5090 in
1310 5028 1437 5090 civitate
1459 5028 1681 5104 llubuouensi,
1709 5045 1813 5106 nuper
1835 5031 1903 5107 qui-

352 5116 440 5178 mine
462 5117 641 5196 perpensis,
658 5125 749 5179 motu
765 5119 896 5196 proprio
912 5123 944 5180 et
959 5134 998 5180 eu
1013 5121 1099 5180 certa
1156 5122 1228 5183 dem
1251 5121 1427 5192 aedificata,
1451 5121 1507 5182 sed
1529 5121 1622 5183 valde
1643 5123 1705 5182 iam
1736 5123 1901 5200 populosi,

352 5210 494 5282 scientia,
519 5211 624 5288 deque
646 5217 774 5274 nostrae
799 5211 990 5290 apostolicae
1011 5219 1099 5290 pote·
1155 5215 1188 5276 in
1200 5215 1366 5277 territorio
1383 5213 1572 5276 visconsino
1584 5215 1739 5292 erigatur,
1754 5216 1805 5276 cui
1821 5215 1904 5277 eius-

352 5305 440 5369 statis
461 5303 663 5382 plenitudine
685 5305 772 5366 bisce
794 5304 896 5366 literis
918 5306 951 5367 in
972 5305 1099 5367 civitate
1157 5310 1229 5370 dem
1242 5307 1400 5369 territorii
1412 5307 1615 5369 occidentalis
1628 5308 1904 5386 pars,qucdultra

353 5395 558 5460 Natcbctensi
579 5413 696 5484 novam
716 5398 929 5478 episcopalem
944 5400 1055 5462 sedern
1069 5416 1100 5460 e·
1156 5401 1277 5462 ilurncn
1305 5399 1479 5478 liississipi,
1503 5400 1580 5461 citra
1609 5401 1730 5462 flumen
1757 5399 1904 5461 Missouri

353 5489 489 5568 rigimus
504 5497 600 5568 atque
619 5491 829 5564 instituimus,
847 5493 898 5554 cui
916 5499 1015 5554 totam
1028 5508 1100 5572 pro·
1157 5493 1247 5563 iacet,
1265 5508 1346 5570 quae
1363 5493 1516 5555 hactenus
1533 5493 1689 5571 Episcopo
1705 5491 1905 5554 S.·Lndovioi

353 5584 490 5646 vinciam
507 5583 770 5663 Missisipiensem
789 5585 988 5658 subiicimus,
1004 5601 1099 5663 quam
1157 5587 1297 5658 suberat,
1315 5587 1512 5668 subiiciatur,
1530 5603 1589 5649 nos
1602 5589 1640 5648 de
1652 5601 1750 5648 venn.
1768 5587 1904 5648 iratrum

354 5678 551 5756 provinciam
574 5695 614 5740 ex
635 5678 856 5742 iurisdictione
871 5679 1016 5758 Episcopi
1039 5679 1100 5742 No·
1157 5685 1345 5741 nostrornm
1369 5679 1400 5742 S.
1418 5681 1453 5742 R.
1471 5680 1508 5742 E.
1531 5679 1749 5742 cardinalium
1766 5679 1905 5756 negotiis

355 5785 412 5834 rae
433 5770 585 5834 Aureliae
607 5771 738 5834 omniuo
760 5773 952 5834 subtractam
974 5773 1008 5834 in
1029 5788 1101 5851 pro·
1158 5772 1744 5852 PropagandaeFideipraepositorum
1758 5772 1903 5842 consilio,

355 5865 461 5944 prium
491 5872 524 5930 et
544 5865 739 5946 peculiarem
766 5865 983 5944 episcopatum
1006 5865 1101 5943 erigi·
1158 5865 1348 5944 apostolicae
1369 5867 1535 5945 potestatis
1558 5865 1769 5944 plenitudine,
1783 5865 1816 5926 in
1831 5866 1905 5926 clvi-
