1290 1823
332 173 350 189 ⁹6

332 211 375 223 *rum
385 207 498 227 episcopalium
505 207 571 224 vacatio,
579 206 639 222 §acilius
648 205 683 224 Epi-

332 235 367 250 )pos
379 235 396 246 ea
410 230 443 246 loca
459 232 558 250 opportunos
571 229 655 246 baberent,
667 230 684 244 et

332 254 411 269 aesulihus
420 253 457 273 ipsis
465 253 502 269 satis
509 257 580 272 congrua
588 253 651 272 praesto
659 256 683 267 es-

332 279 348 292 nt
358 277 432 294 subsidia,
445 280 485 296 quae
500 276 594 292 eorumdem
610 275 683 294 dignitati

332 300 422 315 uvenirent.
434 299 499 315 Factum
509 301 533 314 est
540 303 579 314 vero
591 300 682 318 temporum

332 323 426 341 tissitudine,
439 324 457 338 ut
467 323 503 340 hoc.
515 322 558 341 quod
569 322 596 337 diu
607 321 682 340 religioni

332 346 350 361 lle
361 346 377 361 in
388 346 407 361 iis
422 346 516 365 regionibus
530 345 565 363 fuit,
578 345 595 360 in
609 349 629 360 ec
641 346 682 359 statu

332 373 377 385 inere
387 373 420 385 non
428 369 504 389 potuerit,
516 372 564 388 quern
572 368 683 388 praedecesso-

332 397 347 408 m
359 395 451 408 nostrorum
463 392 532 410 decreta,
544 392 560 407 in
570 392 648 407 adiunctis
659 395 683 407 re-

332 420 348 431 m
356 416 404 435 longe
412 415 480 431 diversis
488 415 535 432 edita,
542 415 639 430 servandum
648 419 683 430 esse

332 441 396 455 zserant.

332 463 340 482 ἓ
351 463 366 478 3,
378 462 439 478 Pluries
453 466 487 479 nos.
499 465 535 477 cum
547 461 598 477 adhuc
612 461 682 477 Consilio

332 486 402 501 iristiano
413 485 477 501 Nemini
488 485 591 504 Propagandu
602 488 683 504 praeesse>

332 513 353 527 is,
360 509 460 528 perpendere
466 508 547 523 rationum
554 508 648 527 gravitatem
656 508 682 523 de-

334 533 384 550 imus,
400 536 440 551 quae
455 531 591 549 demonstrabant,
607 531 682 550 regiones

332 560 345 571 is
356 557 387 571 tam
399 555 429 570 late
441 556 519 574 patentes
527 558 568 573 quae
578 558 681 574 permagnam

332 578 409 594 stissirnae
422 578 444 593 cis
457 577 528 596 Gangem
543 577 637 596 peninsulae
648 581 682 596 par-

332 605 343 616 n
354 601 459 618 constituunt.
468 600 558 616 necessario
566 600 656 619 requirere,
665 602 683 615 ut

332 624 400 640 *ostolica
416 624 465 639 Sedes
478 623 553 642 religioni
562 623 579 638 in
590 623 608 638 iis
620 623 682 642 pericli-

332 648 348 663 iti
359 648 467 665 succurreret,
478 648 494 662 et
505 646 606 662 ecclesiastici
617 646 681 665 regimi-

332 675 334 685 ἰ
346 671 413 686 formam
422 675 440 686 ea
447 670 509 685 ratione
516 670 634 687 moderaretur.
641 673 681 688 quae

332 694 405 709 tinendae
412 693 495 712 religionis
501 693 607 708 incolumitati
613 697 640 712 par
646 697 681 708 esse

332 719 369 733 sset.
381 717 440 733 Notum
451 717 497 732 nobis
509 718 548 734 erat,
560 716 635 735 regiones
647 716 681 731 illas

332 740 408 756 ›ecesiurn
419 740 564 759 Granganorensis,
580 739 681 755 Coccinensis

334 764 453 783 Meliapcrensis
460 767 489 778 seu
498 763 514 778 S.
526 763 596 778 Thomae
603 762 681 778 limitibus

332 787 430 806 rnpreliendi.
439 786 525 802 Constabat
532 790 571 801 vero
578 786 628 803 nobis,
637 790 681 805 prae-

332 814 402 825 cessores
413 811 476 825 nostros
487 809 584 825 fidelissimis
592 809 681 824 Lusitaniae

333 833 379 852 gibus
390 834 490 853 patronatum
502 833 518 848 in
527 832 562 848 illas
570 832 657 850 dioeceses,
666 834 682 848 et

333 856 395 876 iscopos
406 856 499 872 nominandi
507 855 611 875 privilegium
622 856 681 875 imper-

332 884 346 895 Js
361 883 402 895 esse.
417 879 450 895 Hoc
464 879 507 894 enim
522 879 613 894 continetur
630 879 681 894 literis

332 902 398 918 ›stolicis
410 902 436 918 lei.
449 906 481 918 rec.
494 902 537 917 Pauli
548 901 574 917 1v.
586 902 617 917 diei
628 906 650 917 w.
659 901 681 917 ie-

332 926 368 941 iarii
380 930 422 941 anno
433 930 493 941 uocvn.
506 929 546 945 quae
560 925 639 944 incipiunt
649 925 681 940 Pro

332 949 396 966 tenenti,
405 949 463 968 quihus
472 948 558 964 dioecesim
566 948 680 964 concinensern

332 972 400 991 istituit;
411 972 450 987 item
464 971 552 987 Clementis
564 971 603 987 Vlll.
616 971 647 987 diei
659 976 679 986 ιν.

332 996 372 1015 gusti
386 1000 424 1010 nnc.
440 995 553 1014 incipientibus
569 994 588 1010 Ιπ
601 999 680 1014 supremo,

335 1019 379 1034 Pauli
390 1018 409 1034 V.
421 1018 452 1034 diei
463 1022 484 1033 vi.
495 1018 571 1033 februarii
582 1022 649 1033 uocxvri
658 1018 681 1033 in-

332 1041 404 1057 ientibus
415 1041 460 1057 Atius
469 1042 552 1061 postquam
563 1041 583 1056 de
590 1041 680 1060 Crangano-

332 1065 360 1080 isis
371 1064 515 1084 archiepiscopatus
527 1064 618 1082 erectione;
629 1068 647 1079 ac
654 1064 680 1079 de-

332 1092 358 1107 {ue
368 1087 455 1107 apostolico
466 1087 531 1103 decreto
539 1087 582 1102 Pauli
590 1087 608 1102 V⁴
618 1087 649 1103 diei
657 1091 679 1102 ix.

332 1111 375 1126 *uarii
386 1115 441 1126 nncvi.
453 1114 485 1130 quo
496 1110 595 1130 episcopatus
607 1110 680 1130 Meliapo-

332 1134 365 1152 isis,
381 1138 408 1149 seu
424 1134 440 1149 S.
456 1134 526 1149 Thomas
540 1133 636 1149 constitutus
650 1135 679 1149 esti

333 1161 343 1173 n
355 1157 438 1173 omisimus
446 1157 472 1172 vel
483 1157 502 1172 ah
510 1161 529 1172 eo
540 1158 619 1176 temporo,
626 1157 644 1172 ad
653 1157 680 1172 bo-

332 1184 348 1196 m
359 1180 442 1199 religionis
450 1180 584 1200 promovendum,
593 1180 619 1195 illa
627 1180 680 1195 omnia

332 1204 368 1222 iari,
383 1208 423 1223 quae
439 1205 531 1223 temporum
545 1203 618 1218 adiuncta
632 1203 680 1222 patie⁷

332 1229 372 1243 itur.

332 1251 338 1269 ξ
349 1251 363 1266 Ιι.
375 1250 459 1269 Postquam
471 1254 511 1265 vero
522 1250 540 1265 ad
548 1249 565 1265 [L
575 1249 617 1265 Petri
628 1250 680 1265 cathe-

332 1278 353 1289 nn
370 1273 407 1289 licet
420 1273 525 1288 immerentes
542 1273 593 1288 evecti
609 1273 679 1290 ruimus.

332 1296 360 1312 [lto
366 1296 472 1316 frequentius,
480 1298 496 1311 et
502 1296 545 1311 omni
552 1296 629 1315 gravitate
635 1300 680 1315 prae-

332 1320 386 1335 ntibus
397 1319 507 1335 monumentis
518 1319 581 1334 excitati
592 1323 654 1337 sumus,
662 1321 680 1334 ut

333 1342 382 1362 igiuni
397 1343 413 1358 in
427 1346 516 1362 permagno
531 1342 623 1358 discrimine
638 1342 680 1362 apud

332 1370 342 1381 lS
359 1367 415 1385 gentes
431 1365 502 1381 versanti
517 1369 564 1385 opem
578 1365 679 1381 afferremus.

332 1393 348 1404 ec
359 1389 412 1404 animo
423 1389 508 1404 volventes
518 1390 534 1404 et
541 1388 635 1408 apostolicae
643 1388 680 1404 soli-

332 1412 382 1427 idinis
389 1412 439 1427 officia
447 1412 540 1431 cogitantes.
550 1411 613 1427 adducti
621 1411 680 1427 idcirco

332 1439 372 1453 nus,
386 1437 404 1450 ut
417 1435 468 1450 literis
482 1434 573 1454 apostolicis
588 1434 619 1450 diei
633 1438 679 1450 xvm.

332 1458 361 1474 ilis
372 1462 482 1473 nocccxxxrv.
494 1458 607 1477 incipientibus
614 1457 680 1473 Latis-xi-

340 1482 422 1497 terrarum
433 1483 501 1498 tractus,
513 1481 593 1497 Vioarium
601 1481 680 1500 Apostoli-

332 1508 343 1520 n
352 1508 360 1520 a
368 1504 409 1520 Sede
420 1504 510 1524 Apostolica
519 1505 581 1520 tantum
589 1504 680 1524 dependen-

569 177 602 188 ιιῃῃΔ
614 176 660 188 rowr.
672 176 692 187 M
703 176 717 187 P.
730 176 744 187 Ρ.
756 177 798 188 tuus
808 177 820 188 i.

711 207 744 221 tem
754 206 896 224 constitueremus,
907 206 935 226 qui
946 206 1039 226 populosam
1050 205 1084 221 Cal-

711 230 763 244 cutiae
774 229 831 245 urbem
846 230 914 249 eiusque
928 229 1008 249 politicam
1023 229 1084 249 praele-

711 254 772 267 cturam
780 252 867 268 subiectam
875 252 947 268 haberet.
959 252 1036 271 Quoniam
1044 256 1083 268 vero

711 275 771 295 reperti
779 277 822 293 sunt.
830 276 858 295 qui
864 276 921 292 Vicarii
928 275 1015 296 Apostolici
1022 280 1030 291 a
1038 276 1083 291 nobis

711 298 780 314 instituti
791 299 897 315 jurisdictioni
908 299 1009 317 resisterem,
1021 301 1037 314 et
1048 303 1083 318 apo-

711 322 770 337 stolicis
777 322 835 337 nostris
843 322 894 338 literis
900 326 933 338 non
939 322 1082 342 obtemperandum

711 349 746 360 esse
757 345 879 364 contenderent,
891 349 911 361 eo
922 345 965 365 quod
976 345 993 361 in
1007 345 1044 363 illis,
1056 350 1083 361 ex>

711 372 765 387 pressa
779 368 862 384 mentione
879 368 923 386 iacta,
941 369 1036 388 derogatum
1051 373 1083 384 non

711 393 754 407 esset
764 392 788 409 iis,
801 396 841 411 quae
852 392 910 407 Paulus
920 392 939 407 V.
948 392 974 407 die
982 396 1004 407 ix.
1016 392 1082 407 ianuarii

711 419 769 430 uucw.
785 415 805 430 de
820 415 893 435 Episcopi
910 415 1039 434 Meliaporensis,
1054 419 1082 431 seu

711 437 727 453 S.
734 438 805 453 Thornae
816 438 930 453 iurisdictionis
941 438 1000 453 finibus
1008 438 1083 454 decreve-

711 462 740 479 rat,
752 465 781 476 nos
792 461 823 476 alio
833 461 879 477 brevi
890 461 976 481 apostolico
987 461 1019 477 diei
1026 465 1047 476 iv.
1056 465 1082 477 au·

711 484 754 503 gusti
764 488 868 500 nocccxxxV.
875 484 920 500 cuius
931 485 995 500 initium
1006 486 1031 500 est
1039 484 1082 500 Gom-

710 507 754 522 missi
768 507 821 525 nobis,
833 511 898 523 omnem
911 508 954 523 hunc
967 508 1027 523 dissidii
1038 512 1082 527 prae-

711 532 772 546 textum
785 531 870 546 reiecimus
881 532 898 546 et
903 531 949 550 plura
960 531 1081 548 declaravimus.

710 558 750 573 quae
758 554 776 569 ad
784 554 857 569 stabilius
868 554 960 570 firmandam
973 554 1030 569 Vicarii
1041 554 1082 574 Apo-

710 577 761 592 stolici
772 577 876 596 Bengalensis
887 577 997 592 auctoritatem
1009 579 1082 597 poterant

710 600 797 619 pertinere.
813 600 872 616 Eadem
887 600 906 616 de
921 604 967 616 causa
981 600 1039 616 {actum
1051 602 1080 618 est,

710 625 728 638 ut
733 623 781 638 alium
790 623 870 639 Vicarium
879 623 989 643 Apostolicum
995 623 1082 643 Madraspa-

710 646 747 664 tani,
759 646 810 662 literis
821 646 852 662 diei
863 651 900 662 xxv.
909 646 963 666 aprilis
971 650 1080 662 uocccxxxivi

709 669 823 688 incipientibus
835 669 860 685 Ex
871 669 921 685 debito
933 669 1026 689 pastoralis,
1037 670 1082 685 insti>

710 693 788 708 tuendum
800 696 835 708 esse
846 693 946 708 duxerimus.
962 692 1002 708 Haec
1016 697 1081 712 quoque

709 716 749 731 ratio
760 716 791 731 luit
797 720 826 731 cur
833 716 859 731 die
869 720 915 731 xxiii.
928 716 962 731 dec.
970 720 1080 731 uocccxxxvi.

709 739 751 754 aliud
760 739 809 754 breve
817 739 921 758 apostolicum
927 739 1005 758 incipiens
1014 739 1040 754 Ex
1047 743 1081 754 mw

709 766 746 777 mre
756 762 844 782 pastoralis
855 762 959 780 ediderimus,
968 766 1000 781 quo
1011 762 1081 777 vastissi-

709 789 751 800 mam
762 785 831 801 insulam
844 785 903 805 Ceylan
915 785 977 801 vicario
990 785 1081 805 Apostolico

709 813 717 824 a
728 808 773 824 nobis
785 809 858 824 instituto
870 808 990 828 gubernandam
1001 809 1081 824 commisi-

710 836 751 847 mus.
763 831 793 847 Hac
805 832 874 851 denique
883 832 944 847 ratione
956 832 1014 847 lactum
1025 834 1055 850 est,
1063 834 1081 847 ut

709 855 801 875 prospicere
808 855 891 874 cupientes
898 855 982 874 religionis
990 855 1080 870 necessitati

709 878 749 898 apud
757 878 792 894 illas
800 880 862 897 gentes,
869 882 910 897 qnae
917 878 1011 897 peninsulae
1019 880 1080 897 partem

709 901 786 919 incolunt.
798 905 838 921 quae
846 901 864 917 ad
872 901 954 917 Orientem
965 901 1045 917 montium
1053 901 1080 917 Ga-

709 927 732 940 tes
743 925 797 944 vergit
808 926 824 940 et
834 929 842 940 a
853 924 919 940 flumine
929 924 1004 944 Chovery
1015 925 1034 940 ad
1045 928 1081 944 pro>

709 948 808 963 montorium
819 951 870 967 usque
881 947 986 963 Comorinurn
1000 948 1081 967 protendi-

709 973 740 989 tur,
752 971 848 986 universum
856 971 902 987 illum
912 970 998 990 regionum
1006 972 1079 989 tractum,

708 995 736 1013 qui
747 998 797 1014 regna
808 994 887 1012 Madurae,
897 994 972 1013 Tanjorii,
985 994 1057 1009 Moravae
1065 996 1081 1009 et

709 1017 768 1033 Misorii
779 1017 907 1037 comprehendit,
918 1021 947 1037 per
958 1019 1029 1032 nostram
1040 1017 1081 1033 Con-

709 1041 820 1060 gregationem
831 1040 851 1056 de
862 1040 964 1060 Propaganda
973 1040 1011 1056 Fide
1018 1040 1044 1056 die
1055 1044 1079 1056 in.

708 1064 748 1079 iunii
759 1068 875 1079 uocccxxxvu.
885 1067 934 1079 veun.
943 1063 996 1079 fratris
1007 1063 1081 1079 Clemen-

708 1087 728 1102 tis
739 1087 812 1107 Episcopi
827 1087 952 1106 Drusiparensis,
964 1087 981 1102 in
991 1086 1021 1102 Ora
1032 1087 1080 1102 Coro-

708 1110 796 1126 mandelica
810 1110 868 1125 Vicarii
882 1109 977 1129 Apostolici.
992 1110 1080 1129 provisoria

708 1133 775 1151 ratione,
787 1135 803 1148 et
814 1133 865 1152 quoad
876 1132 922 1148 aliter
930 1137 938 1148 a
946 1132 962 1148 Si
975 1132 1015 1148 Sede
1026 1133 1080 1149 decre-

709 1158 742 1171 tum
754 1156 808 1174 luerit,
820 1160 868 1171 curae
875 1159 891 1171 et
898 1156 1004 1171 iurisdictioni
1014 1156 1080 1172 commi-

708 1179 782 1194 serimus*

727 1202 737 1221 ἓ
747 1202 762 1217 ὅ.
774 1202 881 1221 Intelligimus
888 1206 917 1221 per
925 1202 969 1220 haec,
976 1206 1016 1221 quae
1028 1202 1080 1218 hacte-

708 1229 738 1241 nus
749 1230 757 1240 a
768 1225 814 1241 uobis
825 1225 844 1240 de
855 1229 873 1240 ea
883 1225 964 1241 Indiarum
976 1225 1042 1244 regione
1050 1227 1080 1241 sta>

708 1250 741 1264 tuta
752 1250 795 1266 sunt.
806 1248 823 1264 in
834 1252 921 1268 permagna
932 1248 1025 1268 peninsulae
1035 1250 1080 1268 parte

707 1272 791 1291 religionis
805 1271 870 1287 utilitati
886 1272 977 1287 consultum
992 1276 1033 1287 esse.
1049 1272 1079 1288 Sed

708 1297 771 1314 praeter
781 1295 808 1310 illa
816 1295 855 1313 loca,
864 1298 904 1314 quae
912 1294 978 1310 Vicariis
985 1294 1079 1314 Apostolicis

708 1318 811 1337 gubernanda
823 1318 879 1333 tradita
893 1318 965 1335 fuerunt=
977 1322 1009 1333 non
1022 1322 1080 1337 parvae

707 1341 759 1357 adhuc
773 1343 861 1361 supersunt
873 1341 895 1356 ibi
910 1341 994 1360 regiones.
1011 1345 1079 1360 quarum

707 1365 750 1380 bono
757 1364 836 1384 spirituali
844 1364 935 1384 prospicere
942 1366 1024 1382 tenemur.
1033 1368 1079 1384 duaev

708 1391 739 1407 que
750 1387 793 1403 inter
804 1388 844 1403 fines
855 1387 953 1403 dioecesium
959 1387 1080 1407 Crauganoren-

708 1411 734 1429 sis,
746 1410 848 1426 Coccinensis
856 1412 873 1426 et
880 1411 1000 1430 Meliaporensis
1008 1410 1034 1426 vel
1042 1410 1080 1426 San>

707 1434 728 1450 cti
740 1434 810 1450 Thomae
824 1434 885 1454 positae
899 1435 942 1449 sunt.
954 1433 1022 1452 Scimus,
1034 1434 1080 1449 disci>

707 1457 767 1477 plinam
773 1457 901 1475 ecclesiasticam,
906 1457 961 1477 populi
967 1461 1026 1475 mores,
1031 1457 1079 1472 fldem

708 1481 807 1499 catholicam,
819 1481 838 1496 iis
849 1481 865 1496 in
876 1480 920 1498 locis,
932 1484 974 1499 quae
984 1480 1043 1496 iamdiu
1054 1484 1079 1500 pa·

707 1506 751 1519 stote
762 1505 824 1522 carent,
840 1507 916 1523 magnum
930 1503 1046 1519 detrimentum
1056 1507 1080 1519 ac-

1099 172 1128 185 An⁴
1136 172 1158 185 C.
1174 169 1221 183 1838

1096 1207 1145 1222 Noynm
1150 1208 1211 1221 ιιι-ονγῑ»

1089 1223 1137 1231 son-m
1147 1220 1210 1232 insinuit

1089 1233 1138 1245 nonem
1143 1234 1170 1249 yse
1183 1235 1205 1248 Ap

1089 1247 1209 1274 ἕὲἱὲῗΐῐίΓι-,ἓὲἕῖ

1089 1273 1137 1298 ἔπιέ-ηας
1153 1273 1209 1285 oecon
