1290 1823
585 180 617 191 mul
629 180 675 191 Pom.
687 179 707 191 ue
718 179 733 191 ι).
745 179 760 191 Ρ,
772 179 814 190 PARS
825 179 835 190 l.

377 214 404 225 um
415 210 450 225 eius
460 210 556 225 auctoritate
566 209 627 227 confisi.
642 213 698 225 conce-

375 243 376 246 ,
387 234 403 248 et
413 233 522 252 indulgemus.
534 234 552 248 ut
563 233 697 252 quandocumque

375 256 399 272 los
415 256 471 275 aliquis
487 256 569 274 secularis.
586 256 612 272 vel
626 256 697 272 cuiusvis

375 279 391 297 is.
403 279 539 299 congregationis.
551 281 567 295 et
574 279 643 295 instituti
650 283 698 299 regu-

377 302 441 318 missam
449 302 562 318 detunctorum
573 306 602 322 pro
613 302 664 318 anima
671 307 698 318 eu-

375 330 421 345 mque
428 326 541 344 christilidelis.
550 330 591 345 quae
598 326 631 342 Deo
638 326 655 341 in
663 326 698 342 cha-

382 349 467 365 coniuncta
477 349 496 365 ab
508 349 536 365 bac
547 349 583 365 luce
597 349 697 369 migraverit.

375 376 381 388 1
392 372 409 388 in
420 372 486 388 ecclesia
496 373 515 388 ad
526 372 575 388 altare
583 372 649 388 Sanctae
658 372 698 388 The-

375 396 498 414 *celebr-averit,
514 396 565 411 anima
579 396 612 416 ipsa
628 396 648 411 de
664 396 698 411 the-

383 419 463 435 Ectlesiae
474 423 503 439 per
514 419 580 434 modum
591 418 662 438 suffragii
675 419 698 434 in-

376 442 425 458 ntiam
436 444 553 462 consequatur;
564 442 585 458 ita
595 444 613 458 ut
626 442 698 458 eiusdem

375 466 389 481 ni
400 466 451 481 nostri
458 466 494 481 lesu
501 466 566 483 Christi.
574 470 591 481 ac
598 466 699 482 beatissimae

375 493 384 505 e
396 489 473 508 Virginis.
486 491 611 508 sanctorumque
625 489 698 505 omnium

376 512 389 527 is
399 512 429 528 sibi
445 512 569 532 suffragantibus
586 516 594 528 a
610 513 699 532 purgatorii

376 540 382 550 s
393 535 476 551 liberetur.

377 571 381 574 .
393 559 434 575 Haec
444 559 529 575 statuimus
539 561 587 578 atque
601 559 697 578 elargimur.

376 584 433 598 nentes
444 582 490 598 hasce
501 583 555 598 literas
566 584 583 598 et
593 583 609 598 in
623 583 646 598 eis
662 587 699 598 con-

380 609 491 625 quaecumque
502 606 559 625 quovis
570 607 659 625 praetextu.
673 610 699 622 co-

375 630 386 644 et
396 629 462 648 ingenio
473 629 492 644 de
503 629 611 648 subreptionis
619 629 645 645 vel
653 629 699 645 obre-

377 656 385 667 s
395 652 440 670 vitio.
452 654 479 667 aut
489 652 583 668 intentionis
594 654 664 671 nostrae,
672 653 698 668 vel

376 680 383 691 s
399 675 430 691 alio
446 675 510 691 deiectu
526 676 583 693 notari.
600 676 697 695 impugnari.

375 703 380 714 i
390 699 517 714 controversiam
528 698 585 714 deduci
596 703 629 714 non
646 703 697 718 posse.

375 726 429 741 emper
440 722 500 740 ssrmas,
516 721 581 740 validas.
598 724 614 737 et
628 722 699 738 efficaces

375 749 396 761 ire
407 749 424 761 ac
435 745 475 763 lore.
486 749 557 764 suosque
565 745 644 764 plenarios
653 747 669 761 et
676 745 699 761 in-

375 773 381 784 s
392 769 458 784 effectus
469 768 524 784 sortiri
535 770 551 784 et
561 768 641 787 obtinere.
650 770 666 784 et
673 772 700 784 eo-

375 796 420 807 causa
431 796 472 811 quae
482 796 558 811 expressa
568 793 611 810 sunt,
629 794 663 807 tum
679 792 699 807 ob

375 817 430 831 nutum
438 815 507 830 lratrum
514 815 637 831 Carmelitarum
643 819 705 831 nume--

380 840 416 854 tum
427 838 448 854 ol)
458 838 522 854 dissidia
529 838 572 854 inter
579 842 607 854 eos
614 840 630 854 et
637 839 700 854 sodales

375 863 405 877 uos
416 863 477 880 exorta.
489 862 520 877 hoc
534 861 625 881 futurisque
639 863 700 882 tempo-

389 885 482 905 plenissime
499 885 592 904 suflragari.
611 885 666 904 sicque
683 885 700 901 in

375 908 418 924 iissis
429 912 458 928 per
468 912 579 928 quoscumque
590 908 650 924 iudices
658 909 701 924 ordi-

375 936 380 947 3
391 933 407 947 et
418 932 505 951 delegatos.
517 932 564 947 etiam
576 936 660 948 causarum
675 936 700 952 pa-

375 955 422 971 iostri
432 955 515 975 apostolici
530 955 617 973 auditores.
634 955 700 971 iudicari

375 978 417 994 [iniri
428 978 493 996 debere.
505 983 522 994 ae
533 978 597 994 irritum
608 980 625 994 et
632 979 679 994 inane
686 979 700 994 si

383 1006 432 1021 super
443 1002 468 1018 his
479 1006 486 1017 a
496 1005 577 1021 quoquam
584 1002 640 1021 quavis
645 1004 700 1018 aucto-

384 1025 455 1041 scienter
465 1024 491 1040 vel
506 1025 600 1044 ignoranter
614 1025 701 1044 contigerit

375 1052 407 1064 ari.

375 1071 385 1087 ἰ,
397 1071 433 1087 Non
445 1071 545 1087 obstantibus
559 1071 700 1087 constitutionibus

375 1094 463 1110 actionibus
474 1094 570 1114 apostolicis,
579 1098 608 1110 uec
616 1098 654 1113 non,
663 1099 701 1114 qua-

386 1122 426 1138 opus
433 1117 459 1136 sit.
467 1117 602 1133 confraternitatis
610 1119 626 1133 et
633 1118 699 1136 ordinis.

375 1141 416 1157 tibus
428 1141 480 1157 habita
491 1143 515 1157 est
526 1141 587 1157 mentio
598 1141 646 1157 etiam
660 1141 701 1157 iura-

375 1169 388 1183 o.
400 1164 522 1180 confirmatione
530 1164 621 1184 apostoliea,
629 1164 656 1181 vel
664 1168 701 1184 qua-

375 1188 444 1203 lrruitate
459 1188 489 1203 alia
505 1188 583 1203 roboratis
599 1188 668 1206 statutis.
685 1190 701 1204 et

375 1211 476 1229 ietudiuibus,
492 1211 581 1231 privilegiis
597 1215 662 1231 quoque
677 1211 701 1227 in-

375 1239 377 1249 ι
391 1236 407 1250 et
421 1234 471 1250 literis
484 1234 574 1254 apostolicis
590 1234 701 1254 superioribus

376 1258 433 1276 rsonis.
441 1258 472 1273 sub
481 1257 609 1277 quibuscumque
618 1257 701 1273 tenoribus

375 1281 416 1299 ἠύς,
428 1285 445 1297 ac
455 1285 492 1296 curn
503 1281 586 1300 quibusvis
597 1281 645 1296 etiarn
656 1281 702 1297 dero>

375 1304 426 1320 iarum
434 1304 545 1324 derogatoriis,
551 1304 618 1324 aliisque
626 1304 701 1320 efficacio-

375 1340 378 1346 .
390 1328 508 1346 efficacissimis,
516 1332 533 1343 ac
544 1328 612 1343 insolitis
619 1328 701 1346 clausulis,

375 1351 461 1370 ritibusque
472 1353 488 1366 et
498 1351 533 1367 aliis
540 1351 608 1367 decretis
616 1351 632 1366 iu
641 1355 702 1370 genere

375 1378 382 1390 a
392 1374 451 1394 specie.
463 1378 480 1390 ac
490 1374 525 1390 aliis
532 1374 549 1390 in
556 1374 655 1390 contrarium
663 1378 701 1394 quo-

375 1397 416 1413 libet
426 1397 511 1415 concessis.
523 1397 618 1417 approbatis,
630 1399 646 1413 et
657 1398 702 1413 inno-

375 1427 378 1439 ;
387 1421 446 1440 quibus
453 1421 528 1436 omnibus
536 1423 552 1436 et
561 1421 629 1440 singulis
635 1421 701 1437 illorum

376 1449 393 1460 es
404 1444 516 1464 praesentibus
528 1448 557 1464 pro
568 1444 616 1464 plene
629 1446 645 1460 et
659 1445 702 1460 suni-

375 1472 389 1484 er
400 1468 486 1487 expressis.
495 1472 512 1483 ac
519 1468 539 1483 de
547 1467 598 1483 verbo
605 1468 624 1483 ad
631 1468 700 1483 verbum

375 1491 393 1507 tis
404 1491 487 1509 habentes.
498 1491 529 1506 illis
536 1491 574 1506 alias
582 1491 598 1506 in
606 1495 635 1506 suo
642 1491 701 1507 robore

376 1514 444 1533 ausuris.
455 1514 474 1530 ad
487 1514 612 1534 praemissorum
625 1514 701 1530 eflectum

725 209 754 225 hac
764 209 800 225 vice
810 209 892 225 dumtaxat
902 209 992 229 specialiter
1000 210 1016 224 et
1023 212 1100 228 expresse

725 232 828 252 derogamus.
836 232 936 252 caeterisque
943 232 1027 248 contrariis
1035 232 1100 252 quihus>

725 259 800 275 cumque.

745 279 802 295 Datum
813 279 873 295 Romae
880 279 921 299 apud
932 279 949 295 S.
960 279 1026 295 Petrum
1036 279 1066 295 suh
1073 283 1100 295 an-

726 302 765 318 nulo
771 302 854 318 Piscatoris
860 302 885 318 die
893 306 927 318 xxi.
933 302 974 318 iunii
980 306 1099 320 lncccxxxut..

726 326 827 345 pontificatus
838 326 889 341 nostri
900 330 942 341 anno
953 330 977 341 111.

894 419 933 434 tlv.

756 466 849 481 Imminutio
860 466 937 485 tentorum
948 465 966 481 in
976 465 1042 481 dionem·
1053 465 1071 481 de

737 489 800 505 Buanns
811 488 860 509 Aures
867 489 885 504 in
892 488 943 504 [odiis
956 488 1088 504 Occidentalibtu.

727 535 812 552 Venerabili
818 535 862 552 tratri
869 534 936 551 Mariano
943 534 1015 551 Modrauo
1024 534 1100 555 Episcopo

737 559 755 576 de
761 558 879 579 Βυειιοε-Αγνεε
887 558 901 574 in
908 557 951 574 indiis
962 557 1090 577 Occidentalibufl.

813 603 923 622 GREGOMUS
935 604 965 620 ΡΡ.
976 603 1011 620 ΧῚΙ.

833 651 928 668 Venerabilis
939 650 993 669 trater,

743 675 809 692 salutem
820 676 835 691 et
846 674 945 696 apostoticam
957 674 1081 691 benedictionem.

746 723 755 741 ἓ
767 722 781 738 Ι.
793 722 911 742 Exponendum
919 721 965 737 nobis
973 721 1031 737 curasti
1039 721 1099 737 exsdie-

726 749 763 761 rum
774 745 853 761 festorum
865 744 975 762 multitudine,
983 744 1020 760 licet
1031 748 1050 760 eo
1061 749 1100 760 sane

726 769 792 785 consilio
799 769 877 787 instituta.
884 770 903 784 ut
908 768 1023 788 omnipotentis
1030 768 1057 784 Dei
1066 768 1099 787 glo

727 792 749 807 ria
760 794 776 807 et
789 792 843 808 cultus
858 793 941 811 augeatur.
954 791 1033 807 Ecclesiae
1047 791 1100 807 honor

727 815 812 833 excitetur.
824 815 914 830 animarum
924 814 967 830 salus
977 816 1073 834 procuretur
1084 816 1100 830 et

726 838 840 854 christifideles
850 838 869 854 ab
880 838 923 853 omni
930 837 986 853 servili
997 841 1046 857 opere
1053 838 1100 853 absti-

727 864 784 878 nentes
795 866 813 877 ea
825 865 855 881 qua
866 865 894 881 par
904 863 928 877 est
939 861 998 881 pietate
1008 863 1025 877 et
1035 861 1100 880 religio—

727 885 751 900 nis
762 889 811 901 sensu
822 888 873 900 sacras
884 884 941 900 adeant
952 884 1005 903 aedes.
1014 888 1054 904 quae
1062 886 1101 900 sunt

727 908 784 924 domus
795 908 823 924 Dei
835 909 851 924 et
861 908 896 923 aula
907 907 953 926 coeli.
965 909 1012 927 atque
1023 907 1040 923 in
1050 911 1100 923 sacra>

727 933 820 948 mentorum
836 935 884 947 usum
901 933 917 947 et
932 931 1028 947 coelestium
1044 935 1100 947 rerum

727 955 880 971 commentationem
886 955 937 974 magis
948 954 1032 974 magisque
1039 955 1100 970 incum-

728 979 770 996 bant.
779 983 796 994 ac
804 978 878 998 precibus
889 978 980 996 tundendis.
992 978 1060 997 aliisque
1070 978 1100 998 piis

726 1002 788 1017 instent
795 1001 876 1022 operibus,
886 1001 936 1017 multa
944 1003 998 1017 tamen
1007 1005 1058 1021 eaque
1065 1005 1100 1020 gra-

727 1025 752 1041 via
763 1025 864 1041 incommoda
872 1025 888 1040 in
895 1024 998 1044 amplissimis
1006 1024 1040 1040 istis
1048 1025 1100 1044 regio-

727 1048 774 1064 nibus
786 1048 866 1068 originem
877 1048 952 1063 habuisse
962 1051 995 1063 non
1009 1048 1045 1063 sine
1055 1048 1100 1067 gravi

727 1072 811 1091 religionis
819 1071 922 1087 detrimento.
934 1070 958 1086 Ex
966 1070 1045 1086 humanae
1056 1071 1100 1086 enim

727 1095 823 1111 conditionis
830 1096 846 1110 et
851 1096 936 1114 corruptae
943 1095 1009 1109 naturae
1016 1094 1056 1110 vitio
1064 1098 1101 1110 con-

728 1119 769 1138 tigit.
776 1120 799 1136 ut.
807 1118 896 1133 multorum
903 1117 975 1133 ildelium
981 1117 1047 1133 caritate
1053 1119 1100 1137 atque

728 1142 786 1162 pietate
797 1141 889 1157 miserrime
900 1141 976 1159 extincta,
988 1141 1021 1156 dies
1034 1141 1067 1156 Deo
1077 1145 1101 1156 sa-

727 1165 750 1181 cri
766 1165 832 1184 impune
846 1164 929 1180 violentur
939 1166 956 1180 et
970 1165 1100 1182 contemnantur.

728 1192 758 1204 neo
768 1188 813 1207 pauni
824 1188 861 1206 sint.
873 1188 901 1207 qui
912 1191 939 1203 eos
950 1187 993 1207 ipsos
1004 1187 1037 1203 dies
1051 1187 1101 1207 turpi-

728 1213 753 1227 ter
764 1213 820 1227 terunt
830 1211 857 1226 vel
867 1210 933 1226 inludis
944 1210 971 1226 vel
982 1210 998 1226 in
1005 1214 1101 1226 commessa-

728 1235 799 1250 tionibus
806 1234 833 1250 vel
843 1234 860 1250 in
868 1234 906 1252 otio,
915 1234 990 1253 quodque
1000 1234 1047 1249 etiam
1056 1234 1101 1253 peius

728 1258 744 1274 in
759 1257 870 1276 ebrietatibus,
885 1257 970 1275 cubilibus.
982 1257 1050 1276 aliisque
1060 1261 1101 1276 quae

728 1282 771 1297 inter
785 1280 898 1296 christifideles
909 1284 929 1296 ne
943 1280 1023 1296 nominari
1035 1280 1101 1299 quidem

729 1309 748 1320 ex
755 1304 827 1324 Apostoli
836 1304 898 1319 monito
909 1303 993 1319 deberem.
1000 1303 1049 1319 Addis
1057 1307 1101 1323 prae-

728 1330 772 1344 terea
783 1332 803 1343 ex
815 1327 864 1343 nimio
876 1327 954 1343 festorum
962 1327 1026 1342 dierum
1032 1330 1102 1342 numero

728 1355 761 1367 uun
772 1351 809 1367 leve
816 1351 832 1366 in
840 1354 918 1370 pauperes
929 1350 1003 1366 homiues
1012 1351 1028 1365 et
1035 1349 1102 1365 humilis

729 1374 824 1390 conditionis
835 1374 951 1390 detrimentum
966 1373 1062 1391 redundare.
1074 1373 1102 1392 qui

729 1402 806 1414 manuum
821 1397 876 1413 labore
886 1397 947 1413 victum
959 1397 989 1412 sibi
1003 1396 1070 1416 suisque
1081 1396 1102 1412 ra>

729 1421 777 1437 mitiis
788 1425 880 1441 comparare
891 1422 978 1440 coguntur,
989 1420 1050 1439 quique
1057 1423 1102 1439 prae-

729 1444 785 1460 sertim
796 1444 838 1463 agris
853 1443 945 1460 excolendis
956 1443 982 1459 vel
996 1442 1102 1462 negotiationi

729 1468 828 1484 exercendae
834 1471 898 1487 operam
905 1468 968 1482 navant.
975 1466 1101 1485 ltaqueiisipsis.

728 1492 756 1511 qui
767 1494 847 1506 summam
854 1490 918 1510 imperii
927 1491 988 1507 tenent.
996 1493 1102 1509 summopere

729 1514 857 1534 efflagitantibus.
869 1518 877 1529 a
888 1513 933 1529 nobis
945 1512 1036 1533 postulasti.
1048 1514 1066 1528 ut
1077 1512 1101 1527 his

1115 175 1141 188 Ani
1148 176 1165 188 C.
1177 176 1212 189 1833

1116 723 1181 737 Expostulo
1190 725 1216 737 1²¹³-

1109 739 1142 748 cum.
