4770 6982
889 563 1065 614 GEEGORIUS
1086 565 1137 614 ΡΡ.
1160 565 1226 614 XVI.

282 683 384 746 verbo
405 685 442 746 ad
464 683 603 746 verbum
625 699 683 762 per
707 690 773 747 tuas
795 690 939 764 patentes
960 685 1031 748 lite-

281 793 331 838 ras
350 783 406 840 tuo
421 777 528 855 sigillo
544 778 684 840 munitas
696 794 754 857 per
765 778 933 858 proprium
945 777 1032 840 Nun-

282 871 366 934 cium
400 871 615 950 quantocitius
647 878 867 934 transmittere
900 873 1032 934 omnino

222 963 224 974 ’
282 959 432 1040 tenearis,
447 965 563 1044 quibus
579 972 737 1028 eteorum
751 967 882 1028 cuilibet
897 983 954 1046 per
967 983 1032 1028 eas-

73 1538 174 1598 Forata
196 1537 263 1583 iura·

43 1595 131 1634 nrevrtr.

283 1061 355 1122 dem
378 1067 563 1138 praesentes
586 1061 705 1139 pariter
720 1062 908 1124 mandamus
923 1067 959 1122 ut
973 1061 1032 1139 ipsi

282 1152 335 1216 vel
358 1169 471 1216 eorum
494 1154 575 1215 alter
597 1171 613 1214 a
635 1160 666 1216 te
687 1160 797 1216 nostro
821 1160 853 1216 ct
873 1154 1032 1216 Romanae

282 1246 443 1310 Ecclesiae
465 1248 596 1310 nomine
612 1247 831 1310 iuramentum
848 1247 1033 1310 huiusmodi

283 1341 371 1402 iuxta
393 1341 540 1403 eamdem
562 1341 699 1404 formam
729 1341 884 1420 recipiant
904 1358 962 1404 seu
984 1358 1033 1404 τε-

283 1435 387 1514 cipiet.

323 1533 342 1606 g
364 1531 393 1592 d.
408 1531 522 1594 Forma
537 1537 644 1594 autem
657 1529 831 1594 iuramenti
847 1530 933 1606 quod
945 1546 1034 1608 prae·

283 1623 380 1686 stabis
396 1625 473 1688 baec
489 1633 552 1688 est:
571 1625 665 1702 «Ego
681 1624 811 1686 lacobus
827 1623 921 1686 Holas
936 1623 1032 1685 Patri-

284 1717 377 1779 archa
398 1716 526 1780 Ciliciae
547 1718 763 1780 armenorum
780 1717 818 1780 ab
834 1717 892 1778 bac
907 1717 985 1778 bora
1000 1716 1033 1778 in

283 1817 374 1874 antea
395 1811 499 1874 fidelis
522 1819 554 1874 et
575 1811 728 1874 obediens
751 1827 808 1874 ero
826 1811 923 1872 Beato
938 1810 1033 1872 Petro

283 1901 436 1981 apostolo
451 1909 643 1981 sanctaeque
660 1903 858 1983 spostolicae
873 1902 1033 1966 Romanae

283 1995 442 2058 Ecclesiae
464 2005 497 2060 et
517 1997 648 2060 domino
671 2003 782 2060 nostro
805 1996 935 2058 domino
957 1995 1034 2058 Gre-

284 2090 374 2166 gorio
396 2090 452 2152 ΡΡ.
477 2091 557 2154 lllll.
580 2092 712 2168 suisque
731 2091 970 2154 successoribus
986 2108 1033 2152 ca-

284 2184 398 2246 nonice
429 2184 634 2248 intrantibus.
665 2185 736 2248 Non
765 2201 821 2247 ero
843 2185 877 2246 in
899 2184 1033 2247 consilio

284 2283 336 2340 aut
357 2294 516 2340 consensu
543 2278 596 2341 vel
618 2279 699 2342 lacto
721 2285 757 2341 ut
777 2279 876 2340 vitam
899 2279 1034 2358 perdant

284 2377 336 2432 aut
351 2371 547 2444 membrum,
565 2388 623 2434 seu
642 2373 806 2450 capiantur
821 2371 902 2434 mala
917 2372 1033 2452 captio·

284 2481 335 2536 ne,
353 2471 406 2526 aut
427 2465 461 2526 in
476 2481 530 2527 eos
550 2465 711 2528 violenter
727 2481 840 2528 manus
856 2466 1033 2544 quomodo-

283 2557 362 2620 libet
376 2559 577 2636 ingerantur,
595 2559 648 2622 vel
663 2559 799 2621 iniuriae
814 2560 937 2636 aliquae
952 2559 1032 2621 inle-

283 2658 394 2714 rantur
417 2654 531 2731 quovis
554 2653 697 2730 quaesito
714 2653 838 2727 colore;
862 2653 1032 2715 consilium

283 2761 362 2808 vero
383 2747 470 2824 quod
492 2747 572 2809 mibi
593 2746 748 2813 credituri
766 2753 842 2808 sunt
857 2762 915 2825 per
930 2763 964 2808 se
980 2753 1034 2808 aut

283 2841 416 2902 nuncios
445 2856 504 2902 seu
526 2841 646 2912 literas,
670 2841 707 2902 ad
736 2856 850 2902 eorum
880 2841 1033 2902 damnum

284 2948 336 2995 me
357 2933 479 2996 sciente
501 2935 623 2996 nemini
640 2935 791 3012 pandam3
808 2933 959 3012 Papatum
974 2934 1034 2998 lto-

283 3043 415 3090 manum
437 3033 470 3092 et
490 3028 610 3106 regalia
626 3027 731 3090 Sancti
746 3028 832 3090 Petri
847 3029 972 3091 adiutor
988 3029 1033 3097 ets

284 3137 340 3182 ero
362 3121 399 3183 ad
421 3123 629 3184 retinendum
652 3128 684 3184 et
703 3122 943 3186 defundendum
960 3139 1034 3186 con-

283 3220 330 3276 tra
353 3231 483 3277 omnem
500 3216 682 3292 lrominem;
705 3216 861 3292 Legatum
877 3217 1034 3296 Apostoll-

283 3325 337 3370 cae
360 3307 450 3372 Sedis
471 3309 504 3371 in
527 3311 634 3372 eundo
657 3317 690 3372 et
711 3311 878 3374 redeundo
904 3311 1034 3373 bonori-

284 3403 343 3464 ttce
358 3403 499 3464 tractabo
516 3409 548 3466 et
562 3403 596 3466 in
611 3405 676 3466 suis
693 3405 936 3467 necessitatibus
948 3406 1034 3468 adiu-

284 3495 381 3570 vabo;
398 3495 478 3570 iura,
497 3497 648 3570 bonores,
667 3498 835 3575 privilegia
851 3504 884 3558 et
898 3499 1034 3561 auctori·

285 3593 382 3650 tatem
405 3587 537 3652 Sanctae
558 3591 718 3654 Romanae
740 3591 910 3664 Ecclesiae,
934 3592 1035 3654 dorni-

285 3681 317 3742 ni
339 3685 442 3746 nostri
464 3684 563 3764 Papae
586 3693 617 3747 et
642 3701 866 3748 successorum
889 3685 1034 3748 eiusdem

284 3791 488 3850 conservare,
507 3778 693 3852 defendere,
711 3795 832 3858 augere
855 3786 887 3841 et
908 3795 1035 3858 promo-

284 3884 363 3932 τετε
375 3871 504 3934 curabo.
519 3871 589 3934 Non
605 3889 661 3934 ero
677 3873 710 3934 in
726 3873 869 3946 consilio,
884 3873 965 3936 lacto
981 3875 1035 3936 vol

284 3970 430 4038 tractatu,
445 3965 477 4028 in
490 3967 607 4043 quibus
620 3973 730 4030 contra
742 3967 848 4046 ipsum
861 3966 1034 4030 Dominum

285 4057 438 4122 Nostrum
450 4060 504 4122 vel
516 4061 663 4123 eamdem
674 4061 849 4124 Romanam
861 4061 1035 4124 Ecclesiam

284 4151 389 4231 aliqua
403 4153 530 4216 sinistra
546 4154 599 4215 vel
617 4153 851 4232 praeiudicialia
865 4171 1032 4234 personae,

285 4244 375 4318 iuris,
392 4246 536 4320 honoris,
553 4253 653 4309 status
676 4255 709 4309 et
729 4249 894 4326 potestatis
920 4265 1035 4311 eorum

285 4339 521 4410 machinentur,
546 4347 578 4402 et
599 4340 625 4402 si
645 4341 717 4403 talia
739 4359 754 4404 a
777 4342 1035 4421 quibuscumque

285 4435 450 4510 procurari
479 4449 602 4497 novero
624 4435 677 4496 vel
699 4435 837 4509 tractari,
862 4436 1035 4515 impediam

285 4525 345 4590 troc
366 4543 425 4606 pro
447 4543 540 4606 posse
564 4535 606 4602 et,
631 4529 846 4606 quantocitius
866 4532 1035 4596 commode

284 4627 408 4699 potero,
424 4621 611 4700 significabo
633 4623 738 4684 eidem
760 4623 896 4686 Domino
918 4623 1035 4688 Nostro

284 4713 337 4776 vel
364 4715 461 4777 alteri
488 4731 546 4795 per·
574 4730 672 4793 quem
700 4717 739 4780 ad
760 4717 859 4797 ipsius
889 4719 1035 4782 notitiam

284 4809 403 4887 poterit
424 4809 607 4888 pervenire.
625 4809 763 4888 Regulas
782 4817 966 4876 sanctorum
982 4812 1036 4874 Pa·

284 4907 383 4976 trum,
394 4903 532 4975 decreta,
545 4903 773 4978 ordinationes,
784 4907 1033 4980 reservationes,

285 4995 522 5074 dispositiones,
539 4997 739 5076 provisiones
756 5004 788 5060 et
802 4999 947 5062 mandata
963 5015 1035 5078 apo-

285 5087 395 5151 stolica
417 5090 491 5152 totis
514 5090 637 5152 viribus
660 5090 838 5154 observabo
867 5099 900 5155 et
924 5093 1035 5156 faciam

285 5181 323 5246 ab
338 5183 407 5244 aliis
422 5183 598 5246 observari.
613 5183 808 5259 Haereticos,
818 5187 1036 5251 schismaticos

286 5284 319 5338 et
329 5277 469 5340 rebelles
479 5278 616 5340 Domino
625 5278 741 5342 Nostro
754 5298 787 5343 ac
798 5282 1035 5344 successoribus

285 5372 453 5448 praedictis
475 5387 533 5450 pro
560 5388 653 5451 posse
680 5389 857 5452 persequar
879 5382 911 5438 et
932 5376 1036 5456 impu-

286 5464 401 5541 gnabo.
416 5465 552 5528 Vocatus
568 5467 606 5529 ad
622 5465 799 5546 Synodum,
817 5469 956 5542 veniam,
974 5470 1036 5533 nisi

285 5561 489 5640 praepeditus
505 5561 598 5625 tuero
613 5561 762 5624 canonica
782 5563 1034 5642 praepeditione.

285 5651 513 5734 Apostolorum
527 5657 637 5718 limina
652 5656 789 5734 singulis
805 5657 1036 5734 quinquenniis

286 5749 499 5825 personaliter
521 5755 553 5812 et
574 5765 632 5828 ρετ
654 5765 706 5811 me
727 5749 833 5828 ipsum
853 5749 989 5813 visitabo
1005 5758 1037 5814 et

285 5841 547 5906 DominoNostro
556 5844 859 5924 successoribusque
869 5845 1037 5924 praedictis

285 5935 444 6000 rationem
472 5937 605 6002 reddam
634 5939 673 6002 de
697 5943 763 6002 toto
791 5953 865 6001 meo
887 5937 1037 6018 pastorali

393 6084 445 6130 latr.
464 6086 532 6131 Pont.
548 6085 579 6131 dc
596 6085 669 6145 l'rop.
687 6084 747 6130 Fide
762 6086 844 6132 Partis
859 6089 876 6131 1.
893 6085 946 6130 vol.
965 6088 989 6132 v.

1088 684 1190 748 officio
1204 685 1308 763 deque
1323 685 1421 750 rebus
1434 683 1584 747 omnibus
1597 683 1634 745 ad
1646 680 1837 761 patriarcha-

1088 778 1126 839 lis
1146 779 1298 842 ecclesiae
1317 796 1408 842 meae
1427 785 1557 851 statum,
1578 777 1616 840 ad
1635 777 1714 838 cleri
1732 780 1765 836 et
1784 790 1838 854 po-

1088 873 1154 951 puli
1171 873 1381 952 disciplinam,
1395 872 1575 934 animarum
1592 870 1742 948 denique,
1757 883 1838 948 quae

1088 983 1179 1028 meae
1195 967 1269 1028 fidei
1285 967 1424 1030 creditae
1440 973 1526 1038 sunt,
1540 965 1678 1028 salutem
1694 978 1839 1042 quoquo-

1089 1061 1184 1123 modo
1206 1061 1455 1139 pertinentibus,
1478 1066 1510 1122 et
1530 1059 1671 1121 vicissim
1694 1057 1840 1120 mandata

1088 1154 1260 1233 apostolica
1281 1154 1440 1233 praedicta
1455 1152 1624 1216 humiliter
1640 1152 1792 1230 recipiam
1809 1155 1841 1213 et

1089 1262 1184 1324 quam
1208 1246 1455 1324 diligentissime
1472 1260 1629 1324 exequar:
1649 1243 1777 1322 quodsi
1796 1243 1841 1306 le-

1090 1342 1203 1418 gitimo
1218 1340 1451 1419 impedimento
1467 1341 1617 1402 detentus
1631 1339 1735 1411 luero,
1750 1353 1839 1417 prae-

1089 1434 1150 1496 lata
1179 1433 1286 1498 omnia
1314 1433 1495 1512 adimplebo
1525 1448 1582 1512 ρετ
1611 1438 1736 1495 certum
1759 1447 1841 1494 nun-

1088 1528 1174 1591 cium
1197 1528 1234 1590 ad
1256 1528 1317 1589 troc
1338 1526 1475 1604 speciale
1506 1526 1691 1588 mandatum
1722 1525 1840 1588 baben-

1090 1629 1154 1684 tem
1179 1620 1218 1683 de
1241 1621 1366 1698 gremio
1389 1619 1467 1683 cleri
1483 1621 1548 1686 mei
1564 1620 1731 1686 eutalium
1746 1619 1780 1682 in
1796 1619 1841 1680 di-

1090 1715 1210 1793 gnitatc
1233 1713 1443 1778 ecclesiastica
1466 1714 1677 1777 constitutum
1693 1729 1750 1776 seu
1766 1713 1841 1776 alias

1089 1815 1297 1888 personatum
1319 1809 1505 1882 habentem,
1519 1815 1584 1882 aut,
1598 1808 1647 1868 bis
1664 1806 1744 1870 mibi
1765 1807 1841 1869 deli-

1089 1903 1259 1976 cientibus,
1288 1919 1346 1982 per
1375 1903 1601 1966 dioecesanum
1627 1901 1839 1974 sacerdotem,

1089 2003 1132 2069 et,
1157 1997 1244 2059 clero
1266 1995 1437 2058 deliciante
1460 1995 1602 2068 omnino,
1620 2011 1679 2074 per
1700 1994 1840 2072 aliquem

1089 2090 1188 2152 alium
1210 2089 1439 2168 presbyterum
1461 2089 1659 2152 saecularem
1677 2088 1731 2151 vel
1746 2104 1841 2176 τετρι-Ι

1089 2184 1190 2246 larem
1206 2189 1365 2261 spectatae
1377 2182 1544 2261 probitatis
1561 2187 1593 2244 et
1608 2181 1787 2260 religionis,
1802 2182 1841 2244 de

1088 2277 1276 2357 supradictis
1296 2275 1445 2338 omnibus
1461 2277 1556 2356 plene
1572 2277 1779 2340 instructum.
1796 2275 1841 2338 lle

1089 2371 1275 2434 huiusmodi
1310 2376 1418 2433 autem
1453 2370 1687 2450 impedimento
1719 2369 1840 2434 docebo

1089 2481 1147 2542 ρετ
1168 2465 1329 2542 legitimas
1352 2464 1557 2544 probationes
1579 2465 1615 2526 ad
1634 2462 1766 2526 Sanctae
1781 2463 1839 2526 lto-

1089 2573 1201 2622 manae
1232 2557 1392 2621 Ecclesiae
1424 2555 1626 2621 Cardinalem
1661 2557 1841 2638 proponen-

1069 2647 1154 2714 'tem
1177 2651 1209 2713 in
1232 2651 1485 2728 congregatione
1514 2649 1595 2714 sacri
1617 2649 1750 2714 Concilii
1773 2649 1841 2712 Tri-

1089 2745 1212 2808 dentini
1234 2761 1292 2824 per
1321 2745 1539 2824 supradictum
1562 2745 1718 2806 nuncium
1740 2750 1841 2806 trans·

1089 2839 1271 2902 mittendas.
1293 2838 1513 2901 Possessiones
1535 2853 1614 2902 vero
1636 2839 1674 2900 ad
1696 2853 1841 2900 mensam
1916 2873 1923 2884 ·

1089 2948 1195 2994 meam
1209 2932 1411 3012 pertinentes
1427 2947 1493 2994 non
1508 2933 1646 2994 vendam
1663 2947 1770 3010 neque
1787 2933 1841 2994 do·

1089 3027 1170 3088 nabo
1193 3042 1300 3104 neque
1321 3025 1546 3104 impignorabo
1568 3042 1675 3103 neque
1697 3026 1737 3088 de
1756 3040 1841 3089 novo

1089 3119 1261 3182 infeudabo
1280 3119 1334 3182 vel
1349 3119 1457 3199 aliquo
1472 3119 1568 3182 modo
1585 3120 1729 3183 alienabo
1746 3120 1841 3182 etiam

1089 3229 1163 3275 cum
1185 3229 1343 3276 consensu
1360 3213 1439 3276 cleri
1454 3213 1672 3294 patriarchalis
1689 3214 1842 3278 ecclesiae

1090 3323 1180 3370 meae
1195 3307 1378 3370 inconsulto
1390 3306 1533 3370 Romano
1546 3308 1710 3380 Pontifice,
1725 3313 1758 3370 et
1769 3324 1842 3372 con·

1089 3401 1291 3462 stitutionem
1327 3417 1426 3480 super
1457 3400 1674 3480 prohibitione
1710 3402 1842 3464 investi-

1089 3501 1237 3556 turarum
1264 3485 1435 3557 'bonorum
1466 3493 1769 3558 iurisdictionalium
1802 3495 1841 3558 de

1089 3605 1172 3650 anno
1195 3588 1316 3650 domini
1342 3587 1516 3652 millesimo
1538 3589 1774 3651 sexcentesimo
1796 3589 1842 3650 vi-

1090 3682 1214 3759 gesimo
1244 3681 1357 3760 quinto
1386 3681 1504 3744 editam
1527 3682 1673 3755 servabo,
1702 3681 1782 3744 etsi
1804 3683 1842 3746 ad

1090 3775 1229 3852 aliquam
1246 3775 1473 3838 alienationem
1489 3775 1664 3848 devenero,
1679 3792 1797 3855 poenas
1809 3776 1843 3838 in

1091 3870 1225 3946 quadam
1241 3883 1339 3948 snper
1355 3867 1416 3930 lroc
1432 3867 1515 3931 edita
1527 3869 1757 3932 constitutione
1769 3887 1843 3932 con-

1090 3969 1194 4026 tentas
1210 3979 1248 4025 eo
1264 3962 1332 4042 ipso
1348 3962 1517 4026 incurrere
1529 3961 1614 4025 volo.
1631 3961 1681 4026 Sic
1693 3979 1746 4026 me
1758 3964 1842 4027 Deus

1090 4057 1220 4120 adiuvet
1241 4063 1273 4120 et
1294 4057 1371 4119 baec
1393 4062 1499 4118 sancta
1521 4055 1577 4118 llei
1600 4058 1812 4136 evangelia.»

1130 4152 1244 4214 ilatum
1273 4150 1403 4223 Romae,
1435 4149 1517 4229 apud
1548 4149 1580 4214 S.
1604 4151 1736 4214 Petrum
1759 4168 1842 4216 anno

1090 4245 1319 4308 incarnationis
1336 4243 1513 4307 dominicae
1531 4260 1731 4318 dccccxcvi,
1746 4262 1775 4308 v.
1790 4247 1844 4310 ka-

1090 4340 1201 4404 lendas
1223 4338 1388 4412 februarii,
1414 4337 1527 4418 pontit.
1545 4339 1648 4402 nostri
1664 4356 1747 4402 anno
1763 4357 1821 4402 rvr.

1346 4501 1586 4512 --.--ι--

1417 4623 1519 4690 ccvl.

1163 4811 1379 4878 Patriarcbac
1404 4812 1535 4877 Ciliciae
1558 4813 1770 4878 Arrncooccm

1184 4904 1295 4970 Iacobo
1318 4906 1416 4971 Holus
1434 4908 1573 4988 pallium
1595 4909 1747 4972 concedit.

1092 5089 1263 5160 Venerabili
1292 5093 1381 5160 tratri
1413 5092 1520 5162 lacobo
1552 5093 1644 5162 italas
1676 5112 1769 5178 nuper
1791 5096 1843 5162 dr·

1132 5183 1326 5269 cbiepiscopo
1344 5187 1496 5254 lnasten.
1516 5189 1543 5254 in
1567 5187 1773 5256 patriarcham
1796 5187 1843 5254 Gi-

1133 5279 1220 5346 lictae
1244 5281 1437 5348 drnanorum
1460 5281 1570 5362 electo,

1236 5425 1455 5494 sesebutus
1480 5425 1696 5495 episeopus

1280 5579 1389 5630 servus
1412 5581 1567 5630 servorum
1592 5565 1654 5643 bei,

1125 5655 1254 5722 salutem
1278 5662 1310 5722 et
1332 5658 1530 5740 apostolicam
1553 5657 1807 5726 benedictionem.

1132 5848 1151 5924 ἓ
1175 5847 1202 5909 l.
1226 5846 1308 5910 Gom
1330 5863 1388 5910 nos
1411 5847 1507 5910 hodie
1527 5849 1728 5928 patriarchali
1744 5849 1844 5915 eccle·

1092 5939 1157 6004 siae
1180 5940 1307 6004 Ciliciae
1331 5941 1547 6006 Armenorum
1572 5950 1661 6006 certo
1684 5961 1770 6008 nunc
1791 5961 1844 6008 ex·

1711 6095 1737 6138 dt

1759 543 1818 610 289
1869 544 1967 598 nnc.
1990 542 2058 598 rem
