4828 6974
948 535 1123 582 draconitis
1144 537 1195 582 PP.
1218 537 1283 583 xri.

341 661 487 736 scopatus
509 655 635 720 referre
654 656 785 737 (quibus
807 654 914 718 verbis
944 653 1088 718 laudabat

342 751 419 815 olim
442 748 473 814 S.
486 749 693 814 Innocentius
705 750 728 812 l.
742 748 881 812 Felicem
893 747 1086 826 Episcopum

341 843 582 924 Nucerianum).
611 843 674 906 lam
695 859 775 906 vero
803 847 996 904 memoratas
1017 847 1086 902 tuas

341 937 450 1000 literas
472 937 657 1015 diligenter,
681 943 718 998 ut
738 935 838 998 moris
860 941 924 1006 est,
948 933 1085 1012 expendi

341 1031 493 1094 iussimus
514 1029 651 1092 anostra
671 1028 931 1106 congregatione
952 1027 992 1090 de
1014 1027 1087 1088 Pro·

341 1123 482 1202 pagandt
502 1123 590 1194 fide,
617 1137 716 1200 quae,
747 1121 829 1183 sicut
855 1120 1084 1200 postulaveras,

341 1214 504 1278 festinavit
525 1214 562 1276 ad
585 1213 679 1276 dubia
697 1214 896 1291 respondere
917 1213 950 1274 in
972 1212 1085 1274 iisdem

342 1308 518 1386 proposita3
542 1307 628 1386 qnod
651 1315 758 1369 tamen
780 1307 891 1385 perflci
914 1312 977 1367 tam
993 1305 1085 1368 brevi

343 1405 488 1476 tempore
500 1415 564 1461 non
576 1399 681 1478 potuit
695 1398 775 1460 circa
791 1397 948 1459 ltitnalem
966 1396 1085 1458 librum

342 1497 436 1568 atque
450 1491 509 1552 alia
524 1491 682 1554 eiusmodi
699 1506 779 1568 quae
795 1491 922 1567 longius
939 1505 1085 1552 examem

342 1590 529 1662 exposcunt.
556 1583 710 1647 Ceterum
731 1597 829 1661 super
850 1582 911 1644 hoc
933 1583 1028 1644 etiam
1051 1582 1086 1644 li·

341 1678 399 1739 brc
420 1693 612 1757 responsum
635 1679 761 1741 dabitur
778 1677 871 1758 paulo
893 1683 975 1757 post.
1000 1675 1085 1740 Acci-

342 1771 407 1848 pies
419 1771 542 1834 interea
554 1771 772 1850 complicatam
784 1787 857 1834 cum
871 1771 989 1832 nostris
998 1770 1086 1832 hisce

340 1863 442 1924 literis
464 1863 631 1942 epistolam
647 1869 842 1926 memoratae
856 1863 1085 1941 congregatio-

340 1955 400 2026 nis,
417 1971 479 2034 qua
493 1955 571 2018 aliae
586 1956 659 2020 illae
674 1958 899 2036 responsiones
920 1957 1097 2036 contineo·-

340 2055 403 2112 tur.
428 2049 478 2122 Et,
501 2051 588 2128 qnod
603 2052 706 2113 nostri
727 2051 872 2116 muneris
894 2057 954 2123 est,
979 2051 1085 2112 horta·

340 2158 414 2204 mur
435 2150 466 2206 te
487 2144 521 2206 in
542 2143 678 2206 Domino
699 2143 913 2208 vehementer
934 2150 981 2216 ut,
1003 2159 1084 2220 qnae

339 2235 372 2298 in
392 2235 508 2298 iisdem
534 2238 720 2300 anctoritate
742 2237 850 2300 nostra
878 2253 935 2315 per
962 2252 1084 2299 memo·

338 2333 438 2390 ratam
460 2327 752 2406 congregationem
768 2329 923 2392 declarata
944 2329 1084 2391 decreta-

339 2436 402 2498 qne
416 2427 503 2495 sunt,
521 2422 634 2485 sedulo
649 2431 682 2486 et
696 2429 880 2485 constanter
900 2422 1080 2500 exequaris.

377 2513 467 2587 Quod
488 2521 596 2578 autem
610 2517 648 2578 ad
664 2503 865 2578 difficultates
877 2516 1000 2588 attinet,
1015 2516 1084 2592 qui-

337 2605 399 2668 bus
412 2613 445 2671 te
463 2607 496 2670 in
519 2608 667 2686 pastorali
689 2608 791 2671 officio
814 2608 957 2686 gerendo
979 2608 1083 2686 premi

230 2763 238 2778 ,
337 2699 508 2776 significas,
532 2717 618 2773 cave,
643 2717 717 2763 ven.
742 2701 851 2774 frater,
876 2717 916 2764 ne
938 2701 1009 2763 illas
1030 2717 1083 2762 ex·

338 2807 486 2870 pavescas
515 2793 651 2874 propriis
674 2794 763 2872 quasi
785 2793 908 2856 viribus
931 2809 1083 2872 superan-

339 2885 404 2957 das,
428 2901 560 2962 «quum
582 2885 633 2964 (ut
661 2886 768 2948 verbis
797 2893 927 2948 utamur
949 2885 980 2948 S.
1005 2886 1083 2950 Leo-

338 2978 388 3039 nis
410 2976 466 3056 ll.)
480 2985 512 3040 et
526 2979 696 3042 consilium
718 2985 865 3042 nostrum
881 2986 914 3042 et
928 2979 1083 3042 fortitudo

339 3069 380 3132 sit
400 3069 557 3145 Christus,
574 3088 609 3134 ac
623 3072 693 3134 sine
712 3088 776 3150 quo
798 3073 878 3134 nihil
901 3089 1081 3152 possumus,

338 3165 513 3244 peripsum
528 3171 640 3228 cuncta
661 3165 863 3245 possimus.»
879 3165 948 3243 Age
963 3166 1081 3244 itaque,

376 3429 413 3464 rv.
427 3419 678 3470 instrumentorum,
688 3418 719 3462 de
733 3415 830 3473 quibus
844 3415 968 3472 loqueris,
979 3415 1006 3460 in
1022 3415 1082 3462 mis·

337 3497 375 3540 sa,
382 3485 485 3531 sonitus
495 3495 511 3530 a
522 3485 626 3530 nemine
635 3483 810 3540 improbatur.
820 3485 914 3527 Sacrae
923 3485 1011 3527 tamen
1020 3485 1081 3526 con-

336 3551 485 3608 gregationi
500 3551 575 3618 valde
584 3549 713 3607 displicet,
723 3550 791 3606 quod
801 3553 923 3594 caritores
933 3549 1080 3594 haereticos

336 3617 369 3662 ad
383 3618 477 3663 choros
491 3617 624 3662 admittis:
639 3627 707 3674 quae
722 3628 765 3660 ree
781 3627 864 3672 neque
880 3615 1039 3660 catholicam
1056 3615 1082 3660 a·

336 3683 394 3728 dem
410 3695 493 3740 neqne
507 3684 547 3729 tui
562 3683 646 3740 ipsius
658 3683 818 3738 dignitatem
833 3681 914 3727 decet.

377 3761 402 3794 v.
424 3755 598 3795 armenorum
621 3748 758 3794 veneratio
780 3759 844 3804 erga
866 3749 956 3794 oblata
981 3747 1020 3802 (id
1042 3751 1082 3792 eet

337 3818 478 3864 materiam
493 3817 676 3863 Eucharistiae
690 3815 867 3862 conficiendae
881 3817 1080 3872 praeparatam)

336 3889 507 3941 praematura
521 3884 626 3930 ridetur
635 3887 715 3940 atque
725 3883 920 3939 intempestiva,
929 3881 1081 3938 ceteroquin

336 3951 501 3996 diversarum
517 3951 637 4008 gentium
651 3949 855 3996 consuetudines
865 3949 1018 3994 tolerandae
1027 3959 1081 3992 sae-

336 4027 368 4072 pe
381 4021 456 4070 snnt;
471 4017 627 4074 praesertim
638 4017 701 4073 qnia
712 4015 824 4073 popalus
835 4015 900 4061 satis
911 4014 983 4060 novit
992 4015 1081 4060 oblata

336 4083 385 4128 illa
402 4083 517 4129 nondum
538 4095 595 4128 esse
615 4085 779 4136 cousecrata;
801 4082 911 4138 ideoque
931 4081 1080 4138 periculum

336 4149 394 4195 falsi
408 4149 497 4195 cultus
510 4151 592 4196 abest.

376 4229 411 4263 vr.
427 4219 499 4264 Nihil
512 4218 600 4264 obstat
613 4217 755 4274 quominus
769 4217 796 4261 in
808 4217 906 4273 templo
916 4216 1029 4272 populus
1040 4224 1082 4272 pa·

337 4297 393 4331 ceni
407 4285 519 4330 invicem
534 4285 718 4342 impertiatur:
733 4283 944 4340 quandoquidem
961 4282 1029 4328 uiros
1044 4293 1081 4326 ee

336 4361 427 4398 orsum
441 4362 457 4397 a
472 4351 630 4396 mulieribus
644 4351 670 4394 id
684 4351 768 4396 facere
783 4350 907 4395 affirmas.

376 4429 422 4464 vri.
438 4423 517 4464 sacra
531 4418 661 4463 laicorum
676 4418 725 4462 snb
740 4421 854 4473 utraque
868 4416 953 4474 specie
966 4427 1081 4462 commu·

337 4487 503 4542 nio,propter
513 4495 591 4532 usum
600 4485 844 4539 inveteratuni,non
852 4483 1029 4529 interdicitur.
1037 4487 1081 4529 ve·

337 4564 398 4598 rum
412 4553 500 4598 tamen
516 4551 617 4606 modus,
631 4561 708 4608 quem
724 4561 826 4606 narras,
839 4550 974 4607 mergendi
985 4553 1025 4595 SS.
1037 4552 1080 4598 ho·

337 4621 416 4665 stiam
432 4619 459 4664 in
473 4619 590 4672 calicem,
605 4623 632 4663 et
646 4629 705 4663 mox
720 4628 778 4663 eam
794 4628 874 4662 manu
885 4617 1042 4662 sacerdotali
1053 4618 1079 4662 in

336 4697 366 4730 os
379 4684 468 4743 populi
482 4685 628 4740 ingerendi,
642 4695 703 4729 cave
714 4683 855 4729 admodum
867 4695 899 4728 ne
909 4683 951 4728 cui
962 4677 1080 4740 periculo

336 4753 464 4798 obnoxius
477 4752 521 4797 sit.
536 4753 607 4803 Quod
625 4755 715 4797 autem
730 4751 770 4797 ais
784 4752 815 4797 da
830 4752 1005 4797 benedicendo
1019 4763 1079 4796 cum

336 4823 379 4865 ss.
394 4820 482 4866 hostia
496 4819 600 4876 populo,
609 4822 681 4863 recte
691 4830 718 4864 se
729 4819 815 4864 habet.
824 4822 948 4864 attamen
958 4818 1080 4874 eulogiae

336 4887 436 4932 rectius
455 4891 514 4944 post
535 4886 654 4940 missam,
667 4895 746 4940 quam
761 4885 788 4930 in
803 4885 947 4931 sacerdotis
966 4896 1080 4930 commu-

336 4956 423 5010 nione,
436 4955 645 5008 distribuentnr;
661 4963 693 4998 ne
707 4953 775 4998 forte
785 4953 933 5008 symbolum
945 4961 1004 4997 cum
1018 4963 1080 4997 vera

336 5034 365 5068 re
377 5021 560 5068 confundatur.

374 5099 430 5136 vni.
447 5093 514 5135 Sane
526 5091 640 5143 constat,
653 5086 849 5132 Eucharistiam
861 5097 944 5143 aeque
954 5097 1028 5143 posse
1038 5087 1092 5132 ad·-

335 5157 408 5203 0rari
421 5167 468 5210 per
482 5155 555 5201 dorsi
568 5158 594 5200 et
608 5153 702 5211 capitis
716 5153 924 5207 inclinationem,
938 5163 1018 5210 qnam
1034 5163 1080 5210 per

335 5233 452 5279 genuum
474 5221 620 5268 flexionem.
643 5221 816 5271 Quamobrem
834 5219 902 5264 nihil
917 5220 1005 5265 obstat
1020 5231 1080 5275 quo·

335 5291 424 5336 minus
438 5289 465 5334 in
480 5288 561 5334 missa
572 5287 695 5333 sollemni
705 5287 820 5344 priorem
832 5287 905 5332 illam
914 5286 1080 5332 consuetudi·

334 5367 395 5402 nem
410 5355 554 5412 usurpetis.
567 5354 676 5410 Signum
687 5353 751 5398 item
761 5352 847 5398 crucis
858 5353 886 5397 in
896 5352 987 5398 eadem
998 5351 1080 5398 missa

335 5435 383 5481 pro
396 5426 488 5468 vestro
502 5433 575 5468 more
589 5421 721 5466 adhibete.

375 5501 412 5535 rx.
427 5493 461 5534 De
476 5489 632 5534 clericorum
647 5495 818 5533 armenorum
832 5486 955 5543 coniugio
966 5487 1033 5531 nihil
1043 5487 1080 5531 in·

334 5555 448 5614 terloqui
457 5567 533 5602 sacra
542 5555 599 5600 vult
609 5553 790 5610 congregatio.
800 5555 884 5598 Causa
893 5557 991 5608 tamen,
999 5563 1078 5610 quam

335 5625 401 5670 dicis
415 5623 483 5681 quod
504 5621 649 5668 orientales
669 5621 796 5676 homines,
816 5621 973 5677 praesertim
990 5619 1080 5666 mulie·

335 5702 391 5744 res,
411 5689 507 5734 nolunt
527 5687 580 5733 nisi
601 5686 720 5732 uxoratis
742 5686 924 5732 sacerdotibus
943 5687 1079 5742 confiteri,

335 5757 407 5802 baud
427 5755 493 5802 satis
515 5753 589 5800 nobis
609 5753 797 5810 persuadetur:
820 5765 904 5809 neque
924 5757 1029 5809 oportet
1046 5755 1079 5800 ob

334 5823 403 5869 banc
417 5823 458 5867 rel
471 5821 539 5868 alias
552 5831 646 5866 causas
660 5819 767 5864 frivolas
782 5819 850 5865 sacri
864 5819 1010 5866 caelibatus
1024 5821 1079 5867 lau·

335 5890 395 5936 dem
408 5887 609 5946 utilitatemque
624 5887 752 5932 minuere.

1141 654 1312 732 implorato
1330 654 1509 719 humilibus
1524 656 1724 734 assiduisque
1741 655 1887 734 precibus

1143 749 1356 827 omnipotenti
1368 748 1512 812 eiusdem
1525 749 1651 810 ltomini
1662 747 1887 826 Redemptoris

1142 841 1244 904 nostri
1266 841 1435 919 praesidio,
1458 841 1491 902 in
1514 857 1593 919 opus
1621 841 1772 905 incumbe
1794 841 1887 903 mini-

1141 934 1231 996 sterii
1254 935 1311 1007 tui,
1329 941 1425 1012 atque
1443 935 1476 996 in
1492 935 1606 997 mediis
1627 935 1800 1006 laboribus,
1819 935 1887 1012 qni-

1142 1026 1200 1088 bus
1223 1032 1254 1088 te
1280 1027 1413 1106 defungi
1442 1027 1613 1106 oportebit,
1641 1027 1887 1090 immarcescibi-

1141 1119 1206 1182 lem
1227 1119 1368 1198 recogita
1391 1119 1511 1198 gloriae
1523 1135 1673 1184 coronam
1697 1120 1753 1182 tihi
1775 1120 1812 1182 ab
1835 1136 1886 1182 eo-

1141 1212 1214 1274 dem
1246 1217 1410 1290 pastorum
1447 1213 1593 1293 Principe
1623 1211 1820 1276 reddendam
1851 1213 1885 1275 in

1140 1305 1245 1368 caelis.
1270 1305 1333 1368 Nos
1355 1306 1478 1368 interea
1495 1312 1536 1378 te,
1551 1321 1624 1368 ven.
1643 1306 1752 1377 frater,
1770 1311 1803 1368 et
1817 1321 1885 1368 cre-

1141 1399 1243 1461 ditum
1265 1399 1449 1477 vigilantiae
1471 1405 1543 1460 tuae
1560 1397 1739 1462 armenum
1760 1399 1885 1462 clerum

1141 1491 1362 1571 populumque
1385 1492 1513 1554 fidelem
1536 1492 1638 1554 etfuso
1660 1492 1797 1554 caritatis
1819 1500 1884 1556 stu·

1140 1584 1191 1646 dio
1214 1585 1469 1663 complectimur,
1487 1585 1622 1662 eiusque
1644 1585 1760 1663 pignus
1776 1585 1885 1648 adiun-

1140 1677 1246 1762 gimus
1268 1676 1471 1756 apostolicam
1492 1677 1768 1752 benedictionem,
1790 1692 1885 1754 quam

1140 1786 1346 1833 communem
1378 1770 1509 1847 quidem
1538 1769 1601 1832 illis
1631 1769 1780 1834 omnibus
1814 1787 1884 1834 esse

1139 1863 1302 1936 volumus,
1326 1863 1381 1926 sed
1404 1863 1602 1940 singularem
1624 1880 1658 1926 ac
1676 1863 1883 1942 praecipuum

1138 1957 1171 2019 in
1200 1957 1332 2020 modum
1361 1956 1552 2018 fraternitati
1582 1963 1654 2020 tuae
1682 1963 1886 2036 peramanter

1138 2051 1355 2129 impertimur.

1177 2144 1291 2206 Datum
1318 2143 1448 2215 Romae,
1475 2143 1558 2222 apud
1584 2141 1615 2204 S.
1640 2142 1768 2204 llariam
1792 2143 1885 2206 llaio·

1137 2253 1207 2301 rem
1228 2237 1288 2300 sub
1310 2237 1429 2300 annulo
1451 2235 1628 2308 piscatoris,
1647 2236 1698 2298 die
1716 2253 1795 2298 xvir.
1812 2235 1883 2298 iulii

1137 2347 1375 2403 successuris,
1398 2330 1539 2410 pontific.
1564 2329 1666 2391 nostri
1688 2346 1771 2392 anno
1793 2347 1841 2392 nr.

1393 2525 1632 2542 ...a—.-

1456 2703 1560 2768 aviti.

1136 2887 1312 2970 Priottepic
1339 2906 1487 2954 concessa
1515 2888 1783 2972 confraternitctt'
1813 2887 1882 2954 beo-

1177 2987 1228 3044 tcc
1249 2981 1374 3046 Murice
1389 2983 1527 3063 Virginis
1542 2983 1579 3046 de
1593 2982 1734 3046 Mercede
1754 2983 1790 3044 ia
1809 2987 1884 3044 tem·

1173 3075 1226 3155 plo
1249 3075 1407 3156 Dcipcrce
1421 3075 1602 3156 Poerperue
1616 3075 1722 3141 diceto
1739 3075 1882 3140 civitatis

1176 3167 1337 3230 Flaminis
1359 3169 1521 3234 leonorii.

1176 3429 1201 3462 x.
1213 3419 1240 3462 si
1250 3419 1420 3476 quotidianus
1429 3419 1539 3466 canendi
1549 3419 1575 3464 in
1586 3420 1685 3476 templo
1692 3419 1808 3476 psalmos
1818 3430 1883 3464 usus

1135 3487 1206 3544 apud
1220 3485 1403 3532 schismaticos
1417 3487 1583 3532 necessarius
1596 3486 1723 3541 creditur,
1737 3486 1882 3531 carendum

1136 3557 1176 3598 est
1191 3565 1222 3598 ne
1236 3553 1396 3598 catholicum
1412 3554 1540 3610 templum
1555 3553 1709 3610 quotidiano
1725 3553 1806 3598 cboro
1820 3563 1880 3598 cum

1135 3621 1355 3666 heterodoxorum
1370 3621 1493 3666 scandalo
1507 3623 1605 3666 careat.
1621 3623 1706 3670 Quare
1721 3623 1781 3665 tuos
1797 3631 1881 3665 sacer-

1135 3688 1209 3732 dotes
1224 3689 1264 3732 vel
1278 3687 1305 3732 in
1320 3687 1388 3732 duas
1401 3688 1442 3732 vel
1455 3687 1481 3732 in
1492 3687 1581 3742 plures
1595 3691 1685 3742 partes
1695 3697 1784 3743 posses
1794 3685 1881 3730 distri·

1135 3755 1224 3808 buere,
1240 3757 1269 3800 ut
1283 3755 1438 3800 alternatim
1453 3757 1479 3798 et
1493 3753 1639 3799 successive
1653 3761 1700 3810 per
1716 3753 1772 3798 dies
1788 3753 1881 3798 hebdo

1136 3823 1258 3868 madasve
1272 3825 1375 3868 canant.
1391 3824 1482 3867 Vestes
1496 3823 1587 3866 autem
1602 3820 1722 3866 chorales
1734 3824 1881 3876 prorostra

1134 3889 1323 3934 consuetudine
1337 3889 1457 3934 retinete.

1174 3967 1210 4001 xi.
1226 3955 1297 4006 Quod
1311 3955 1441 4000 ieiunium
1457 3955 1575 4001 serotino
1594 3957 1714 4012 tempore
1729 3954 1756 3999 in
1770 3953 1882 4011 pervigi-

1134 4023 1170 4068 lio
1185 4025 1226 4067 SS.
1242 4021 1342 4068 Natalis
1356 4025 1382 4066 et
1396 4022 1532 4068 Paschatie
1553 4033 1600 4078 per
1614 4021 1748 4068 lacticinia
1769 4020 1881 4075 solvitis,

1135 4090 1160 4134 id
1175 4100 1266 4135 sacrae
1286 4087 1458 4146 antiquitatis
1478 4088 1549 4145 apud
1563 4100 1609 4134 vos
1622 4087 1809 4134 consuetudini
1823 4099 1882 4132 con-

1133 4156 1277 4201 cedendum
1293 4157 1341 4201 est.

1174 4233 1219 4268 xn.
1236 4223 1336 4276 lcitum,
1351 4233 1430 4279 quern
1444 4222 1478 4267 ab
1492 4221 1608 4266 Ecclesia
1628 4223 1748 4266 Romana
1768 4221 1881 4276 habetis,

1133 4289 1302 4335 benedicendi
1316 4299 1413 4345 aquam
1431 4289 1581 4344 lustralem,
1595 4289 1697 4334 cineres
1712 4289 1882 4345 quadragesi·

1134 4357 1224 4411 males,
1239 4357 1394 4414 palmasque
1409 4355 1554 4414 paschales,
1569 4357 1640 4400 recte
1654 4353 1813 4408 retinebitis,
1825 4367 1882 4411 pro-

1133 4426 1192 4477 pter
1207 4421 1246 4466 rei
1261 4422 1331 4478 piam
1351 4419 1506 4474 utilitatem,
1521 4422 1547 4464 et
1562 4431 1662 4466 morem
1681 4420 1750 4476 apud
1766 4430 1810 4465 ros
1825 4419 1879 4465 lam

1133 4497 1307 4532 communem.

1173 4565 1230 4600 xnr.
1246 4558 1409 4610 Quamquam
1425 4552 1517 4610 hymni
1532 4552 1613 4598 vestri
1633 4553 1726 4598 Natals
1740 4552 1822 4598 simul
1836 4556 1881 4598 Do

1134 4621 1200 4666 mini
1214 4623 1240 4666 et
1254 4620 1428 4677 Epiphaniam
1450 4623 1607 4672 memorant,
1623 4619 1694 4664 baud
1713 4619 1810 4665 idcirco
1824 4629 1881 4664 con-

1132 4687 1280 4744 iungendae
1295 4689 1358 4733 sunt
1379 4687 1573 4732 sollemnitates
1591 4685 1671 4739 fatear
1689 4685 1734 4730 sed
1749 4686 1879 4742 separatis

1132 4755 1226 4800 diebus
1235 4755 1360 4810 agendae,
1371 4756 1400 4799 ut
1410 4753 1463 4799 iam
1474 4751 1686 4810 supradiximus.
1697 4752 1881 4798 praecursoris

1134 4825 1222 4867 tamen
1237 4821 1343 4877 festum,
1358 4821 1381 4865 si
1395 4821 1468 4866 vobis
1483 4821 1576 4876 placet,
1590 4819 1681 4866 statim
1697 4823 1756 4876 post
1770 4819 1881 4877 Epipha-

1134 4889 1206 4934 niam
1220 4888 1300 4945 agite.

1173 4967 1227 5001 xiv.
1243 4957 1378 5001 Postremo
1392 4955 1460 5011 quod
1476 4965 1554 5010 rogas
1568 4954 1600 4998 de
1614 4953 1757 4999 missarum
1768 4953 1796 4998 in
1806 4953 1880 5000 festis

1134 5025 1175 5067 SS.
1187 5021 1395 5068 t'ardanensium
1410 5023 1436 5066 et
1447 5024 1489 5066 ss.
1499 5025 1601 5076 Regum
1613 5019 1777 5076 introitibus,
1789 5021 1815 5066 id
1825 5032 1881 5078 per·

1133 5089 1202 5134 tinet
1215 5089 1248 5134 ad
1263 5089 1386 5134 latiorem
1406 5087 1613 5145 responsionem,
1628 5097 1696 5144 quae
1714 5087 1785 5132 circa
1799 5087 1880 5134 libros

1133 5155 1272 5211 liturgicus
1286 5159 1377 5210 postea
1391 5153 1477 5199 danda
1491 5153 1550 5200 erit.

1173 5234 1217 5267 xv.
1232 5225 1267 5266 De
1281 5221 1376 5267 rituali
1391 5221 1455 5266 item
1470 5221 1539 5277 quod
1554 5221 1694 5278 praecipue
1709 5231 1787 5277 rogas
1801 5223 1881 5278 paulo

1133 5293 1191 5346 post
1206 5288 1415 5346 respondebitur.

1173 5359 1241 5400 llaec
1262 5355 1369 5400 interim
1390 5357 1470 5400 Sacra
1491 5355 1667 5410 congregatio
1681 5355 1714 5399 ad
1729 5354 1880 5410 amplitudi-

1134 5432 1193 5467 nem
1208 5427 1282 5467 tuam
1297 5421 1435 5467 scribenda
1453 5421 1567 5474 censuim
1582 5423 1723 5477 speratque
1738 5421 1879 5466 admodum

1133 5501 1164 5534 ea
1179 5493 1205 5534 te
1219 5488 1381 5534 adamussim
1397 5490 1603 5544 exequuturum.

1173 5559 1266 5600 Precor
1281 5558 1362 5600 baum
1374 5554 1484 5608 interea,
1495 5556 1525 5599 ut
1534 5551 1737 5610 amplitudinem
1748 5555 1822 5598 tuam
1833 5553 1879 5600 diu

1133 5623 1257 5679 sospitem
1273 5633 1303 5668 ac
1317 5622 1419 5666 felicem
1434 5624 1528 5666 servet.

1173 5686 1362 5744 amplitudinis
1375 5691 1437 5733 tuae

1174 5757 1267 5800 [tatum
1289 5757 1396 5808 Romae,
1416 5766 1446 5798 ex
1462 5753 1520 5798 aed.
1544 5757 1598 5798 sac.
1614 5753 1833 5810 congregationis
1847 5753 1879 5800 de

1132 5819 1303 5878 propaganda
1317 5819 1387 5876 Fide,
1402 5820 1444 5865 die
1459 5831 1493 5865 rv.
1508 5818 1569 5865 iulii
1583 5830 1764 5866 mucccxxxrn.

1830 517 1870 584 87
1919 517 1973 574 Aa.
1987 520 2018 574 c.
2039 519 2109 574 isac
