4822 6986
326 567 379 618 An.
395 569 424 620 C.
448 568 516 619 1846

335 2023 451 2084 ,Limites
471 2023 533 2068 vica·

321 2081 409 2122 aratus.

337 3342 470 3398 benogello
480 3353 538 3387 con·

325 3395 470 3441 tractorum.

349 5699 519 5744 Prooemium.

569 565 627 628 att

550 715 631 778 quae
650 701 687 764 ad
703 701 899 780 disciplinam
916 699 1102 777 regularem
1121 697 1294 777 pertinent,

550 795 767 857 missionaries
790 794 979 856 moderetur
1001 811 1034 856 ac
1056 798 1157 870 regat.

590 905 638 949 nr.
663 887 703 950 Ut
717 888 802 950 idenr
819 885 962 950 vicarius
978 887 1179 966 apostolicus
1191 885 1224 948 in
1241 901 1297 962 gu-

549 981 663 1043 bernio
685 980 857 1052 missionis,
882 997 1027 1042 necnon
1050 980 1083 1041 in
1099 979 1298 1041 administra-

550 1076 637 1138 tione
660 1075 835 1137 iundorum
858 1081 891 1136 et
911 1075 1121 1153 pecuniarum
1145 1089 1298 1151 quocum-

549 1185 612 1246 que
637 1168 732 1230 titulo
761 1168 808 1230 illi
838 1168 1098 1238 obvenientium,
1131 1166 1235 1228 omnia
1259 1183 1299 1228 33

548 1262 707 1324 sententia
729 1263 829 1324 dictae
854 1260 1122 1338 congregationis
1151 1259 1298 1322 Cardine-

549 1355 629 1418 lium
661 1356 885 1434 Propagandae
922 1353 1010 1416 Fidei
1044 1353 1297 1432 praepositorum

550 1466 705 1530 peragere
726 1450 850 1522 debeat,
867 1463 940 1511 cum
964 1465 1025 1526 qua
1045 1448 1164 1510 directe
1187 1453 1219 1508 et
1240 1447 1298 1508 iru-

550 1545 689 1607 mediate
711 1543 939 1614 communicet,
957 1542 993 1603 ad
1011 1555 1146 1618 eamque
1162 1540 1299 1618 singulis

552 1638 698 1700 trienniis
721 1637 760 1699 de
782 1651 861 1700 vero
882 1643 964 1698 statu
992 1635 1152 1697 missionis
1174 1634 1299 1696 reterre

552 1737 701 1794 teneatur
723 1737 791 1792 tum
813 1731 894 1793 circa
916 1729 1109 1809 spirituales,
1135 1735 1202 1790 tum
1219 1727 1299 1789 circa

552 1824 745 1903 temporales
760 1840 811 1886 res
823 1824 923 1902 ipsam
937 1823 1155 1901 respicientes,
1170 1828 1300 1884 onerata

552 1917 720 1996 superbis
743 1918 892 1979 omnibus
913 1917 1012 1994 ipsius
1036 1916 1237 1978 conscientia.

591 2013 660 2088 §2
684 2011 747 2073 lam
770 2026 861 2084 vero,
886 2011 972 2088 quod
994 2011 1136 2089 pertinet
1157 2010 1193 2071 ad
1217 2009 1300 2070 limi-

553 2113 601 2169 tes
617 2106 788 2177 missionis,
805 2122 863 2166 seu
878 2106 1047 2168 vicariatus
1068 2103 1297 2175 llandnrensts,

553 2199 658 2262 babitu
680 2199 869 2260 missionum
897 2199 1106 2260 finitimarum
1133 2205 1300 2258 eteorum

555 2307 636 2370 quae
652 2291 709 2354 bec
724 2293 763 2354 de
779 2307 814 2353 re
830 2300 921 2353 antea
936 2297 1051 2354 statuta
1063 2299 1149 2362 sunt,
1163 2291 1298 2362 ratione,

556 2387 707 2450 eumdem
729 2386 917 2447 vicariatum
940 2401 997 2463 pro
1024 2400 1119 2457 nunc,
1144 2401 1177 2445 ac
1201 2383 1301 2444 donec

553 2482 689 2542 tortasse
719 2495 794 2542 eum
816 2479 848 2540 in
871 2479 979 2557 plures
1005 2477 1149 2540 dividere
1180 2483 1302 2554 tempo-

553 2591 627 2636 rum
640 2574 786 2636 adiuncta
802 2589 867 2634 non
882 2572 1059 2649 requirant,
1075 2573 1115 2634 ita
1132 2571 1301 2634 definitum

553 2669 706 2730 volumus
729 2684 763 2728 ac
785 2665 983 2738 mandamus,
1007 2672 1044 2728 ut
1064 2665 1196 2736 scilicet,
1222 2665 1303 2726 sicut

555 2762 591 2824 ad
613 2758 778 2837 Orientem
801 2777 835 2822 ac
851 2759 1017 2822 lleridiem
1032 2777 1048 2820 3
1065 2759 1144 2819 meri
1168 2759 1303 2820 circum-

554 2854 716 2926 scribitur,
741 2861 773 2915 et
801 2853 836 2916 ad
867 2851 1070 2915 Occidentem
1099 2871 1114 2914 3
1143 2853 1303 2914 Montibus

554 2949 658 3020 Getes,
672 2948 714 3009 ita
729 2948 765 3009 ad
779 2946 1040 3026 Septentrionem
1059 2947 1137 3007 lines
1150 2946 1219 3008 eius
1231 2961 1304 3006 con-

554 3041 687 3103 stituant
709 3039 926 3103 meridionalis
942 3039 1025 3102 linea
1047 3039 1230 3117 provinciae
1246 3055 1303 3100 seu

556 3131 715 3196 missionis
729 3133 1011 3204 Goimbatorensis,
1030 3133 1150 3194 llumen
1167 3131 1302 3210 Gavery,

557 3227 691 3305 eiusque
713 3243 822 3291 ramus
844 3226 955 3290 liettar
977 3241 1079 3303 usque
1102 3227 1138 3288 ad
1162 3226 1256 3286 liare.

596 3324 615 3396 ἓ
636 3321 665 3382 3.
697 3321 779 3383 Η333
800 3321 962 3392 volumus,
980 3337 1045 3381 non
1062 3319 1260 3381 obstantibus
1276 3337 1305 3380 a·

557 3415 720 3494 postolicis
743 3431 776 3476 ac
798 3415 831 3476 iu
852 3413 1088 3476 universalibus
1105 3412 1305 3491 provinciali-

557 3509 682 3586 busque
699 3514 731 3570 et
745 3507 952 3587 synodalibus
972 3507 1114 3570 conciliis
1137 3507 1229 3568 editis
1253 3523 1306 3583 gc-

557 3601 720 3664 neralibus
742 3601 795 3663 vel
810 3601 1000 3679 specialibus
1022 3599 1305 3662 constitutionibus

558 3701 590 3757 et
615 3695 885 3766 ordinationibus,
909 3694 1109 3770 caeterisque
1138 3694 1306 3756 contrariis

558 3789 828 3865 quibuscumque.

597 3881 710 3943 Datum
734 3881 852 3943 Romae
867 3881 950 3958 apud
973 3879 1004 3941 S.
1027 3880 1157 3942 Petrum
1173 3880 1233 3942 sub
1255 3896 1307 3941 an·

558 3975 637 4037 3313
657 3973 837 4046 Ρ133333313,
852 3973 902 4036 3113
920 3991 986 4035 xlx.
1006 3975 1080 4036 maii
1097 3991 1304 4046 nuscuntur,

558 4069 759 4148 pontificatus
782 4067 883 4129 nostri
905 4083 987 4128 anno
1010 4085 1074 4128 nvi.

855 4349 1025 4414 cdtxxlt.

558 4536 641 4600 lulio
663 4537 775 4602 elisacio
798 4538 866 4601 Soc.
885 4539 955 4601 lesu
975 4538 1156 4619 presbytero
1172 4539 1308 4600 333331-

599 4633 743 4696 33313131
758 4633 984 4696 Mandurieusi
1003 4632 1215 4714 praeficiendo
1233 4633 1308 4694 titu-

598 4727 665 4788 lum
687 4743 733 4806 ep.
758 4725 831 4788 ecci.
861 4726 1041 4790 Temesaea.
1062 4727 1096 4788 ic
1118 4725 1228 4789 inscio
1254 4725 1308 4804 Cp-

597 4820 651 4901 pri
672 4821 808 4901 confert.

606 5005 723 5072 Dilecto
746 5005 809 5072 iilic
834 5005 936 5074 313313
960 5008 1062 5072 Ganoz
1086 5006 1263 5088 presbytero

793 5099 965 5167 Socieiaiia
990 5099 1067 5178 lesu,

730 5251 949 5319 essecutus
973 5251 1034 5318 ΡΡ.
1061 5250 1132 5316 xvi.

840 5386 956 5452 dilecte
977 5386 1030 5464 iili,

593 5482 720 5549 salutem
744 5487 776 5548 et
797 5481 994 5564 apostolicam
1022 5481 1273 5547 benedictionem.

600 5673 802 5752 apostolatus
833 5673 983 5746 cilicium,
1009 5672 1133 5734 meritis
1157 5672 1230 5735 licet
1251 5673 1309 5732 irn-

561 5768 702 5848 paribus,
727 5768 818 5830 nobis
841 5784 881 5829 ex
904 5767 966 5829 alto
997 5767 1221 5836 commissum,
1246 5781 1310 5843 quo

563 5861 770 5924 ecclesiarum
793 5861 937 5924 omnium
954 5861 1106 5939 regimini
1123 5861 1228 5923 divina
1250 5860 1310 5921 dis-

562 5955 721 6035 positione
753 5955 982 6034 praesidemus,
1015 5954 1140 6017 utiliter
1173 5955 1307 6030 exequi,

1070 581 1135 625 lull.
1160 579 1251 626 bour.
1276 579 1316 624 DE
1338 580 1368 626 P.
1393 581 1421 624 F.
1446 580 1530 626 PARS
1552 581 1573 626 1.

1354 697 1523 760 adiuvante
1540 698 1687 771 Domino,
1702 701 1879 780 cupientes,
1894 698 2027 762 solliciti
2044 713 2118 759 cor-

1354 792 1393 855 de
1411 791 1578 854 reddimur
1593 800 1625 855 et
1636 793 1783 865 solertes,
1800 800 1846 864 ut,
1864 809 1937 856 cum
1954 795 1994 855 de
2008 791 2118 853 ecclc-

1354 885 1474 947 siarum
1494 888 1634 966 ipsarum
1655 887 1870 964 regiminibus
1892 888 2001 964 agitur
2025 901 2118 948 com-

1355 979 1530 1052 mittendis,
1556 980 1631 1042 tales
1650 981 1695 1042 eis
1718 981 1750 1042 in
1765 981 1909 1042 Pastores
1931 980 2118 1058 praeficere

1354 1074 1551 1146 studeamus,
1566 1075 1620 1151 qui
1633 1075 1788 1153 populum
1801 1091 1878 1136 suae
1890 1091 1984 1136 curae
2007 1072 2118 1135 credi-

1356 1174 1424 1228 tum
1444 1169 1544 1230 sciant
1562 1185 1627 1230 non
1647 1168 1750 1230 solum
1769 1169 1913 1232 doctrina
1928 1168 2037 1238 verbi,
2057 1168 2119 1228 sed

1356 1261 2118 1340 etiamexemplobonioperisiniormare,com-

1355 1354 1533 1432 missasque
1549 1355 1608 1418 sibi
1626 1355 1772 1418 ecclesias
1785 1355 1817 1416 in
1834 1361 1916 1416 statu
1931 1355 2067 1433 pacifico
2085 1361 2120 1416 et

1356 1448 1530 1525 tranquillo
1551 1449 1654 1510 velint
1680 1455 1712 1510 et
1733 1449 1870 1519 valeant,
1894 1455 2027 1510 auctore
2053 1447 2119 1509 Do-

1356 1542 1455 1613 mino,
1473 1541 1645 1604 salubriter
1660 1557 1777 1618 regere
1793 1550 1825 1604 et
1840 1541 1976 1604 ieliciter
1989 1543 2119 1618 guber-

1357 1652 1444 1698 nare.
1459 1635 1586 1698 Dudum
1601 1636 1759 1714 siquidem
1774 1635 1993 1713 provisionem
2008 1635 2118 1697 eccle-

1355 1730 1474 1792 siarum
1488 1729 1633 1790 omnium
1647 1746 1732 1792 nunc
1749 1729 1940 1802 vacantium,
1959 1743 2119 1806 quaeque

1356 1823 1567 1900 inposterum
1583 1829 1760 1895 vacaturae,
1780 1824 1973 1886 ordinationi
1986 1841 2021 1885 ac
2039 1839 2119 1902 pro-

1356 1917 1472 1978 visioni
1484 1925 1612 1978 nostrae
1625 1918 1875 1985 reservavimus,
1893 1919 2119 1980 decernentes

1358 2027 1397 2071 eu
1419 2017 1495 2072 tunc
1517 2011 1645 2072 irritum
1669 2017 1701 2072 et
1722 2012 1826 2082 inane,
1845 2012 1871 2073 si
1893 2027 1986 2073 secus
2010 2027 2118 2088 super

1358 2103 1406 2164 bis
1422 2121 1438 2164 a
1454 2119 1615 2182 quoquam
1639 2105 1749 2182 quavis
1766 2105 1953 2166 auctoritate
1967 2107 2118 2166 scienter

1357 2198 1409 2259 vel
1432 2198 1619 2274 ignoranter
1640 2199 1813 2274 contigerit
1833 2199 1993 2260 attentari.

1397 2293 1416 2366 g
1440 2293 1466 2352 1.
1484 2291 1692 2354 Postmodum
1713 2309 1802 2361 vero,
1821 2293 1991 2370 episcopali
2007 2294 2118 2356 eccle-

1358 2387 1402 2447 sia
1425 2387 1604 2448 Tamassen.
1623 2387 1656 2448 in
1675 2386 1780 2447 insula
1796 2385 1893 2464 Cypri
1915 2387 2117 2465 inpartibus

1358 2479 1536 2542 infidelium
1562 2481 1698 2542 Pastoris
1722 2471 1835 2542 solatio
1855 2481 2027 2553 destituta,
2055 2498 2117 2542 nos

1358 2573 1394 2634 ad
1419 2573 1564 2634 eiusdem
1587 2573 1750 2644 ccclesiae,
1772 2573 1811 2634 de
1833 2573 1923 2634 cuius
1944 2575 2118 2635 vacatione

1359 2665 1479 2727 relatus
1495 2667 1557 2727 tide
1580 2666 1668 2742 digni
1691 2666 1838 2727 iecerunt
1860 2683 1918 2728 nos
1940 2669 2116 2738 certiores,

1360 2760 1578 2838 provisionem
1608 2761 1748 2822 celerem
1772 2767 1804 2820 et
1826 2760 1968 2832 lelicem,
1994 2761 2027 2822 in
2052 2776 2118 2837 qua

1360 2853 1468 2915 nullus
1499 2861 1626 2932 praeter
1649 2870 1706 2916 nos
1736 2871 1770 2915 se
1793 2855 1897 2932 potuit
1925 2871 1981 2916 seu
2005 2861 2120 2932 potest

1360 2949 1590 3014 intromittere.
1610 2949 1831 3010 reservatione
1853 2965 1886 3008 ac
1910 2948 2043 3010 decreto
2062 2949 2118 3009 ob·

1359 3042 1547 3104 sistentibus
1569 3042 1767 3119 supradictis,
1788 3058 1829 3102 ne
1851 3041 1904 3102 illa
1927 3041 2045 3118 longae
2062 3059 2117 3104 vu-

1362 3137 1492 3198 cetionis
1506 3142 1685 3214 exponatur
1698 3135 1919 3206 incommodis,
1931 3143 2069 3213 paterno
2082 3155 2118 3198 ac

1362 3231 1499 3292 sollicito
1520 3230 1625 3292 studio
1648 3231 1871 3303 intendentes
1897 3237 1966 3309 post
1992 3233 2118 3294 delibe-

1363 3325 1538 3392 rationem,
1567 3341 1663 3402 quam
1694 3325 1733 3386 de
1762 3325 1975 3402 praeficiendo
2005 3325 2116 3388 eidem

1363 3418 1515 3480 ecclesiae
1538 3433 1706 3496 personam
1728 3418 1841 3480 utilem
1864 3435 1898 3479 ac
1914 3417 2117 3480 fructuosam

1363 3527 1436 3572 cum
1469 3527 1567 3573 verm.
1603 3511 1755 3574 iratribus
1789 3512 1907 3572 nostris
1941 3511 1971 3573 S.
2006 3511 2043 3574 ll.
2078 3513 2116 3574 E.

1363 3603 1583 3667 cardinalibus
1607 3605 1749 3682 negociis
1778 3605 2001 3683 Propagandac
2023 3605 2118 3668 Fidei

1364 3700 1552 3777 praepositis
1569 3700 1739 3761 babuimus
1759 3699 1961 3776 diligentem,
1980 3701 2117 3762 demum

1363 3793 1400 3854 ad
1424 3800 1466 3864 33,
1491 3794 1546 3870 qui
1569 3811 1607 3854 ex
1636 3793 1782 3870 legitimo
1810 3794 2014 3856 matrimonio
2042 3811 2118 3872 pro-

1364 3895 1488 3948 creatus
1512 3888 1596 3948 3313
1619 3894 1720 3948 aetate
1749 3887 1894 3964 legitima
1920 3887 2118 3948 constitutus

1365 3981 1487 4053 existis,
1512 3981 1550 4042 de
1573 3981 1663 4042 cuius
1686 3997 1814 4042 morum
1838 3981 2034 4057 integritate,
2061 3981 2117 4042 do-

1364 4075 1465 4136 ctrina
1487 4093 1521 4136 ac
1543 4076 1712 4153 prudentia
1725 4083 1757 4136 et
1778 4076 1969 4138 christianae
1984 4077 2118 4153 religio-

1365 4169 1413 4230 nis
1436 4186 1470 4230 33
1492 4168 1664 4230 catholicae
1687 4169 1761 4230 tidei
1784 4169 1855 4230 zelo
1871 4169 1933 4231 fide
1956 4171 2052 4246 digua
2068 4187 2117 4232 ac-

1365 4262 1508 4340 cepimus
1525 4263 1716 4334 testimonia,
1732 4263 1842 4324 oculos
1854 4264 1971 4325 mentis
1987 4269 2117 4325 nostrae

1365 4357 1553 4418 direximus.
1578 4356 1698 4430 Quibus
1722 4356 1872 4418 omnibus
1895 4364 2020 4418 mature
2042 4373 2117 4436 per-

1365 4453 1483 4528 pensis,
1503 4459 1561 4512 tea
1578 4451 1745 4528 quibusvis
1759 4451 2114 4524 excommunicationis

1365 4545 1584 4622 suspensionis
1607 4551 1639 4605 et
1659 4545 1833 4614 interdicti,
1858 4545 1993 4623 aliisque
2015 4547 2116 4608 eccle-

1365 4638 1498 4699 siasticis
1515 4639 1669 4710 censuris,
1684 4638 1853 4700 sententiis
1867 4645 1899 4700 et
1911 4641 2023 4716 poenis
2036 4655 2115 4716 quo·

1365 4731 1413 4792 vis
1434 4731 1530 4792 modo
1547 4737 1579 4792 et
1595 4746 1796 4807 quacumque
1820 4731 1858 4792 de
1881 4749 1972 4794 causa
1988 4733 2070 4803 latis,
2088 4733 2115 4792 si

1366 4841 1443 4902 quas
1466 4825 1549 4886 13333
1579 4825 1760 4896 incurristi,
1790 4825 1884 4886 buius
1911 4833 2036 4887 tantum
2065 4825 2115 4887 rei

1367 4919 1466 4996 gretia
1489 4919 1692 4980 absolventes
1709 4925 1741 4980 et
1756 4918 1937 4980 absolutum
1956 4919 2025 4980 iore
2042 4935 2114 4981 cen·

1365 5020 1492 5084 sentes,
1524 5014 1670 5074 eamdem
1700 5012 1866 5073 ecclesiam
1900 5012 2113 5092 episcopalem

1367 5107 1548 5169 Tamassen.
1567 5107 1605 5169 de
1622 5121 1757 5186 persona
1775 5113 1826 5167 tua
1842 5105 1933 5168 nobis
1947 5113 1979 5168 et
1993 5123 2114 5168 inemo-

1366 5201 1442 5262 ratis
1464 5201 1684 5264 cardinalibus
1702 5200 1740 5261 ob
1763 5207 1895 5262 tuorum
1918 5200 2113 5276 exigentiam

1367 5295 1559 5357 meritorum
1572 5301 1708 5373 accepta,
1723 5295 1762 5356 de
1775 5294 1966 5356 eorumdem
1980 5294 2113 5355 iratrum

1366 5390 1499 5453 consilio
1512 5389 1699 5452 auctoritate
1715 5388 1885 5466 apostolica
1898 5393 2011 5449 tenore
2027 5403 2113 5464 prae·

1366 5484 1507 5545 sentium
1525 5483 1742 5561 providemus,
1760 5487 1858 5558 teque
1875 5480 1921 5542 illi
1943 5481 2113 5559 131131333-

1367 5595 1444 5658 pum
1467 5577 1669 5656 praeficimus
1690 5585 1722 5638 et
1737 5583 1909 5654 pastorem,
1928 5591 2048 5648 curam,
2066 5593 2113 5637 rc-

1368 5673 1477 5750 gimen
1490 5677 1522 5733 et
1533 5671 1841 5733 administrationem
1856 5670 1955 5748 ipsius
1965 5669 2113 5732 ccclesiae

1367 5765 1424 5827 tibi
1445 5765 1478 5826 in
1500 5764 1719 5843 spiritualibus
1742 5770 1775 5824 et
1796 5764 2028 5844 temporalibus
2051 5764 2113 5841 ple-

1367 5859 1456 5921 narie
1467 5859 1709 5930 committendo,
1724 5857 1756 5918 in
1772 5857 1828 5918 illo
1844 5857 1899 5934 qui
1915 5858 1967 5918 dat
1981 5858 2113 5934 gratiani

1368 5959 1400 6016 ct
1421 5952 1557 6030 largitur
1579 5953 1661 6014 dona
1689 5950 1810 6024 confisi,
1839 5951 1925 6027 quod
1954 5949 2112 6027 dirigente

2162 2315 2281 2374 berneium
2294 2328 2319 2360 nu

2139 2371 2278 2411 nudaretur<
