<?xml version="1.0" encoding="UTF-8"?>
<!DOCTYPE html PUBLIC "-//W3C//DTD XHTML 1.0 Transitional//EN"
    "http://www.w3.org/TR/xhtml1/DTD/xhtml1-transitional.dtd">
<html xmlns="http://www.w3.org/1999/xhtml" xml:lang="en" lang="en">
 <head>
  <title>
</title>
<meta http-equiv="Content-Type" content="text/html;charset=utf-8" />
  <meta name='ocr-system' content='tesseract 3.04.00' />
  <meta name='ocr-capabilities' content='ocr_page ocr_carea ocr_par ocr_line ocrx_word'/>
</head>
<body>
  <div class='ocr_page' id='page_1' title='image "./iurispontificii01martgoog_0340.png"; bbox 0 0 4770 6982; ppageno 0'>
   <div class='ocr_carea' id='block_1_1' title="bbox 290 547 589 622">
    <p class='ocr_par' dir='ltr' id='par_1_1' title="bbox 290 547 589 622">
     <span class='ocr_line' id='line_1_1' title="bbox 290 547 589 622; baseline 0.003 -13"><span class='ocrx_word' id='word_1_1' title='bbox 290 553 343 610; x_wconf 75' lang='lat' dir='ltr'>in.</span> <span class='ocrx_word' id='word_1_2' title='bbox 359 561 388 610; x_wconf 91' lang='lat' dir='ltr'>c.</span> <span class='ocrx_word' id='word_1_3' title='bbox 411 561 481 610; x_wconf 79' lang='lat'>1844</span> <span class='ocrx_word' id='word_1_4' title='bbox 530 547 589 622; x_wconf 78' lang='lat'>330</span> 
     </span>
    </p>
   </div>
   <div class='ocr_carea' id='block_1_2' title="bbox 479 691 1261 5844">
    <p class='ocr_par' dir='ltr' id='par_1_2' title="bbox 509 691 1260 2462">
     <span class='ocr_line' id='line_1_2' title="bbox 512 691 1259 772; baseline -0.007 -16"><span class='ocrx_word' id='word_1_5' title='bbox 512 711 603 756; x_wconf 92' lang='lat' dir='ltr'>causa</span> <span class='ocrx_word' id='word_1_6' title='bbox 619 695 700 768; x_wconf 91' lang='lat' dir='ltr'>latis,</span> <span class='ocrx_word' id='word_1_7' title='bbox 717 693 743 756; x_wconf 93' lang='lat' dir='ltr'>si</span> <span class='ocrx_word' id='word_1_8' title='bbox 766 710 843 772; x_wconf 93' lang='lat' dir='ltr'>quas</span> <span class='ocrx_word' id='word_1_9' title='bbox 858 694 943 758; x_wconf 90' lang='lat' dir='ltr'>forte</span> <span class='ocrx_word' id='word_1_10' title='bbox 972 694 1146 766; x_wconf 90' lang='lat' dir='ltr'>incurristi,</span> <span class='ocrx_word' id='word_1_11' title='bbox 1163 691 1259 754; x_wconf 89' lang='lat' dir='ltr'>buius</span> 
     </span>
     <span class='ocr_line' id='line_1_3' title="bbox 511 786 1260 866; baseline -0.001 -18"><span class='ocrx_word' id='word_1_12' title='bbox 511 793 636 850; x_wconf 90' lang='lat' dir='ltr'>tantum</span> <span class='ocrx_word' id='word_1_13' title='bbox 658 788 706 850; x_wconf 87' lang='lat' dir='ltr'>rei</span> <span class='ocrx_word' id='word_1_14' title='bbox 728 789 831 866; x_wconf 87' lang='lat' dir='ltr'>gratia</span> <span class='ocrx_word' id='word_1_15' title='bbox 852 787 1056 850; x_wconf 80' lang='lat' dir='ltr'><strong>absolventes</strong></span> <span class='ocrx_word' id='word_1_16' title='bbox 1079 794 1112 849; x_wconf 92' lang='lat' dir='ltr'>et</span> <span class='ocrx_word' id='word_1_17' title='bbox 1136 786 1260 848; x_wconf 90' lang='lat' dir='ltr'>absolu-</span> 
     </span>
     <span class='ocr_line' id='line_1_4' title="bbox 509 880 1259 958; baseline 0.003 -18"><span class='ocrx_word' id='word_1_18' title='bbox 509 887 579 943; x_wconf 91' lang='lat' dir='ltr'>tum</span> <span class='ocrx_word' id='word_1_19' title='bbox 595 880 665 943; x_wconf 93' lang='lat' dir='ltr'>fore</span> <span class='ocrx_word' id='word_1_20' title='bbox 684 887 867 953; x_wconf 90' lang='lat' dir='ltr'>censentes,</span> <span class='ocrx_word' id='word_1_21' title='bbox 884 882 1030 944; x_wconf 90' lang='lat' dir='ltr'>eamdem</span> <span class='ocrx_word' id='word_1_22' title='bbox 1047 880 1259 958; x_wconf 89' lang='lat' dir='ltr'>episcopalem</span> 
     </span>
     <span class='ocr_line' id='line_1_5' title="bbox 511 975 1259 1053; baseline -0.003 -17"><span class='ocrx_word' id='word_1_23' title='bbox 511 975 676 1036; x_wconf 89' lang='lat' dir='ltr'>ecclesiam</span> <span class='ocrx_word' id='word_1_24' title='bbox 699 975 873 1036; x_wconf 86' lang='lat' dir='ltr'>lilaronien.</span> <span class='ocrx_word' id='word_1_25' title='bbox 898 975 937 1036; x_wconf 91' lang='lat' dir='ltr'>de</span> <span class='ocrx_word' id='word_1_26' title='bbox 960 991 1095 1053; x_wconf 92' lang='lat' dir='ltr'>persona</span> <span class='ocrx_word' id='word_1_27' title='bbox 1117 981 1181 1046; x_wconf 91' lang='lat' dir='ltr'>tua,</span> <span class='ocrx_word' id='word_1_28' title='bbox 1204 989 1259 1035; x_wconf 94' lang='lat' dir='ltr'>no-</span> 
     </span>
     <span class='ocr_line' id='line_1_6' title="bbox 510 1066 1259 1146; baseline 0.001 -19"><span class='ocrx_word' id='word_1_29' title='bbox 510 1066 557 1128; x_wconf 92' lang='lat' dir='ltr'>bis</span> <span class='ocrx_word' id='word_1_30' title='bbox 583 1074 615 1128; x_wconf 92' lang='lat' dir='ltr'>et</span> <span class='ocrx_word' id='word_1_31' title='bbox 636 1069 821 1130; x_wconf 90' lang='lat' dir='ltr'>memoratis</span> <span class='ocrx_word' id='word_1_32' title='bbox 844 1068 1063 1131; x_wconf 76' lang='lat' dir='ltr'>cardinalibus</span> <span class='ocrx_word' id='word_1_33' title='bbox 1079 1074 1204 1146; x_wconf 88' lang='lat' dir='ltr'>accepta</span> <span class='ocrx_word' id='word_1_34' title='bbox 1220 1067 1259 1129; x_wconf 93' lang='lat' dir='ltr'>ob</span> 
     </span>
     <span class='ocr_line' id='line_1_7' title="bbox 510 1163 1260 1242; baseline 0 -20"><span class='ocrx_word' id='word_1_35' title='bbox 510 1167 641 1224; x_wconf 88' lang='lat' dir='ltr'>tuorum</span> <span class='ocrx_word' id='word_1_36' title='bbox 658 1163 851 1242; x_wconf 78' lang='lat' dir='ltr'>exigentiam</span> <span class='ocrx_word' id='word_1_37' title='bbox 865 1163 1068 1234; x_wconf 89' lang='lat' dir='ltr'>meritorum,</span> <span class='ocrx_word' id='word_1_38' title='bbox 1081 1163 1119 1224; x_wconf 91' lang='lat' dir='ltr'>de</span> <span class='ocrx_word' id='word_1_39' title='bbox 1132 1177 1260 1223; x_wconf 90' lang='lat' dir='ltr'>eorum-</span> 
     </span>
     <span class='ocr_line' id='line_1_8' title="bbox 510 1255 1259 1333; baseline 0.001 -17"><span class='ocrx_word' id='word_1_40' title='bbox 510 1255 583 1316; x_wconf 87' lang='lat' dir='ltr'>dem</span> <span class='ocrx_word' id='word_1_41' title='bbox 607 1256 741 1318; x_wconf 82' lang='lat' dir='ltr'>fratrum</span> <span class='ocrx_word' id='word_1_42' title='bbox 765 1256 909 1328; x_wconf 91' lang='lat' dir='ltr'>consilio,</span> <span class='ocrx_word' id='word_1_43' title='bbox 927 1257 1114 1318; x_wconf 90' lang='lat' dir='ltr'>auctoritate</span> <span class='ocrx_word' id='word_1_44' title='bbox 1136 1263 1259 1333; x_wconf 91' lang='lat' dir='ltr'>aposto-</span> 
     </span>
     <span class='ocr_line' id='line_1_9' title="bbox 509 1349 1259 1428; baseline 0 -18"><span class='ocrx_word' id='word_1_45' title='bbox 509 1349 568 1411; x_wconf 93' lang='lat' dir='ltr'>lica</span> <span class='ocrx_word' id='word_1_46' title='bbox 591 1354 703 1412; x_wconf 91' lang='lat' dir='ltr'>tenore</span> <span class='ocrx_word' id='word_1_47' title='bbox 726 1350 943 1428; x_wconf 88' lang='lat' dir='ltr'>praesentium</span> <span class='ocrx_word' id='word_1_48' title='bbox 971 1350 1189 1428; x_wconf 79' lang='lat' dir='ltr'>providemus,</span> <span class='ocrx_word' id='word_1_49' title='bbox 1214 1356 1259 1410; x_wconf 92' lang='lat' dir='ltr'>te-</span> 
     </span>
     <span class='ocr_line' id='line_1_10' title="bbox 510 1443 1259 1522; baseline 0 -18"><span class='ocrx_word' id='word_1_50' title='bbox 510 1457 573 1520; x_wconf 89' lang='lat' dir='ltr'>que</span> <span class='ocrx_word' id='word_1_51' title='bbox 594 1443 641 1505; x_wconf 92' lang='lat' dir='ltr'>illi</span> <span class='ocrx_word' id='word_1_52' title='bbox 664 1443 697 1504; x_wconf 94' lang='lat' dir='ltr'>in</span> <span class='ocrx_word' id='word_1_53' title='bbox 719 1444 912 1522; x_wconf 81' lang='lat' dir='ltr'>Episcopum</span> <span class='ocrx_word' id='word_1_54' title='bbox 939 1443 1142 1522; x_wconf 84' lang='lat' dir='ltr'>praeficimus</span> <span class='ocrx_word' id='word_1_55' title='bbox 1164 1450 1259 1520; x_wconf 91' lang='lat' dir='ltr'>atque</span> 
     </span>
     <span class='ocr_line' id='line_1_11' title="bbox 509 1537 1259 1616; baseline 0 -18"><span class='ocrx_word' id='word_1_56' title='bbox 509 1543 682 1614; x_wconf 91' lang='lat' dir='ltr'>pastorem,</span> <span class='ocrx_word' id='word_1_57' title='bbox 707 1555 827 1610; x_wconf 91' lang='lat' dir='ltr'>curam,</span> <span class='ocrx_word' id='word_1_58' title='bbox 852 1539 999 1616; x_wconf 92' lang='lat' dir='ltr'>regimen</span> <span class='ocrx_word' id='word_1_59' title='bbox 1015 1545 1047 1600; x_wconf 91' lang='lat' dir='ltr'>et</span> <span class='ocrx_word' id='word_1_60' title='bbox 1061 1537 1259 1600; x_wconf 88' lang='lat' dir='ltr'>administra-</span> 
     </span>
     <span class='ocr_line' id='line_1_12' title="bbox 510 1629 1259 1709; baseline -0.004 -16"><span class='ocrx_word' id='word_1_61' title='bbox 510 1629 632 1693; x_wconf 84' lang='lat' dir='ltr'>tionem</span> <span class='ocrx_word' id='word_1_62' title='bbox 654 1629 754 1709; x_wconf 91' lang='lat' dir='ltr'>ipsius</span> <span class='ocrx_word' id='word_1_63' title='bbox 778 1632 929 1694; x_wconf 88' lang='lat' dir='ltr'>eeclesiae</span> <span class='ocrx_word' id='word_1_64' title='bbox 956 1631 1011 1693; x_wconf 91' lang='lat' dir='ltr'>tibi</span> <span class='ocrx_word' id='word_1_65' title='bbox 1033 1631 1065 1693; x_wconf 91' lang='lat' dir='ltr'>in</span> <span class='ocrx_word' id='word_1_66' title='bbox 1088 1631 1259 1709; x_wconf 89' lang='lat' dir='ltr'>spirituali-</span> 
     </span>
     <span class='ocr_line' id='line_1_13' title="bbox 510 1725 1259 1804; baseline -0.003 -17"><span class='ocrx_word' id='word_1_67' title='bbox 510 1725 570 1788; x_wconf 87' lang='lat' dir='ltr'>bus</span> <span class='ocrx_word' id='word_1_68' title='bbox 585 1730 618 1787; x_wconf 90' lang='lat' dir='ltr'>et</span> <span class='ocrx_word' id='word_1_69' title='bbox 629 1725 861 1804; x_wconf 86' lang='lat' dir='ltr'>temporalibus</span> <span class='ocrx_word' id='word_1_70' title='bbox 874 1725 1017 1803; x_wconf 91' lang='lat' dir='ltr'>plenarie</span> <span class='ocrx_word' id='word_1_71' title='bbox 1029 1725 1259 1786; x_wconf 89' lang='lat' dir='ltr'>committendo</span> 
     </span>
     <span class='ocr_line' id='line_1_14' title="bbox 510 1817 1260 1897; baseline 0.005 -21"><span class='ocrx_word' id='word_1_72' title='bbox 510 1817 543 1878; x_wconf 93' lang='lat' dir='ltr'>in</span> <span class='ocrx_word' id='word_1_73' title='bbox 564 1818 620 1881; x_wconf 93' lang='lat' dir='ltr'>illo</span> <span class='ocrx_word' id='word_1_74' title='bbox 643 1819 698 1897; x_wconf 94' lang='lat' dir='ltr'>qui</span> <span class='ocrx_word' id='word_1_75' title='bbox 725 1820 778 1882; x_wconf 91' lang='lat' dir='ltr'>dat</span> <span class='ocrx_word' id='word_1_76' title='bbox 805 1819 940 1896; x_wconf 80' lang='lat' dir='ltr'>gratiam</span> <span class='ocrx_word' id='word_1_77' title='bbox 963 1827 995 1880; x_wconf 91' lang='lat' dir='ltr'>et</span> <span class='ocrx_word' id='word_1_78' title='bbox 1015 1818 1152 1896; x_wconf 88' lang='lat' dir='ltr'>largitur</span> <span class='ocrx_word' id='word_1_79' title='bbox 1178 1819 1260 1881; x_wconf 92' lang='lat' dir='ltr'>dona</span> 
     </span>
     <span class='ocr_line' id='line_1_15' title="bbox 511 1905 1257 1991; baseline 0 -17"><span class='ocrx_word' id='word_1_80' title='bbox 511 1913 633 1984; x_wconf 91' lang='lat' dir='ltr'>confisi,</span> <span class='ocrx_word' id='word_1_81' title='bbox 644 1914 741 1991; x_wconf 90' lang='lat' dir='ltr'>quod,</span> <span class='ocrx_word' id='word_1_82' title='bbox 753 1913 913 1990; x_wconf 90' lang='lat' dir='ltr'>dirigente</span> <span class='ocrx_word' id='word_1_83' title='bbox 925 1913 1062 1975; x_wconf 90' lang='lat' dir='ltr'>Domino</span> <span class='ocrx_word' id='word_1_84' title='bbox 1071 1905 1161 1975; x_wconf 66' lang='lat' dir='ltr'>&#39;actus</span> <span class='ocrx_word' id='word_1_85' title='bbox 1175 1919 1257 1985; x_wconf 90' lang='lat' dir='ltr'>tuos,</span> 
     </span>
     <span class='ocr_line' id='line_1_16' title="bbox 511 2005 1260 2086; baseline 0.001 -19"><span class='ocrx_word' id='word_1_86' title='bbox 511 2005 649 2086; x_wconf 90' lang='lat' dir='ltr'>praefata</span> <span class='ocrx_word' id='word_1_87' title='bbox 670 2007 802 2070; x_wconf 90' lang='lat' dir='ltr'>ecclesia</span> <span class='ocrx_word' id='word_1_88' title='bbox 824 2023 882 2086; x_wconf 91' lang='lat' dir='ltr'>per</span> <span class='ocrx_word' id='word_1_89' title='bbox 904 2013 977 2069; x_wconf 89' lang='lat' dir='ltr'>tuae</span> <span class='ocrx_word' id='word_1_90' title='bbox 1003 2007 1260 2086; x_wconf 90' lang='lat' dir='ltr'>circumspectio-</span> 
     </span>
     <span class='ocr_line' id='line_1_17' title="bbox 511 2101 1259 2179; baseline 0.001 -17"><span class='ocrx_word' id='word_1_91' title='bbox 511 2101 560 2162; x_wconf 90' lang='lat' dir='ltr'>nis</span> <span class='ocrx_word' id='word_1_92' title='bbox 581 2101 772 2164; x_wconf 91' lang='lat' dir='ltr'>industriam</span> <span class='ocrx_word' id='word_1_93' title='bbox 789 2107 821 2162; x_wconf 93' lang='lat' dir='ltr'>et</span> <span class='ocrx_word' id='word_1_94' title='bbox 835 2102 978 2164; x_wconf 89' lang='lat' dir='ltr'>studium</span> <span class='ocrx_word' id='word_1_95' title='bbox 1000 2101 1125 2162; x_wconf 84' lang='lat' dir='ltr'>utiliter</span> <span class='ocrx_word' id='word_1_96' title='bbox 1141 2108 1173 2162; x_wconf 93' lang='lat' dir='ltr'>et</span> <span class='ocrx_word' id='word_1_97' title='bbox 1188 2118 1259 2179; x_wconf 93' lang='lat' dir='ltr'>pro-</span> 
     </span>
     <span class='ocr_line' id='line_1_18' title="bbox 511 2195 1259 2274; baseline 0 -18"><span class='ocrx_word' id='word_1_98' title='bbox 511 2211 605 2273; x_wconf 89' lang='lat' dir='ltr'>spere</span> <span class='ocrx_word' id='word_1_99' title='bbox 621 2195 789 2272; x_wconf 82' lang='lat' dir='ltr'>dirigatur,</span> <span class='ocrx_word' id='word_1_100' title='bbox 804 2195 883 2258; x_wconf 90' lang='lat' dir='ltr'>etin</span> <span class='ocrx_word' id='word_1_101' title='bbox 898 2195 1117 2274; x_wconf 89' lang='lat' dir='ltr'>spiritualibus</span> <span class='ocrx_word' id='word_1_102' title='bbox 1130 2213 1164 2258; x_wconf 93' lang='lat' dir='ltr'>ac</span> <span class='ocrx_word' id='word_1_103' title='bbox 1180 2202 1259 2256; x_wconf 89' lang='lat' dir='ltr'>tern-</span> 
     </span>
     <span class='ocr_line' id='line_1_19' title="bbox 510 2289 1259 2367; baseline 0 -17"><span class='ocrx_word' id='word_1_104' title='bbox 510 2289 673 2366; x_wconf 90' lang='lat' dir='ltr'>poralibus</span> <span class='ocrx_word' id='word_1_105' title='bbox 706 2289 884 2352; x_wconf 83' lang='lat' dir='ltr'>orthodoxa</span> <span class='ocrx_word' id='word_1_106' title='bbox 915 2290 1032 2367; x_wconf 88' lang='lat' dir='ltr'>religio</span> <span class='ocrx_word' id='word_1_107' title='bbox 1061 2290 1259 2352; x_wconf 89' lang='lat' dir='ltr'>incrementa</span> 
     </span>
     <span class='ocr_line' id='line_1_20' title="bbox 509 2375 671 2462; baseline 0 -18"><span class='ocrx_word' id='word_1_108' title='bbox 509 2375 671 2462; x_wconf 85' lang='lat' dir='ltr'>suscipiat.</span> 
     </span>
    </p>

    <p class='ocr_par' dir='ltr' id='par_1_3' title="bbox 479 2477 1261 5844">
     <span class='ocr_line' id='line_1_21' title="bbox 548 2477 1259 2558; baseline 0.001 -19"><span class='ocrx_word' id='word_1_109' title='bbox 548 2479 566 2552; x_wconf 72' lang='lat'>5</span> <span class='ocrx_word' id='word_1_110' title='bbox 587 2477 617 2539; x_wconf 83' lang='lat'>3.</span> <span class='ocrx_word' id='word_1_111' title='bbox 640 2477 757 2554; x_wconf 90' lang='lat' dir='ltr'>iugum</span> <span class='ocrx_word' id='word_1_112' title='bbox 778 2478 881 2555; x_wconf 91' lang='lat' dir='ltr'>igitur</span> <span class='ocrx_word' id='word_1_113' title='bbox 900 2477 1026 2540; x_wconf 87' lang='lat' dir='ltr'>Domini</span> <span class='ocrx_word' id='word_1_114' title='bbox 1050 2479 1112 2540; x_wconf 93' lang='lat' dir='ltr'>tuis</span> <span class='ocrx_word' id='word_1_115' title='bbox 1130 2479 1259 2558; x_wconf 93' lang='lat' dir='ltr'>imposi-</span> 
     </span>
     <span class='ocr_line' id='line_1_22' title="bbox 509 2571 1257 2648; baseline 0.003 -17"><span class='ocrx_word' id='word_1_116' title='bbox 509 2575 579 2632; x_wconf 92' lang='lat' dir='ltr'>tum</span> <span class='ocrx_word' id='word_1_117' title='bbox 601 2571 747 2632; x_wconf 86' lang='lat' dir='ltr'>humeris</span> <span class='ocrx_word' id='word_1_118' title='bbox 768 2572 811 2633; x_wconf 92' lang='lat' dir='ltr'>ita</span> <span class='ocrx_word' id='word_1_119' title='bbox 833 2573 960 2634; x_wconf 87' lang='lat' dir='ltr'>studeas</span> <span class='ocrx_word' id='word_1_120' title='bbox 976 2571 1116 2634; x_wconf 90' lang='lat' dir='ltr'>fideliter</span> <span class='ocrx_word' id='word_1_121' title='bbox 1132 2587 1257 2648; x_wconf 90' lang='lat' dir='ltr'>gerere,</span> 
     </span>
     <span class='ocr_line' id='line_1_23' title="bbox 479 2665 1259 2744; baseline 0.001 -16"><span class='ocrx_word' id='word_1_122' title='bbox 479 2669 545 2728; x_wconf 91' lang='lat' dir='ltr'>.ut</span> <span class='ocrx_word' id='word_1_123' title='bbox 572 2665 704 2727; x_wconf 91' lang='lat' dir='ltr'>ecclesia</span> <span class='ocrx_word' id='word_1_124' title='bbox 732 2665 870 2744; x_wconf 90' lang='lat' dir='ltr'>praefata</span> <span class='ocrx_word' id='word_1_125' title='bbox 900 2666 1035 2743; x_wconf 91' lang='lat' dir='ltr'>gaudeat</span> <span class='ocrx_word' id='word_1_126' title='bbox 1060 2681 1094 2727; x_wconf 94' lang='lat' dir='ltr'>se</span> <span class='ocrx_word' id='word_1_127' title='bbox 1124 2666 1259 2744; x_wconf 93' lang='lat' dir='ltr'>provido</span> 
     </span>
     <span class='ocr_line' id='line_1_24' title="bbox 510 2760 1258 2836; baseline -0.001 -15"><span class='ocrx_word' id='word_1_128' title='bbox 510 2761 719 2836; x_wconf 87' lang='lat' dir='ltr'>gubernatori</span> <span class='ocrx_word' id='word_1_129' title='bbox 751 2765 784 2822; x_wconf 94' lang='lat' dir='ltr'>et</span> <span class='ocrx_word' id='word_1_130' title='bbox 810 2761 977 2823; x_wconf 92' lang='lat' dir='ltr'>fructuoso</span> <span class='ocrx_word' id='word_1_131' title='bbox 1007 2760 1258 2823; x_wconf 87' lang='lat' dir='ltr'>administratori</span> 
     </span>
     <span class='ocr_line' id='line_1_25' title="bbox 510 2853 1258 2932; baseline -0.005 -14"><span class='ocrx_word' id='word_1_132' title='bbox 510 2870 580 2918; x_wconf 88' lang='lat' dir='ltr'>esse</span> <span class='ocrx_word' id='word_1_133' title='bbox 603 2853 818 2928; x_wconf 86' lang='lat' dir='ltr'>commissam,</span> <span class='ocrx_word' id='word_1_134' title='bbox 843 2871 877 2916; x_wconf 90' lang='lat' dir='ltr'>ac</span> <span class='ocrx_word' id='word_1_135' title='bbox 898 2861 944 2928; x_wconf 90' lang='lat' dir='ltr'>tu,</span> <span class='ocrx_word' id='word_1_136' title='bbox 961 2860 1089 2932; x_wconf 89' lang='lat' dir='ltr'>praeter</span> <span class='ocrx_word' id='word_1_137' title='bbox 1110 2861 1258 2916; x_wconf 87' lang='lat' dir='ltr'>aeternae</span> 
     </span>
     <span class='ocr_line' id='line_1_26' title="bbox 509 2947 1260 3028; baseline 0.003 -20"><span class='ocrx_word' id='word_1_138' title='bbox 509 2947 734 3010; x_wconf 88' lang='lat' dir='ltr'>retributionis</span> <span class='ocrx_word' id='word_1_139' title='bbox 756 2949 948 3028; x_wconf 92' lang='lat' dir='ltr'>praemium,</span> <span class='ocrx_word' id='word_1_140' title='bbox 966 2956 1108 3011; x_wconf 91' lang='lat' dir='ltr'>nostram</span> <span class='ocrx_word' id='word_1_141' title='bbox 1130 2963 1260 3026; x_wconf 90' lang='lat' dir='ltr'>quoque</span> 
     </span>
     <span class='ocr_line' id='line_1_27' title="bbox 510 3038 1260 3120; baseline 0.004 -18"><span class='ocrx_word' id='word_1_142' title='bbox 510 3046 542 3102; x_wconf 90' lang='lat' dir='ltr'>et</span> <span class='ocrx_word' id='word_1_143' title='bbox 564 3040 654 3104; x_wconf 88' lang='lat' dir='ltr'>Sedis</span> <span class='ocrx_word' id='word_1_144' title='bbox 676 3038 878 3120; x_wconf 76' lang='lat' dir='ltr'>Apostolicae</span> <span class='ocrx_word' id='word_1_145' title='bbox 892 3043 1026 3106; x_wconf 91' lang='lat' dir='ltr'>uberius</span> <span class='ocrx_word' id='word_1_146' title='bbox 1048 3043 1164 3105; x_wconf 83' lang='lat' dir='ltr'>exinde</span> <span class='ocrx_word' id='word_1_147' title='bbox 1186 3059 1260 3105; x_wconf 90' lang='lat' dir='ltr'>con-</span> 
     </span>
     <span class='ocr_line' id='line_1_28' title="bbox 510 3135 1257 3213; baseline 0.001 -18"><span class='ocrx_word' id='word_1_148' title='bbox 510 3135 602 3212; x_wconf 92' lang='lat' dir='ltr'>sequi</span> <span class='ocrx_word' id='word_1_149' title='bbox 618 3135 771 3198; x_wconf 89' lang='lat' dir='ltr'>merearis</span> <span class='ocrx_word' id='word_1_150' title='bbox 791 3135 1049 3198; x_wconf 81' lang='lat' dir='ltr'>benedictionem</span> <span class='ocrx_word' id='word_1_151' title='bbox 1065 3143 1097 3198; x_wconf 92' lang='lat' dir='ltr'>et</span> <span class='ocrx_word' id='word_1_152' title='bbox 1112 3137 1257 3213; x_wconf 87' lang='lat' dir='ltr'>gratiam.</span> 
     </span>
     <span class='ocr_line' id='line_1_29' title="bbox 511 3228 1256 3308; baseline 0.001 -18"><span class='ocrx_word' id='word_1_153' title='bbox 511 3228 581 3291; x_wconf 89' lang='lat' dir='ltr'>&#39;libi</span> <span class='ocrx_word' id='word_1_154' title='bbox 603 3234 766 3307; x_wconf 89' lang='lat' dir='ltr'>praeterea</span> <span class='ocrx_word' id='word_1_155' title='bbox 787 3235 824 3290; x_wconf 91' lang='lat' dir='ltr'>ut</span> <span class='ocrx_word' id='word_1_156' title='bbox 838 3229 875 3291; x_wconf 93' lang='lat' dir='ltr'>ad</span> <span class='ocrx_word' id='word_1_157' title='bbox 892 3230 1055 3292; x_wconf 88' lang='lat' dir='ltr'>ecclesiam</span> <span class='ocrx_word' id='word_1_158' title='bbox 1074 3231 1256 3308; x_wconf 90' lang='lat' dir='ltr'>praefatam,</span> 
     </span>
     <span class='ocr_line' id='line_1_30' title="bbox 510 3321 1259 3400; baseline 0.003 -17"><span class='ocrx_word' id='word_1_159' title='bbox 510 3322 664 3400; x_wconf 85' lang='lat' dir='ltr'>quamdiu</span> <span class='ocrx_word' id='word_1_160' title='bbox 687 3323 724 3384; x_wconf 92' lang='lat' dir='ltr'>ab</span> <span class='ocrx_word' id='word_1_161' title='bbox 746 3321 931 3385; x_wconf 83' lang='lat' dir='ltr'>infidelibus</span> <span class='ocrx_word' id='word_1_162' title='bbox 948 3323 1155 3396; x_wconf 87' lang='lat' dir='ltr'>detinebitur,</span> <span class='ocrx_word' id='word_1_163' title='bbox 1174 3339 1259 3385; x_wconf 89' lang='lat' dir='ltr'>acce-</span> 
     </span>
     <span class='ocr_line' id='line_1_31' title="bbox 511 3416 1259 3496; baseline 0 -18"><span class='ocrx_word' id='word_1_164' title='bbox 511 3417 588 3478; x_wconf 91' lang='lat' dir='ltr'>dere</span> <span class='ocrx_word' id='word_1_165' title='bbox 611 3422 643 3477; x_wconf 91' lang='lat' dir='ltr'>et</span> <span class='ocrx_word' id='word_1_166' title='bbox 671 3417 753 3496; x_wconf 92' lang='lat' dir='ltr'>apud</span> <span class='ocrx_word' id='word_1_167' title='bbox 775 3416 863 3478; x_wconf 92' lang='lat' dir='ltr'>illam</span> <span class='ocrx_word' id='word_1_168' title='bbox 886 3417 1099 3495; x_wconf 88' lang='lat' dir='ltr'>personaliter</span> <span class='ocrx_word' id='word_1_169' title='bbox 1116 3417 1259 3478; x_wconf 90' lang='lat' dir='ltr'>residere</span> 
     </span>
     <span class='ocr_line' id='line_1_32' title="bbox 510 3509 1260 3589; baseline 0 -17"><span class='ocrx_word' id='word_1_170' title='bbox 510 3509 645 3572; x_wconf 92' lang='lat' dir='ltr'>minime</span> <span class='ocrx_word' id='word_1_171' title='bbox 657 3511 806 3583; x_wconf 90' lang='lat' dir='ltr'>tenearis,</span> <span class='ocrx_word' id='word_1_172' title='bbox 817 3511 1004 3573; x_wconf 91' lang='lat' dir='ltr'>auctoritate</span> <span class='ocrx_word' id='word_1_173' title='bbox 1016 3517 1124 3572; x_wconf 91' lang='lat' dir='ltr'>nostra</span> <span class='ocrx_word' id='word_1_174' title='bbox 1137 3516 1260 3589; x_wconf 90' lang='lat' dir='ltr'>aposto·</span> 
     </span>
     <span class='ocr_line' id='line_1_33' title="bbox 510 3601 1260 3682; baseline 0.003 -18"><span class='ocrx_word' id='word_1_175' title='bbox 510 3601 569 3666; x_wconf 92' lang='lat' dir='ltr'>lica</span> <span class='ocrx_word' id='word_1_176' title='bbox 591 3605 797 3666; x_wconf 91' lang='lat' dir='ltr'>concedimus</span> <span class='ocrx_word' id='word_1_177' title='bbox 820 3613 853 3666; x_wconf 89' lang='lat' dir='ltr'>et</span> <span class='ocrx_word' id='word_1_178' title='bbox 873 3605 1092 3682; x_wconf 86' lang='lat' dir='ltr'>indulgemus.</span> <span class='ocrx_word' id='word_1_179' title='bbox 1124 3604 1192 3666; x_wconf 87' lang='lat' dir='ltr'>Tibi</span> <span class='ocrx_word' id='word_1_180' title='bbox 1213 3605 1260 3666; x_wconf 93' lang='lat' dir='ltr'>in-</span> 
     </span>
     <span class='ocr_line' id='line_1_34' title="bbox 510 3695 1260 3776; baseline 0.001 -18"><span class='ocrx_word' id='word_1_181' title='bbox 510 3713 609 3776; x_wconf 89' lang='lat' dir='ltr'>super</span> <span class='ocrx_word' id='word_1_182' title='bbox 620 3716 636 3760; x_wconf 92' lang='lat' dir='ltr'>a</span> <span class='ocrx_word' id='word_1_183' title='bbox 648 3713 854 3776; x_wconf 88' lang='lat' dir='ltr'>quocumque</span> <span class='ocrx_word' id='word_1_184' title='bbox 866 3698 1017 3760; x_wconf 86' lang='lat' dir='ltr'>malueris</span> <span class='ocrx_word' id='word_1_185' title='bbox 1030 3697 1186 3759; x_wconf 86' lang='lat' dir='ltr'>catholico</span> <span class='ocrx_word' id='word_1_186' title='bbox 1198 3695 1260 3760; x_wconf 85' lang='lat' dir='ltr'>iin-</span> 
     </span>
     <span class='ocr_line' id='line_1_35' title="bbox 511 3789 1260 3869; baseline 0.001 -18"><span class='ocrx_word' id='word_1_187' title='bbox 511 3789 611 3853; x_wconf 88' lang='lat' dir='ltr'>tistite</span> <span class='ocrx_word' id='word_1_188' title='bbox 634 3791 665 3854; x_wconf 86' lang='lat' dir='ltr'>S.</span> <span class='ocrx_word' id='word_1_189' title='bbox 689 3792 787 3853; x_wconf 91' lang='lat' dir='ltr'>huius</span> <span class='ocrx_word' id='word_1_190' title='bbox 803 3791 894 3854; x_wconf 91' lang='lat' dir='ltr'>Sedis</span> <span class='ocrx_word' id='word_1_191' title='bbox 910 3791 1043 3869; x_wconf 86' lang='lat' dir='ltr'>gratiam</span> <span class='ocrx_word' id='word_1_192' title='bbox 1064 3798 1097 3853; x_wconf 90' lang='lat' dir='ltr'>et</span> <span class='ocrx_word' id='word_1_193' title='bbox 1117 3807 1260 3853; x_wconf 87' lang='lat' dir='ltr'>commu-</span> 
     </span>
     <span class='ocr_line' id='line_1_36' title="bbox 510 3885 1261 3962; baseline 0 -16"><span class='ocrx_word' id='word_1_194' title='bbox 510 3885 643 3948; x_wconf 90' lang='lat' dir='ltr'>nionem</span> <span class='ocrx_word' id='word_1_195' title='bbox 665 3885 814 3958; x_wconf 88' lang='lat' dir='ltr'>habente,</span> <span class='ocrx_word' id='word_1_196' title='bbox 841 3885 951 3947; x_wconf 90' lang='lat' dir='ltr'>adcitis</span> <span class='ocrx_word' id='word_1_197' title='bbox 973 3885 1085 3962; x_wconf 90' lang='lat' dir='ltr'>illique</span> <span class='ocrx_word' id='word_1_198' title='bbox 1107 3885 1261 3948; x_wconf 86' lang='lat' dir='ltr'>adsisten-</span> 
     </span>
     <span class='ocr_line' id='line_1_37' title="bbox 509 3979 1260 4058; baseline 0.003 -18"><span class='ocrx_word' id='word_1_199' title='bbox 509 3979 596 4042; x_wconf 90' lang='lat' dir='ltr'>tibus</span> <span class='ocrx_word' id='word_1_200' title='bbox 619 3980 743 4043; x_wconf 91' lang='lat' dir='ltr'>duobus</span> <span class='ocrx_word' id='word_1_201' title='bbox 765 3980 834 4041; x_wconf 92' lang='lat' dir='ltr'>aliis</span> <span class='ocrx_word' id='word_1_202' title='bbox 855 3979 1030 4058; x_wconf 89' lang='lat' dir='ltr'>Episcopis,</span> <span class='ocrx_word' id='word_1_203' title='bbox 1044 3980 1109 4054; x_wconf 91' lang='lat' dir='ltr'>vel,</span> <span class='ocrx_word' id='word_1_204' title='bbox 1128 3981 1154 4042; x_wconf 91' lang='lat' dir='ltr'>si</span> <span class='ocrx_word' id='word_1_205' title='bbox 1176 3997 1260 4042; x_wconf 87' lang='lat' dir='ltr'>com-</span> 
     </span>
     <span class='ocr_line' id='line_1_38' title="bbox 511 4077 1259 4157; baseline 0.001 -18"><span class='ocrx_word' id='word_1_206' title='bbox 511 4079 607 4140; x_wconf 91' lang='lat' dir='ltr'>mode</span> <span class='ocrx_word' id='word_1_207' title='bbox 629 4077 766 4157; x_wconf 86' lang='lat' dir='ltr'>reperiri</span> <span class='ocrx_word' id='word_1_208' title='bbox 795 4083 974 4156; x_wconf 85' lang='lat' dir='ltr'>nequeant,</span> <span class='ocrx_word' id='word_1_209' title='bbox 999 4077 1123 4140; x_wconf 92' lang='lat' dir='ltr'>duobus</span> <span class='ocrx_word' id='word_1_210' title='bbox 1145 4095 1259 4140; x_wconf 91' lang='lat' dir='ltr'>eorum</span> 
     </span>
     <span class='ocr_line' id='line_1_39' title="bbox 511 4171 1261 4252; baseline 0.001 -19"><span class='ocrx_word' id='word_1_211' title='bbox 511 4172 581 4234; x_wconf 91' lang='lat' dir='ltr'>loco</span> <span class='ocrx_word' id='word_1_212' title='bbox 594 4173 791 4252; x_wconf 85' lang='lat' dir='ltr'>presbyteris</span> <span class='ocrx_word' id='word_1_213' title='bbox 803 4171 1001 4234; x_wconf 88' lang='lat' dir='ltr'>secularibus</span> <span class='ocrx_word' id='word_1_214' title='bbox 1016 4171 1069 4232; x_wconf 90' lang='lat' dir='ltr'>vel</span> <span class='ocrx_word' id='word_1_215' title='bbox 1082 4171 1261 4234; x_wconf 82' lang='lat' dir='ltr'>citiuseum·</span> 
     </span>
     <span class='ocr_line' id='line_1_40' title="bbox 511 4264 1260 4344; baseline 0 -16"><span class='ocrx_word' id='word_1_216' title='bbox 511 4281 574 4344; x_wconf 89' lang='lat' dir='ltr'>que</span> <span class='ocrx_word' id='word_1_217' title='bbox 606 4265 750 4340; x_wconf 87' lang='lat' dir='ltr'>Ordinis,</span> <span class='ocrx_word' id='word_1_218' title='bbox 778 4265 1044 4344; x_wconf 82' lang='lat' dir='ltr'>congregationis</span> <span class='ocrx_word' id='word_1_219' title='bbox 1067 4272 1099 4326; x_wconf 91' lang='lat' dir='ltr'>et</span> <span class='ocrx_word' id='word_1_220' title='bbox 1119 4264 1260 4328; x_wconf 90' lang='lat' dir='ltr'>instituti</span> 
     </span>
     <span class='ocr_line' id='line_1_41' title="bbox 512 4357 1260 4438; baseline 0 -18"><span class='ocrx_word' id='word_1_221' title='bbox 512 4359 728 4438; x_wconf 87' lang='lat' dir='ltr'>regularibus,</span> <span class='ocrx_word' id='word_1_222' title='bbox 753 4359 892 4421; x_wconf 90' lang='lat' dir='ltr'>similem</span> <span class='ocrx_word' id='word_1_223' title='bbox 909 4358 940 4421; x_wconf 89' lang='lat' dir='ltr'>S.</span> <span class='ocrx_word' id='word_1_224' title='bbox 958 4359 1055 4420; x_wconf 92' lang='lat' dir='ltr'>buius</span> <span class='ocrx_word' id='word_1_225' title='bbox 1078 4357 1168 4420; x_wconf 90' lang='lat' dir='ltr'>Sedis</span> <span class='ocrx_word' id='word_1_226' title='bbox 1192 4375 1260 4436; x_wconf 90' lang='lat' dir='ltr'>gra-</span> 
     </span>
     <span class='ocr_line' id='line_1_42' title="bbox 511 4451 1260 4524; baseline 0 -10"><span class='ocrx_word' id='word_1_227' title='bbox 511 4454 587 4515; x_wconf 92' lang='lat' dir='ltr'>tiam</span> <span class='ocrx_word' id='word_1_228' title='bbox 601 4459 633 4516; x_wconf 92' lang='lat' dir='ltr'>et</span> <span class='ocrx_word' id='word_1_229' title='bbox 645 4453 907 4516; x_wconf 90' lang='lat' dir='ltr'>communionem</span> <span class='ocrx_word' id='word_1_230' title='bbox 923 4451 1127 4524; x_wconf 88' lang='lat' dir='ltr'>habentibus,</span> <span class='ocrx_word' id='word_1_231' title='bbox 1142 4469 1260 4514; x_wconf 91' lang='lat' dir='ltr'>munus</span> 
     </span>
     <span class='ocr_line' id='line_1_43' title="bbox 512 4546 1260 4624; baseline 0.001 -16"><span class='ocrx_word' id='word_1_232' title='bbox 512 4547 762 4609; x_wconf 91' lang='lat' dir='ltr'>consecrationis</span> <span class='ocrx_word' id='word_1_233' title='bbox 783 4562 936 4624; x_wconf 89' lang='lat' dir='ltr'>recepere</span> <span class='ocrx_word' id='word_1_234' title='bbox 958 4546 1059 4609; x_wconf 92' lang='lat' dir='ltr'>libere</span> <span class='ocrx_word' id='word_1_235' title='bbox 1081 4546 1192 4624; x_wconf 90' lang='lat' dir='ltr'>possis,</span> <span class='ocrx_word' id='word_1_236' title='bbox 1217 4555 1260 4609; x_wconf 93' lang='lat' dir='ltr'>at-</span> 
     </span>
     <span class='ocr_line' id='line_1_44' title="bbox 511 4640 1260 4720; baseline 0.003 -18"><span class='ocrx_word' id='word_1_237' title='bbox 511 4656 575 4718; x_wconf 92' lang='lat' dir='ltr'>que</span> <span class='ocrx_word' id='word_1_238' title='bbox 590 4641 694 4704; x_wconf 91' lang='lat' dir='ltr'>eidem</span> <span class='ocrx_word' id='word_1_239' title='bbox 708 4640 861 4714; x_wconf 72' lang='lat' dir='ltr'>antistiti,</span> <span class='ocrx_word' id='word_1_240' title='bbox 875 4647 922 4713; x_wconf 91' lang='lat' dir='ltr'>ut,</span> <span class='ocrx_word' id='word_1_241' title='bbox 939 4640 1077 4719; x_wconf 89' lang='lat' dir='ltr'>receptis</span> <span class='ocrx_word' id='word_1_242' title='bbox 1093 4657 1109 4702; x_wconf 94' lang='lat' dir='ltr'>a</span> <span class='ocrx_word' id='word_1_243' title='bbox 1123 4647 1155 4702; x_wconf 90' lang='lat' dir='ltr'>te</span> <span class='ocrx_word' id='word_1_244' title='bbox 1171 4641 1260 4720; x_wconf 91' lang='lat' dir='ltr'>prius</span> 
     </span>
     <span class='ocr_line' id='line_1_45' title="bbox 511 4733 1260 4812; baseline 0.001 -16"><span class='ocrx_word' id='word_1_245' title='bbox 511 4733 684 4797; x_wconf 90' lang='lat' dir='ltr'>catholicae</span> <span class='ocrx_word' id='word_1_246' title='bbox 709 4735 783 4797; x_wconf 88' lang='lat' dir='ltr'>fidei</span> <span class='ocrx_word' id='word_1_247' title='bbox 808 4733 1008 4812; x_wconf 80' lang='lat' dir='ltr'>professione</span> <span class='ocrx_word' id='word_1_248' title='bbox 1032 4734 1121 4798; x_wconf 83' lang='lat' dir='ltr'>iuxta</span> <span class='ocrx_word' id='word_1_249' title='bbox 1147 4735 1260 4797; x_wconf 90' lang='lat' dir='ltr'>articu-</span> 
     </span>
     <span class='ocr_line' id='line_1_46' title="bbox 510 4825 1260 4906; baseline 0.001 -18"><span class='ocrx_word' id='word_1_250' title='bbox 510 4826 558 4888; x_wconf 93' lang='lat' dir='ltr'>los</span> <span class='ocrx_word' id='word_1_251' title='bbox 580 4827 618 4889; x_wconf 91' lang='lat' dir='ltr'>ab</span> <span class='ocrx_word' id='word_1_252' title='bbox 639 4829 697 4890; x_wconf 91' lang='lat' dir='ltr'>bac</span> <span class='ocrx_word' id='word_1_253' title='bbox 719 4825 750 4889; x_wconf 90' lang='lat' dir='ltr'>S.</span> <span class='ocrx_word' id='word_1_254' title='bbox 776 4826 857 4890; x_wconf 89' lang='lat' dir='ltr'>Sede</span> <span class='ocrx_word' id='word_1_255' title='bbox 887 4827 1067 4906; x_wconf 90' lang='lat' dir='ltr'>propositos</span> <span class='ocrx_word' id='word_1_256' title='bbox 1096 4832 1128 4888; x_wconf 92' lang='lat' dir='ltr'>et</span> <span class='ocrx_word' id='word_1_257' title='bbox 1150 4834 1260 4890; x_wconf 89' lang='lat' dir='ltr'>nostro</span> 
     </span>
     <span class='ocr_line' id='line_1_47' title="bbox 511 4919 1260 4983; baseline 0 -1"><span class='ocrx_word' id='word_1_258' title='bbox 511 4927 544 4982; x_wconf 93' lang='lat' dir='ltr'>et</span> <span class='ocrx_word' id='word_1_259' title='bbox 565 4921 725 4983; x_wconf 85' lang='lat' dir='ltr'>Romanae</span> <span class='ocrx_word' id='word_1_260' title='bbox 753 4921 912 4983; x_wconf 88' lang='lat' dir='ltr'>Ecclesiae</span> <span class='ocrx_word' id='word_1_261' title='bbox 942 4920 1103 4983; x_wconf 87' lang='lat' dir='ltr'>fidelitatis</span> <span class='ocrx_word' id='word_1_262' title='bbox 1136 4919 1260 4983; x_wconf 91' lang='lat' dir='ltr'>debitae</span> 
     </span>
     <span class='ocr_line' id='line_1_48' title="bbox 510 5013 1261 5089; baseline 0.001 -14"><span class='ocrx_word' id='word_1_263' title='bbox 510 5013 702 5089; x_wconf 90' lang='lat' dir='ltr'>iuramento,</span> <span class='ocrx_word' id='word_1_264' title='bbox 722 5015 841 5078; x_wconf 89' lang='lat' dir='ltr'>dictum</span> <span class='ocrx_word' id='word_1_265' title='bbox 861 5031 978 5078; x_wconf 90' lang='lat' dir='ltr'>munus</span> <span class='ocrx_word' id='word_1_266' title='bbox 999 5015 1054 5077; x_wconf 89' lang='lat' dir='ltr'>tibi</span> <span class='ocrx_word' id='word_1_267' title='bbox 1073 5016 1261 5078; x_wconf 88' lang='lat' dir='ltr'>auctoritate</span> 
     </span>
     <span class='ocr_line' id='line_1_49' title="bbox 511 5109 1260 5188; baseline -0.001 -17"><span class='ocrx_word' id='word_1_268' title='bbox 511 5117 619 5171; x_wconf 90' lang='lat' dir='ltr'>nostra</span> <span class='ocrx_word' id='word_1_269' title='bbox 640 5109 829 5188; x_wconf 90' lang='lat' dir='ltr'>impendere</span> <span class='ocrx_word' id='word_1_270' title='bbox 851 5109 936 5171; x_wconf 92' lang='lat' dir='ltr'>licite</span> <span class='ocrx_word' id='word_1_271' title='bbox 951 5109 1065 5182; x_wconf 93' lang='lat' dir='ltr'>valeat,</span> <span class='ocrx_word' id='word_1_272' title='bbox 1082 5109 1210 5188; x_wconf 88' lang='lat' dir='ltr'>plenam</span> <span class='ocrx_word' id='word_1_273' title='bbox 1226 5125 1260 5170; x_wconf 90' lang='lat' dir='ltr'>ac</span> 
     </span>
     <span class='ocr_line' id='line_1_50' title="bbox 510 5202 1260 5265; baseline -0.001 -1"><span class='ocrx_word' id='word_1_274' title='bbox 510 5203 645 5265; x_wconf 89' lang='lat' dir='ltr'>liberam</span> <span class='ocrx_word' id='word_1_275' title='bbox 671 5203 846 5265; x_wconf 87' lang='lat' dir='ltr'>tribuimus</span> <span class='ocrx_word' id='word_1_276' title='bbox 877 5203 1070 5265; x_wconf 89' lang='lat' dir='ltr'>facultatem.</span> <span class='ocrx_word' id='word_1_277' title='bbox 1102 5202 1260 5264; x_wconf 87' lang='lat' dir='ltr'>Volumus</span> 
     </span>
     <span class='ocr_line' id='line_1_51' title="bbox 511 5295 1259 5374; baseline -0.001 -17"><span class='ocrx_word' id='word_1_278' title='bbox 511 5302 619 5358; x_wconf 90' lang='lat' dir='ltr'>tamen</span> <span class='ocrx_word' id='word_1_279' title='bbox 641 5313 675 5358; x_wconf 92' lang='lat' dir='ltr'>ac</span> <span class='ocrx_word' id='word_1_280' title='bbox 695 5295 908 5374; x_wconf 89' lang='lat' dir='ltr'>praecipimus</span> <span class='ocrx_word' id='word_1_281' title='bbox 930 5301 976 5368; x_wconf 92' lang='lat' dir='ltr'>ut,</span> <span class='ocrx_word' id='word_1_282' title='bbox 1001 5295 1061 5356; x_wconf 86' lang='lat' dir='ltr'>nisi</span> <span class='ocrx_word' id='word_1_283' title='bbox 1084 5296 1221 5374; x_wconf 91' lang='lat' dir='ltr'>receptis</span> <span class='ocrx_word' id='word_1_284' title='bbox 1244 5313 1259 5356; x_wconf 93' lang='lat' dir='ltr'>a</span> 
     </span>
     <span class='ocr_line' id='line_1_52' title="bbox 511 5389 1260 5470; baseline -0.001 -18"><span class='ocrx_word' id='word_1_285' title='bbox 511 5397 543 5453; x_wconf 88' lang='lat' dir='ltr'>te</span> <span class='ocrx_word' id='word_1_286' title='bbox 564 5391 746 5452; x_wconf 91' lang='lat' dir='ltr'>iuramento</span> <span class='ocrx_word' id='word_1_287' title='bbox 769 5407 803 5453; x_wconf 91' lang='lat' dir='ltr'>ac</span> <span class='ocrx_word' id='word_1_288' title='bbox 824 5389 1025 5470; x_wconf 89' lang='lat' dir='ltr'>professione</span> <span class='ocrx_word' id='word_1_289' title='bbox 1053 5389 1127 5451; x_wconf 92' lang='lat' dir='ltr'>fidei</span> <span class='ocrx_word' id='word_1_290' title='bbox 1150 5389 1260 5452; x_wconf 82' lang='lat' dir='ltr'>liuius-</span> 
     </span>
     <span class='ocr_line' id='line_1_53' title="bbox 511 5483 1259 5558; baseline -0.003 -12"><span class='ocrx_word' id='word_1_291' title='bbox 511 5485 610 5558; x_wconf 89' lang='lat' dir='ltr'>modi‚</span> <span class='ocrx_word' id='word_1_292' title='bbox 635 5485 738 5548; x_wconf 90' lang='lat' dir='ltr'>dictus</span> <span class='ocrx_word' id='word_1_293' title='bbox 760 5484 899 5547; x_wconf 84' lang='lat' dir='ltr'>Antistes</span> <span class='ocrx_word' id='word_1_294' title='bbox 923 5483 1167 5546; x_wconf 87' lang='lat' dir='ltr'>consecrationis</span> <span class='ocrx_word' id='word_1_295' title='bbox 1190 5499 1259 5545; x_wconf 93' lang='lat' dir='ltr'>mu-</span> 
     </span>
     <span class='ocr_line' id='line_1_54' title="bbox 512 5577 1259 5659; baseline -0.001 -18"><span class='ocrx_word' id='word_1_296' title='bbox 512 5595 572 5641; x_wconf 91' lang='lat' dir='ltr'>nus</span> <span class='ocrx_word' id='word_1_297' title='bbox 595 5579 652 5642; x_wconf 90' lang='lat' dir='ltr'>tibi</span> <span class='ocrx_word' id='word_1_298' title='bbox 673 5580 872 5659; x_wconf 89' lang='lat' dir='ltr'>impendere,</span> <span class='ocrx_word' id='word_1_299' title='bbox 898 5586 997 5657; x_wconf 90' lang='lat' dir='ltr'>tuque</span> <span class='ocrx_word' id='word_1_300' title='bbox 1013 5579 1094 5641; x_wconf 93' lang='lat' dir='ltr'>illud</span> <span class='ocrx_word' id='word_1_301' title='bbox 1114 5577 1259 5656; x_wconf 90' lang='lat' dir='ltr'>recipere</span> 
     </span>
     <span class='ocr_line' id='line_1_55' title="bbox 511 5672 1259 5752; baseline 0 -18"><span class='ocrx_word' id='word_1_302' title='bbox 511 5673 801 5752; x_wconf 88' lang='lat' dir='ltr'>praesumpseritis,</span> <span class='ocrx_word' id='word_1_303' title='bbox 818 5673 904 5736; x_wconf 92' lang='lat' dir='ltr'>idem</span> <span class='ocrx_word' id='word_1_304' title='bbox 917 5672 1085 5740; x_wconf 76' lang='lat' dir='ltr'>Antistesa</span> <span class='ocrx_word' id='word_1_305' title='bbox 1097 5672 1259 5752; x_wconf 91' lang='lat' dir='ltr'>pontifica-</span> 
     </span>
     <span class='ocr_line' id='line_1_56' title="bbox 510 5765 1258 5844; baseline -0.001 -18"><span class='ocrx_word' id='word_1_306' title='bbox 510 5765 550 5827; x_wconf 90' lang='lat' dir='ltr'>lis</span> <span class='ocrx_word' id='word_1_307' title='bbox 572 5765 664 5828; x_wconf 87' lang='lat' dir='ltr'>offleii</span> <span class='ocrx_word' id='word_1_308' title='bbox 688 5766 851 5840; x_wconf 80' lang='lat' dir='ltr'>exercitio,</span> <span class='ocrx_word' id='word_1_309' title='bbox 877 5783 911 5829; x_wconf 89' lang='lat' dir='ltr'>ac</span> <span class='ocrx_word' id='word_1_310' title='bbox 932 5773 996 5830; x_wconf 88' lang='lat' dir='ltr'>tam</span> <span class='ocrx_word' id='word_1_311' title='bbox 1015 5767 1083 5844; x_wconf 93' lang='lat' dir='ltr'>ipse</span> <span class='ocrx_word' id='word_1_312' title='bbox 1105 5780 1201 5841; x_wconf 89' lang='lat' dir='ltr'>quarn</span> <span class='ocrx_word' id='word_1_313' title='bbox 1223 5771 1258 5826; x_wconf 92' lang='lat' dir='ltr'>tu</span> 
     </span>
    </p>
   </div>
   <div class='ocr_carea' id='block_1_3' title="bbox 1027 564 1533 640">
    <p class='ocr_par' dir='ltr' id='par_1_4' title="bbox 1027 564 1533 640">
     <span class='ocr_line' id='line_1_57' title="bbox 1027 564 1533 640; baseline 0.004 -22"><span class='ocrx_word' id='word_1_314' title='bbox 1027 567 1095 640; x_wconf 14' lang='lat' dir='ltr'>yrun.</span> <span class='ocrx_word' id='word_1_315' title='bbox 1119 571 1211 617; x_wconf 81' lang='lat' dir='ltr'>nour.</span> <span class='ocrx_word' id='word_1_316' title='bbox 1235 564 1275 614; x_wconf 81' lang='lat' dir='ltr'>na</span> <span class='ocrx_word' id='word_1_317' title='bbox 1297 569 1327 614; x_wconf 83' lang='lat' dir='ltr'>r.</span> <span class='ocrx_word' id='word_1_318' title='bbox 1351 571 1381 616; x_wconf 83' lang='lat' dir='ltr'>n.</span> <span class='ocrx_word' id='word_1_319' title='bbox 1406 567 1489 619; x_wconf 77' lang='lat' dir='ltr'>enas</span> <span class='ocrx_word' id='word_1_320' title='bbox 1511 570 1533 620; x_wconf 90' lang='lat' dir='ltr'>i.</span> 
     </span>
    </p>
   </div>
   <div class='ocr_carea' id='block_1_4' title="bbox 1315 693 2065 1613">
    <p class='ocr_par' dir='ltr' id='par_1_5' title="bbox 1316 693 2062 867">
     <span class='ocr_line' id='line_1_58' title="bbox 1316 693 2062 770; baseline 0.005 -18"><span class='ocrx_word' id='word_1_321' title='bbox 1316 709 1332 752; x_wconf 93' lang='lat' dir='ltr'>a</span> <span class='ocrx_word' id='word_1_322' title='bbox 1347 693 1506 770; x_wconf 88' lang='lat' dir='ltr'>regimine</span> <span class='ocrx_word' id='word_1_323' title='bbox 1519 701 1551 756; x_wconf 93' lang='lat' dir='ltr'>et</span> <span class='ocrx_word' id='word_1_324' title='bbox 1566 695 1842 758; x_wconf 89' lang='lat' dir='ltr'>administratione</span> <span class='ocrx_word' id='word_1_325' title='bbox 1857 695 2062 758; x_wconf 88' lang='lat' dir='ltr'>ecclesiarum</span> 
     </span>
     <span class='ocr_line' id='line_1_59' title="bbox 1316 787 1922 867; baseline 0.007 -23"><span class='ocrx_word' id='word_1_326' title='bbox 1316 791 1497 848; x_wconf 89' lang='lat' dir='ltr'>vestrarum</span> <span class='ocrx_word' id='word_1_327' title='bbox 1521 788 1667 866; x_wconf 88' lang='lat' dir='ltr'>suspensi</span> <span class='ocrx_word' id='word_1_328' title='bbox 1690 787 1758 848; x_wconf 89' lang='lat' dir='ltr'>sitis</span> <span class='ocrx_word' id='word_1_329' title='bbox 1781 804 1819 850; x_wconf 91' lang='lat' dir='ltr'>eo</span> <span class='ocrx_word' id='word_1_330' title='bbox 1841 789 1922 867; x_wconf 90' lang='lat' dir='ltr'>ipso.</span> 
     </span>
    </p>

    <p class='ocr_par' dir='ltr' id='par_1_6' title="bbox 1315 878 2064 1334">
     <span class='ocr_line' id='line_1_60' title="bbox 1355 878 2064 960; baseline 0.006 -22"><span class='ocrx_word' id='word_1_331' title='bbox 1355 879 1373 952; x_wconf 67' lang='grc' dir='ltr'><strong>ἓ</strong></span> <span class='ocrx_word' id='word_1_332' title='bbox 1388 878 1417 940; x_wconf 81' lang='lat' dir='ltr'>i.</span> <span class='ocrx_word' id='word_1_333' title='bbox 1437 879 1507 942; x_wconf 90' lang='lat' dir='ltr'>Non</span> <span class='ocrx_word' id='word_1_334' title='bbox 1520 881 1719 944; x_wconf 90' lang='lat' dir='ltr'>obstantibus</span> <span class='ocrx_word' id='word_1_335' title='bbox 1732 882 1912 960; x_wconf 91' lang='lat' dir='ltr'>apostolicis</span> <span class='ocrx_word' id='word_1_336' title='bbox 1924 888 2018 958; x_wconf 88' lang='lat' dir='ltr'>atque</span> <span class='ocrx_word' id='word_1_337' title='bbox 2031 882 2064 943; x_wconf 90' lang='lat' dir='ltr'>in</span> 
     </span>
     <span class='ocr_line' id='line_1_61' title="bbox 1315 971 2064 1054; baseline 0.007 -23"><span class='ocrx_word' id='word_1_338' title='bbox 1315 971 1553 1035; x_wconf 89' lang='lat' dir='ltr'>universalibus</span> <span class='ocrx_word' id='word_1_339' title='bbox 1576 975 1891 1052; x_wconf 88' lang='lat' dir='ltr'>provincialibusque</span> <span class='ocrx_word' id='word_1_340' title='bbox 1914 982 1946 1038; x_wconf 91' lang='lat' dir='ltr'>et</span> <span class='ocrx_word' id='word_1_341' title='bbox 1970 991 2064 1054; x_wconf 83' lang='lat' dir='ltr'>syno-</span> 
     </span>
     <span class='ocr_line' id='line_1_62' title="bbox 1316 1064 2064 1148; baseline 0.009 -24"><span class='ocrx_word' id='word_1_342' title='bbox 1316 1064 1439 1126; x_wconf 91' lang='lat' dir='ltr'>dalibus</span> <span class='ocrx_word' id='word_1_343' title='bbox 1452 1067 1593 1128; x_wconf 90' lang='lat' dir='ltr'>conciliis</span> <span class='ocrx_word' id='word_1_344' title='bbox 1606 1068 1699 1130; x_wconf 89' lang='lat' dir='ltr'>editis</span> <span class='ocrx_word' id='word_1_345' title='bbox 1713 1068 1918 1145; x_wconf 88' lang='lat' dir='ltr'>generalibus</span> <span class='ocrx_word' id='word_1_346' title='bbox 1931 1069 1983 1130; x_wconf 90' lang='lat' dir='ltr'>vel</span> <span class='ocrx_word' id='word_1_347' title='bbox 1995 1085 2064 1148; x_wconf 91' lang='lat' dir='ltr'>spe-</span> 
     </span>
     <span class='ocr_line' id='line_1_63' title="bbox 1315 1157 2062 1236; baseline 0.007 -18"><span class='ocrx_word' id='word_1_348' title='bbox 1315 1157 1447 1221; x_wconf 89' lang='lat' dir='ltr'>cialibus</span> <span class='ocrx_word' id='word_1_349' title='bbox 1459 1162 1742 1224; x_wconf 90' lang='lat' dir='ltr'>constitutionibus</span> <span class='ocrx_word' id='word_1_350' title='bbox 1755 1167 1788 1224; x_wconf 92' lang='lat' dir='ltr'>et</span> <span class='ocrx_word' id='word_1_351' title='bbox 1798 1161 2062 1236; x_wconf 90' lang='lat' dir='ltr'>ordinationibus,</span> 
     </span>
     <span class='ocr_line' id='line_1_64' title="bbox 1315 1255 1996 1334; baseline 0.006 -21"><span class='ocrx_word' id='word_1_352' title='bbox 1315 1255 1514 1331; x_wconf 91' lang='lat' dir='ltr'>caeterisque</span> <span class='ocrx_word' id='word_1_353' title='bbox 1536 1257 1704 1318; x_wconf 91' lang='lat' dir='ltr'>contrariis</span> <span class='ocrx_word' id='word_1_354' title='bbox 1726 1257 1996 1334; x_wconf 88' lang='lat' dir='ltr'>quibuscumque.</span> 
     </span>
    </p>

    <p class='ocr_par' dir='ltr' id='par_1_7' title="bbox 1316 1346 2065 1613">
     <span class='ocr_line' id='line_1_65' title="bbox 1355 1346 2065 1429; baseline 0.008 -22"><span class='ocrx_word' id='word_1_355' title='bbox 1355 1346 1468 1410; x_wconf 87' lang='lat' dir='ltr'>Datum</span> <span class='ocrx_word' id='word_1_356' title='bbox 1492 1348 1610 1412; x_wconf 85' lang='lat' dir='ltr'>Romae</span> <span class='ocrx_word' id='word_1_357' title='bbox 1632 1351 1713 1429; x_wconf 90' lang='lat' dir='ltr'>apud</span> <span class='ocrx_word' id='word_1_358' title='bbox 1738 1349 1769 1412; x_wconf 90' lang='lat' dir='ltr'>S.</span> <span class='ocrx_word' id='word_1_359' title='bbox 1791 1350 1922 1412; x_wconf 89' lang='lat' dir='ltr'>Petrum</span> <span class='ocrx_word' id='word_1_360' title='bbox 1938 1350 1997 1412; x_wconf 91' lang='lat' dir='ltr'>sub</span> <span class='ocrx_word' id='word_1_361' title='bbox 2013 1368 2065 1413; x_wconf 94' lang='lat' dir='ltr'>an-</span> 
     </span>
     <span class='ocr_line' id='line_1_66' title="bbox 1316 1441 2062 1516; baseline 0.003 -14"><span class='ocrx_word' id='word_1_362' title='bbox 1316 1441 1393 1503; x_wconf 91' lang='lat' dir='ltr'>nulo</span> <span class='ocrx_word' id='word_1_363' title='bbox 1406 1441 1573 1504; x_wconf 76' lang='lat' dir='ltr'>piscatoris</span> <span class='ocrx_word' id='word_1_364' title='bbox 1596 1443 1646 1505; x_wconf 90' lang='lat' dir='ltr'>die</span> <span class='ocrx_word' id='word_1_365' title='bbox 1660 1461 1753 1506; x_wconf 83' lang='lat' dir='ltr'>xxiii.</span> <span class='ocrx_word' id='word_1_366' title='bbox 1771 1444 1834 1506; x_wconf 93' lang='lat' dir='ltr'>feb.</span> <span class='ocrx_word' id='word_1_367' title='bbox 1854 1461 2062 1516; x_wconf 63' lang='lat' dir='ltr'>uococxmv,</span> 
     </span>
     <span class='ocr_line' id='line_1_67' title="bbox 1316 1535 1836 1613; baseline 0.002 -16"><span class='ocrx_word' id='word_1_368' title='bbox 1316 1535 1518 1613; x_wconf 88' lang='lat' dir='ltr'>pontificatus</span> <span class='ocrx_word' id='word_1_369' title='bbox 1540 1537 1641 1598; x_wconf 91' lang='lat' dir='ltr'>nostri</span> <span class='ocrx_word' id='word_1_370' title='bbox 1665 1554 1747 1599; x_wconf 91' lang='lat' dir='ltr'>anno</span> <span class='ocrx_word' id='word_1_371' title='bbox 1771 1554 1836 1600; x_wconf 85' lang='lat' dir='ltr'>mv.</span> 
     </span>
    </p>
   </div>
   <div class='ocr_carea' id='block_1_5' title="bbox 1618 1914 1760 1977">
    <p class='ocr_par' dir='ltr' id='par_1_8' title="bbox 1618 1914 1760 1977">
     <span class='ocr_line' id='line_1_68' title="bbox 1618 1914 1760 1977; baseline -0.007 0"><span class='ocrx_word' id='word_1_372' title='bbox 1618 1914 1760 1977; x_wconf 80' lang='lat' dir='ltr'>ccxiii.</span> 
     </span>
    </p>
   </div>
   <div class='ocr_carea' id='block_1_6' title="bbox 1319 2099 2066 2369">
    <p class='ocr_par' dir='ltr' id='par_1_9' title="bbox 1319 2099 2066 2369">
     <span class='ocr_line' id='line_1_69' title="bbox 1319 2099 2066 2182; baseline 0.007 -22"><span class='ocrx_word' id='word_1_373' title='bbox 1319 2099 1443 2162; x_wconf 82' lang='lat' dir='ltr'>Vicorio</span> <span class='ocrx_word' id='word_1_374' title='bbox 1467 2101 1524 2181; x_wconf 82' lang='lat' dir='ltr'>Ap.</span> <span class='ocrx_word' id='word_1_375' title='bbox 1545 2099 1687 2164; x_wconf 85' lang='lat' dir='ltr'>Gnineoe</span> <span class='ocrx_word' id='word_1_376' title='bbox 1711 2103 1840 2164; x_wconf 85' lang='lat' dir='ltr'>titolum</span> <span class='ocrx_word' id='word_1_377' title='bbox 1857 2103 1948 2182; x_wconf 85' lang='lat' dir='ltr'>episc.</span> <span class='ocrx_word' id='word_1_378' title='bbox 1973 2105 2066 2165; x_wconf 83' lang='lat' dir='ltr'>cccle-</span> 
     </span>
     <span class='ocr_line' id='line_1_70' title="bbox 1355 2193 2065 2274; baseline 0.008 -22"><span class='ocrx_word' id='word_1_379' title='bbox 1355 2193 1423 2255; x_wconf 84' lang='lat' dir='ltr'>siae</span> <span class='ocrx_word' id='word_1_380' title='bbox 1453 2193 1649 2274; x_wconf 83' lang='lat' dir='ltr'>Encorpien.</span> <span class='ocrx_word' id='word_1_381' title='bbox 1677 2195 1801 2274; x_wconf 76' lang='lat' dir='ltr'>confert</span> <span class='ocrx_word' id='word_1_382' title='bbox 1832 2195 1942 2256; x_wconf 83' lang='lat' dir='ltr'>relicto</span> <span class='ocrx_word' id='word_1_383' title='bbox 1972 2197 2065 2258; x_wconf 85' lang='lat' dir='ltr'>titolo</span> 
     </span>
     <span class='ocr_line' id='line_1_71' title="bbox 1348 2287 1684 2369; baseline 0.003 -20"><span class='ocrx_word' id='word_1_384' title='bbox 1348 2287 1604 2367; x_wconf 68' lang='lat' dir='ltr'>Constantiano.</span> <span class='ocrx_word' id='word_1_385' title='bbox 1628 2289 1684 2369; x_wconf 80' lang='lat' dir='ltr'>(i).</span> 
     </span>
    </p>
   </div>
   <div class='ocr_carea' id='block_1_7' title="bbox 1396 2471 1983 2654">
    <p class='ocr_par' dir='ltr' id='par_1_10' title="bbox 1396 2471 1983 2654">
     <span class='ocr_line' id='line_1_72' title="bbox 1396 2471 1983 2543; baseline 0.005 -4"><span class='ocrx_word' id='word_1_386' title='bbox 1396 2471 1569 2542; x_wconf 82' lang='lat' dir='ltr'>Venerabili</span> <span class='ocrx_word' id='word_1_387' title='bbox 1595 2474 1682 2540; x_wconf 85' lang='lat' dir='ltr'>fratri</span> <span class='ocrx_word' id='word_1_388' title='bbox 1706 2475 1843 2542; x_wconf 80' lang='lat' dir='ltr'>Eduardo</span> <span class='ocrx_word' id='word_1_389' title='bbox 1867 2474 1983 2543; x_wconf 83' lang='lat' dir='ltr'>Barcen</span> 
     </span>
     <span class='ocr_line' id='line_1_73' title="bbox 1472 2568 1884 2654; baseline 0.005 -20"><span class='ocrx_word' id='word_1_390' title='bbox 1472 2615 1475 2622; x_wconf 75' lang='lat'>.</span> <span class='ocrx_word' id='word_1_391' title='bbox 1497 2568 1648 2654; x_wconf 80' lang='lat' dir='ltr'>Episcopo</span> <span class='ocrx_word' id='word_1_392' title='bbox 1672 2568 1884 2652; x_wconf 80' lang='lat' dir='ltr'>Eooarpiensi,</span> 
     </span>
    </p>
   </div>
   <div class='ocr_carea' id='block_1_8' title="bbox 1485 2707 1889 2823">
    <p class='ocr_par' dir='ltr' id='par_1_11' title="bbox 1485 2707 1889 2823">
     <span class='ocr_line' id='line_1_74' title="bbox 1485 2707 1889 2823; baseline 0.002 -1"><span class='ocrx_word' id='word_1_393' title='bbox 1485 2707 1707 2823; x_wconf 77' lang='lat' dir='ltr'>caesonius</span> <span class='ocrx_word' id='word_1_394' title='bbox 1731 2756 1791 2823; x_wconf 80' lang='lat' dir='ltr'>ee.</span> <span class='ocrx_word' id='word_1_395' title='bbox 1817 2756 1889 2823; x_wconf 80' lang='lat' dir='ltr'>xvi.</span> 
     </span>
    </p>
   </div>
   <div class='ocr_carea' id='block_1_9' title="bbox 1349 2944 2028 3124">
    <p class='ocr_par' dir='ltr' id='par_1_12' title="bbox 1349 2944 2028 3124">
     <span class='ocr_line' id='line_1_75' title="bbox 1534 2944 1851 3022; baseline 0.003 -11"><span class='ocrx_word' id='word_1_396' title='bbox 1534 2944 1723 3013; x_wconf 75' lang='lat' dir='ltr'>Venerabilis</span> <span class='ocrx_word' id='word_1_397' title='bbox 1746 2947 1851 3022; x_wconf 84' lang='lat' dir='ltr'>irater,</span> 
     </span>
     <span class='ocr_line' id='line_1_76' title="bbox 1349 3039 2028 3124; baseline -0.007 -18"><span class='ocrx_word' id='word_1_398' title='bbox 1349 3039 1478 3106; x_wconf 87' lang='lat' dir='ltr'>salutem</span> <span class='ocrx_word' id='word_1_399' title='bbox 1502 3044 1533 3105; x_wconf 88' lang='lat' dir='ltr'>et</span> <span class='ocrx_word' id='word_1_400' title='bbox 1554 3041 1755 3124; x_wconf 84' lang='lat' dir='ltr'>apostolicam</span> <span class='ocrx_word' id='word_1_401' title='bbox 1779 3039 2028 3106; x_wconf 85' lang='lat' dir='ltr'>benedictionem.</span> 
     </span>
    </p>
   </div>
   <div class='ocr_carea' id='block_1_10' title="bbox 1316 3229 2065 3949">
    <p class='ocr_par' dir='ltr' id='par_1_13' title="bbox 1316 3229 2065 3949">
     <span class='ocr_line' id='line_1_77' title="bbox 1356 3229 2065 3308; baseline -0.003 -18"><span class='ocrx_word' id='word_1_402' title='bbox 1356 3229 1415 3292; x_wconf 82' lang='lat' dir='ltr'>Per</span> <span class='ocrx_word' id='word_1_403' title='bbox 1437 3230 1558 3292; x_wconf 92' lang='lat' dir='ltr'>similes</span> <span class='ocrx_word' id='word_1_404' title='bbox 1581 3237 1704 3292; x_wconf 89' lang='lat' dir='ltr'>nostras</span> <span class='ocrx_word' id='word_1_405' title='bbox 1727 3229 1913 3308; x_wconf 88' lang='lat' dir='ltr'>apostolicas</span> <span class='ocrx_word' id='word_1_406' title='bbox 1943 3229 2065 3290; x_wconf 88' lang='lat' dir='ltr'>litteras</span> 
     </span>
     <span class='ocr_line' id='line_1_78' title="bbox 1316 3323 2065 3386; baseline -0.004 -1"><span class='ocrx_word' id='word_1_407' title='bbox 1316 3323 1367 3385; x_wconf 91' lang='lat' dir='ltr'>die</span> <span class='ocrx_word' id='word_1_408' title='bbox 1389 3340 1436 3384; x_wconf 85' lang='lat' dir='ltr'>nr.</span> <span class='ocrx_word' id='word_1_409' title='bbox 1462 3323 1601 3385; x_wconf 91' lang='lat' dir='ltr'>octobris</span> <span class='ocrx_word' id='word_1_410' title='bbox 1623 3341 1707 3386; x_wconf 91' lang='lat' dir='ltr'>anno</span> <span class='ocrx_word' id='word_1_411' title='bbox 1722 3339 1908 3384; x_wconf 81' lang='lat' dir='ltr'>nocccrtrr.</span> <span class='ocrx_word' id='word_1_412' title='bbox 1933 3323 2017 3384; x_wconf 92' lang='lat' dir='ltr'>datas</span> <span class='ocrx_word' id='word_1_413' title='bbox 2034 3329 2065 3382; x_wconf 92' lang='lat' dir='ltr'>te</span> 
     </span>
     <span class='ocr_line' id='line_1_79' title="bbox 1316 3415 2065 3495; baseline -0.003 -17"><span class='ocrx_word' id='word_1_414' title='bbox 1316 3417 1478 3479; x_wconf 86' lang='lat' dir='ltr'>llicarium</span> <span class='ocrx_word' id='word_1_415' title='bbox 1502 3415 1720 3495; x_wconf 85' lang='lat' dir='ltr'>Apostolicum</span> <span class='ocrx_word' id='word_1_416' title='bbox 1742 3416 1950 3494; x_wconf 89' lang='lat' dir='ltr'>insuperiori</span> <span class='ocrx_word' id='word_1_417' title='bbox 1971 3423 2065 3493; x_wconf 91' lang='lat' dir='ltr'>atque</span> 
     </span>
     <span class='ocr_line' id='line_1_80' title="bbox 1316 3509 2065 3589; baseline -0.004 -17"><span class='ocrx_word' id='word_1_418' title='bbox 1316 3511 1462 3573; x_wconf 84' lang='lat' dir='ltr'>inferiori</span> <span class='ocrx_word' id='word_1_419' title='bbox 1484 3511 1605 3574; x_wconf 89' lang='lat' dir='ltr'>Guinea</span> <span class='ocrx_word' id='word_1_420' title='bbox 1627 3518 1722 3589; x_wconf 91' lang='lat' dir='ltr'>atque</span> <span class='ocrx_word' id='word_1_421' title='bbox 1734 3512 1767 3572; x_wconf 92' lang='lat' dir='ltr'>in</span> <span class='ocrx_word' id='word_1_422' title='bbox 1785 3518 1848 3573; x_wconf 89' lang='lat' dir='ltr'>tota</span> <span class='ocrx_word' id='word_1_423' title='bbox 1863 3511 1916 3572; x_wconf 91' lang='lat' dir='ltr'>illa</span> <span class='ocrx_word' id='word_1_424' title='bbox 1931 3509 2065 3587; x_wconf 90' lang='lat' dir='ltr'>regione</span> 
     </span>
     <span class='ocr_line' id='line_1_81' title="bbox 1317 3603 2065 3684; baseline -0.003 -17"><span class='ocrx_word' id='word_1_425' title='bbox 1317 3622 1398 3683; x_wconf 92' lang='lat' dir='ltr'>quae</span> <span class='ocrx_word' id='word_1_426' title='bbox 1414 3605 1550 3667; x_wconf 73' lang='lat' dir='ltr'>«Sierra</span> <span class='ocrx_word' id='word_1_427' title='bbox 1566 3605 1702 3668; x_wconf 80' lang='lat' dir='ltr'>Leone»</span> <span class='ocrx_word' id='word_1_428' title='bbox 1718 3606 1906 3684; x_wconf 87' lang='lat' dir='ltr'>appellatur,</span> <span class='ocrx_word' id='word_1_429' title='bbox 1925 3603 2065 3666; x_wconf 90' lang='lat' dir='ltr'>eiectum</span> 
     </span>
     <span class='ocr_line' id='line_1_82' title="bbox 1316 3699 2065 3778; baseline 0 -18"><span class='ocrx_word' id='word_1_430' title='bbox 1316 3700 1355 3764; x_wconf 90' lang='lat' dir='ltr'>ad</span> <span class='ocrx_word' id='word_1_431' title='bbox 1375 3699 1588 3778; x_wconf 91' lang='lat' dir='ltr'>episcopalem</span> <span class='ocrx_word' id='word_1_432' title='bbox 1611 3699 1798 3776; x_wconf 91' lang='lat' dir='ltr'>dignitatem</span> <span class='ocrx_word' id='word_1_433' title='bbox 1823 3700 2002 3771; x_wconf 87' lang='lat' dir='ltr'>eveximus,</span> <span class='ocrx_word' id='word_1_434' title='bbox 2022 3707 2065 3760; x_wconf 87' lang='lat' dir='ltr'>at-</span> 
     </span>
     <span class='ocr_line' id='line_1_83' title="bbox 1317 3793 2065 3871; baseline 0 -16"><span class='ocrx_word' id='word_1_435' title='bbox 1317 3808 1380 3870; x_wconf 88' lang='lat' dir='ltr'>que</span> <span class='ocrx_word' id='word_1_436' title='bbox 1412 3793 1607 3871; x_wconf 85' lang='lat' dir='ltr'>Episcopum</span> <span class='ocrx_word' id='word_1_437' title='bbox 1634 3793 1933 3856; x_wconf 87' lang='lat' dir='ltr'>Constantinensem</span> <span class='ocrx_word' id='word_1_438' title='bbox 1964 3793 2065 3870; x_wconf 88' lang='lat' dir='ltr'>vulgo</span> 
     </span>
     <span class='ocr_line' id='line_1_84' title="bbox 1317 3886 2065 3949; baseline -0.001 0"><span class='ocrx_word' id='word_1_439' title='bbox 1317 3888 1349 3949; x_wconf 84' lang='lat' dir='ltr'>di</span> <span class='ocrx_word' id='word_1_440' title='bbox 1374 3887 1588 3949; x_wconf 81' lang='lat' dir='ltr'>Constantino</span> <span class='ocrx_word' id='word_1_441' title='bbox 1610 3887 1877 3948; x_wconf 89' lang='lat' dir='ltr'>renuntiavimus.</span> <span class='ocrx_word' id='word_1_442' title='bbox 1909 3886 1990 3948; x_wconf 81' lang='lat' dir='ltr'>(lum</span> <span class='ocrx_word' id='word_1_443' title='bbox 2013 3903 2065 3948; x_wconf 93' lang='lat' dir='ltr'>au-</span> 
     </span>
    </p>
   </div>
   <div class='ocr_carea' id='block_1_11' title="bbox 1301 3979 2065 4058">
    <p class='ocr_par' dir='ltr' id='par_1_14' title="bbox 1301 3979 2065 4058">
     <span class='ocr_line' id='line_1_85' title="bbox 1301 3979 2065 4058; baseline 0.001 -19"><span class='ocrx_word' id='word_1_444' title='bbox 1301 3987 1383 4042; x_wconf 79' lang='lat' dir='ltr'>tem</span> <span class='ocrx_word' id='word_1_445' title='bbox 1405 3981 1515 4042; x_wconf 91' lang='lat' dir='ltr'>eadem</span> <span class='ocrx_word' id='word_1_446' title='bbox 1539 3981 1605 4058; x_wconf 92' lang='lat' dir='ltr'>ipsa</span> <span class='ocrx_word' id='word_1_447' title='bbox 1626 3980 1902 4043; x_wconf 80' lang='lat' dir='ltr'>constantinensis</span> <span class='ocrx_word' id='word_1_448' title='bbox 1933 3979 2065 4042; x_wconf 90' lang='lat' dir='ltr'>ecclesia</span> 
     </span>
    </p>
   </div>
   <div class='ocr_carea' id='block_1_12' title="bbox 1316 4074 2066 5844">
    <p class='ocr_par' dir='ltr' id='par_1_15' title="bbox 1316 4074 2066 5844">
     <span class='ocr_line' id='line_1_86' title="bbox 1316 4074 2066 4152; baseline 0.001 -17"><span class='ocrx_word' id='word_1_449' title='bbox 1316 4075 1349 4136; x_wconf 95' lang='lat' dir='ltr'>in</span> <span class='ocrx_word' id='word_1_450' title='bbox 1374 4075 1644 4137; x_wconf 88' lang='lat' dir='ltr'>luliocaesarieusi</span> <span class='ocrx_word' id='word_1_451' title='bbox 1670 4091 1725 4136; x_wconf 91' lang='lat' dir='ltr'>seu</span> <span class='ocrx_word' id='word_1_452' title='bbox 1749 4074 1918 4152; x_wconf 67' lang='lat' dir='ltr'>ligeriana</span> <span class='ocrx_word' id='word_1_453' title='bbox 1944 4075 2066 4136; x_wconf 90' lang='lat' dir='ltr'>ditione</span> 
     </span>
     <span class='ocr_line' id='line_1_87' title="bbox 1317 4167 2065 4246; baseline -0.003 -16"><span class='ocrx_word' id='word_1_454' title='bbox 1317 4169 1442 4242; x_wconf 82' lang='lat' dir='ltr'>existat,</span> <span class='ocrx_word' id='word_1_455' title='bbox 1461 4175 1493 4229; x_wconf 92' lang='lat' dir='ltr'>et</span> <span class='ocrx_word' id='word_1_456' title='bbox 1507 4169 1539 4229; x_wconf 92' lang='lat' dir='ltr'>in</span> <span class='ocrx_word' id='word_1_457' title='bbox 1562 4169 1740 4246; x_wconf 90' lang='lat' dir='ltr'>praesentia</span> <span class='ocrx_word' id='word_1_458' title='bbox 1752 4167 1945 4229; x_wconf 89' lang='lat' dir='ltr'>venerabilis</span> <span class='ocrx_word' id='word_1_459' title='bbox 1959 4167 2065 4230; x_wconf 89' lang='lat' dir='ltr'>fratris</span> 
     </span>
     <span class='ocr_line' id='line_1_88' title="bbox 1316 4260 2066 4340; baseline -0.001 -17"><span class='ocrx_word' id='word_1_460' title='bbox 1316 4261 1463 4340; x_wconf 90' lang='lat' dir='ltr'>Episcopi</span> <span class='ocrx_word' id='word_1_461' title='bbox 1486 4261 1650 4339; x_wconf 71' lang='lat' dir='ltr'>ligeriani</span> <span class='ocrx_word' id='word_1_462' title='bbox 1672 4261 1884 4323; x_wconf 83' lang='lat' dir='ltr'>iurisdictioni</span> <span class='ocrx_word' id='word_1_463' title='bbox 1899 4260 1940 4322; x_wconf 88' lang='lat' dir='ltr'>sit</span> <span class='ocrx_word' id='word_1_464' title='bbox 1960 4261 2066 4322; x_wconf 89' lang='lat' dir='ltr'>subie-</span> 
     </span>
     <span class='ocr_line' id='line_1_89' title="bbox 1317 4355 2065 4428; baseline -0.003 -10"><span class='ocrx_word' id='word_1_465' title='bbox 1317 4363 1374 4428; x_wconf 89' lang='lat' dir='ltr'>cta,</span> <span class='ocrx_word' id='word_1_466' title='bbox 1392 4375 1426 4417; x_wconf 91' lang='lat' dir='ltr'>ac</span> <span class='ocrx_word' id='word_1_467' title='bbox 1440 4356 1558 4418; x_wconf 89' lang='lat' dir='ltr'>idcirco</span> <span class='ocrx_word' id='word_1_468' title='bbox 1580 4371 1691 4418; x_wconf 89' lang='lat' dir='ltr'>vacare</span> <span class='ocrx_word' id='word_1_469' title='bbox 1708 4356 1839 4417; x_wconf 91' lang='lat' dir='ltr'>omnino</span> <span class='ocrx_word' id='word_1_470' title='bbox 1855 4355 1978 4427; x_wconf 92' lang='lat' dir='ltr'>debeat,</span> <span class='ocrx_word' id='word_1_471' title='bbox 1996 4361 2065 4417; x_wconf 91' lang='lat' dir='ltr'>tum</span> 
     </span>
     <span class='ocr_line' id='line_1_90' title="bbox 1316 4449 2066 4528; baseline -0.001 -17"><span class='ocrx_word' id='word_1_472' title='bbox 1316 4451 1353 4512; x_wconf 91' lang='lat' dir='ltr'>ad</span> <span class='ocrx_word' id='word_1_473' title='bbox 1383 4451 1476 4512; x_wconf 92' lang='lat' dir='ltr'>aliam</span> <span class='ocrx_word' id='word_1_474' title='bbox 1506 4449 1718 4528; x_wconf 88' lang='lat' dir='ltr'>episcopalem</span> <span class='ocrx_word' id='word_1_475' title='bbox 1747 4449 1913 4511; x_wconf 89' lang='lat' dir='ltr'>ecclesiam</span> <span class='ocrx_word' id='word_1_476' title='bbox 1938 4455 1981 4520; x_wconf 92' lang='lat' dir='ltr'>te,</span> <span class='ocrx_word' id='word_1_477' title='bbox 2012 4463 2066 4510; x_wconf 91' lang='lat' dir='ltr'>ve-</span> 
     </span>
     <span class='ocr_line' id='line_1_91' title="bbox 1317 4542 2066 4616; baseline -0.004 -11"><span class='ocrx_word' id='word_1_478' title='bbox 1317 4542 1469 4606; x_wconf 90' lang='lat' dir='ltr'>nerabilis</span> <span class='ocrx_word' id='word_1_479' title='bbox 1484 4543 1592 4616; x_wconf 91' lang='lat' dir='ltr'>frater,</span> <span class='ocrx_word' id='word_1_480' title='bbox 1610 4542 1871 4604; x_wconf 91' lang='lat' dir='ltr'>transferendum</span> <span class='ocrx_word' id='word_1_481' title='bbox 1893 4558 1963 4604; x_wconf 90' lang='lat' dir='ltr'>esse</span> <span class='ocrx_word' id='word_1_482' title='bbox 1985 4543 2066 4604; x_wconf 93' lang='lat' dir='ltr'>iudi-</span> 
     </span>
     <span class='ocr_line' id='line_1_92' title="bbox 1317 4637 2066 4716; baseline -0.003 -16"><span class='ocrx_word' id='word_1_483' title='bbox 1317 4637 1469 4700; x_wconf 89' lang='lat' dir='ltr'>cavimus.</span> <span class='ocrx_word' id='word_1_484' title='bbox 1494 4637 1602 4714; x_wconf 90' lang='lat' dir='ltr'>ltaque</span> <span class='ocrx_word' id='word_1_485' title='bbox 1625 4637 1824 4716; x_wconf 80' lang='lat' dir='ltr'>peculiariis</span> <span class='ocrx_word' id='word_1_486' title='bbox 1843 4637 2066 4698; x_wconf 90' lang='lat' dir='ltr'>beneficientia</span> 
     </span>
     <span class='ocr_line' id='line_1_93' title="bbox 1317 4730 2066 4810; baseline 0 -18"><span class='ocrx_word' id='word_1_487' title='bbox 1317 4732 1469 4810; x_wconf 90' lang='lat' dir='ltr'>prosequi</span> <span class='ocrx_word' id='word_1_488' title='bbox 1485 4731 1643 4802; x_wconf 87' lang='lat' dir='ltr'>volentes,</span> <span class='ocrx_word' id='word_1_489' title='bbox 1662 4737 1693 4792; x_wconf 90' lang='lat' dir='ltr'>et</span> <span class='ocrx_word' id='word_1_490' title='bbox 1712 4747 1727 4790; x_wconf 93' lang='lat' dir='ltr'>a</span> <span class='ocrx_word' id='word_1_491' title='bbox 1750 4730 1916 4807; x_wconf 89' lang='lat' dir='ltr'>quibusvis</span> <span class='ocrx_word' id='word_1_492' title='bbox 1938 4747 2066 4792; x_wconf 82' lang='lat' dir='ltr'>excom—</span> 
     </span>
     <span class='ocr_line' id='line_1_94' title="bbox 1317 4824 2066 4903; baseline 0 -17"><span class='ocrx_word' id='word_1_493' title='bbox 1317 4826 1559 4898; x_wconf 59' lang='lat' dir='ltr'>municationis</span> <span class='ocrx_word' id='word_1_494' title='bbox 1598 4824 1818 4903; x_wconf 91' lang='lat' dir='ltr'>suspensionis</span> <span class='ocrx_word' id='word_1_495' title='bbox 1850 4830 1881 4886; x_wconf 93' lang='lat' dir='ltr'>et</span> <span class='ocrx_word' id='word_1_496' title='bbox 1902 4825 2066 4886; x_wconf 88' lang='lat' dir='ltr'>interdicti</span> 
     </span>
     <span class='ocr_line' id='line_1_95' title="bbox 1317 4919 2065 4998; baseline -0.003 -16"><span class='ocrx_word' id='word_1_497' title='bbox 1317 4921 1451 4998; x_wconf 92' lang='lat' dir='ltr'>aliisque</span> <span class='ocrx_word' id='word_1_498' title='bbox 1480 4919 1700 4983; x_wconf 88' lang='lat' dir='ltr'>ecclesiasticis</span> <span class='ocrx_word' id='word_1_499' title='bbox 1723 4919 1902 4991; x_wconf 90' lang='lat' dir='ltr'>sententiis,</span> <span class='ocrx_word' id='word_1_500' title='bbox 1921 4919 2065 4981; x_wconf 88' lang='lat' dir='ltr'>censuris</span> 
     </span>
     <span class='ocr_line' id='line_1_96' title="bbox 1317 5013 2065 5093; baseline -0.004 -16"><span class='ocrx_word' id='word_1_501' title='bbox 1317 5021 1349 5077; x_wconf 92' lang='lat' dir='ltr'>et</span> <span class='ocrx_word' id='word_1_502' title='bbox 1371 5015 1494 5093; x_wconf 91' lang='lat' dir='ltr'>poenis,</span> <span class='ocrx_word' id='word_1_503' title='bbox 1517 5014 1633 5092; x_wconf 91' lang='lat' dir='ltr'>quovis</span> <span class='ocrx_word' id='word_1_504' title='bbox 1649 5013 1745 5074; x_wconf 93' lang='lat' dir='ltr'>modo</span> <span class='ocrx_word' id='word_1_505' title='bbox 1762 5019 1794 5074; x_wconf 91' lang='lat' dir='ltr'>et</span> <span class='ocrx_word' id='word_1_506' title='bbox 1808 5028 2010 5090; x_wconf 91' lang='lat' dir='ltr'>quacumque</span> <span class='ocrx_word' id='word_1_507' title='bbox 2026 5014 2065 5075; x_wconf 93' lang='lat' dir='ltr'>de</span> 
     </span>
     <span class='ocr_line' id='line_1_97' title="bbox 1316 5107 2064 5184; baseline -0.004 -14"><span class='ocrx_word' id='word_1_508' title='bbox 1316 5125 1408 5170; x_wconf 92' lang='lat' dir='ltr'>causa</span> <span class='ocrx_word' id='word_1_509' title='bbox 1424 5109 1506 5179; x_wconf 73' lang='lat' dir='ltr'>latis</span> <span class='ocrx_word' id='word_1_510' title='bbox 1521 5107 1547 5168; x_wconf 90' lang='lat' dir='ltr'>si</span> <span class='ocrx_word' id='word_1_511' title='bbox 1570 5123 1647 5184; x_wconf 89' lang='lat' dir='ltr'>quas</span> <span class='ocrx_word' id='word_1_512' title='bbox 1664 5107 1748 5168; x_wconf 92' lang='lat' dir='ltr'>forte</span> <span class='ocrx_word' id='word_1_513' title='bbox 1770 5107 1944 5180; x_wconf 91' lang='lat' dir='ltr'>incurristi,</span> <span class='ocrx_word' id='word_1_514' title='bbox 1970 5107 2064 5169; x_wconf 92' lang='lat' dir='ltr'>buius</span> 
     </span>
     <span class='ocr_line' id='line_1_98' title="bbox 1316 5201 2064 5278; baseline -0.001 -14"><span class='ocrx_word' id='word_1_515' title='bbox 1316 5209 1441 5264; x_wconf 90' lang='lat' dir='ltr'>tantum</span> <span class='ocrx_word' id='word_1_516' title='bbox 1464 5202 1511 5262; x_wconf 91' lang='lat' dir='ltr'>roi</span> <span class='ocrx_word' id='word_1_517' title='bbox 1535 5202 1634 5278; x_wconf 89' lang='lat' dir='ltr'>gratia</span> <span class='ocrx_word' id='word_1_518' title='bbox 1655 5201 1859 5262; x_wconf 88' lang='lat' dir='ltr'>absolventes</span> <span class='ocrx_word' id='word_1_519' title='bbox 1887 5207 1919 5262; x_wconf 87' lang='lat' dir='ltr'>et</span> <span class='ocrx_word' id='word_1_520' title='bbox 1940 5201 2064 5264; x_wconf 91' lang='lat' dir='ltr'>absolu-</span> 
     </span>
     <span class='ocr_line' id='line_1_99' title="bbox 1316 5293 2063 5368; baseline -0.001 -11"><span class='ocrx_word' id='word_1_521' title='bbox 1316 5304 1385 5358; x_wconf 88' lang='lat' dir='ltr'>tum</span> <span class='ocrx_word' id='word_1_522' title='bbox 1413 5295 1481 5357; x_wconf 92' lang='lat' dir='ltr'>fore</span> <span class='ocrx_word' id='word_1_523' title='bbox 1508 5300 1687 5368; x_wconf 74' lang='lat' dir='ltr'>censentes</span> <span class='ocrx_word' id='word_1_524' title='bbox 1717 5293 1805 5356; x_wconf 88' lang='lat' dir='ltr'>bisce</span> <span class='ocrx_word' id='word_1_525' title='bbox 1831 5295 1945 5357; x_wconf 89' lang='lat' dir='ltr'>litteris</span> <span class='ocrx_word' id='word_1_526' title='bbox 1975 5302 2063 5356; x_wconf 92' lang='lat' dir='ltr'>motu</span> 
     </span>
     <span class='ocr_line' id='line_1_100' title="bbox 1317 5389 2064 5468; baseline 0.003 -20"><span class='ocrx_word' id='word_1_527' title='bbox 1317 5389 1457 5468; x_wconf 90' lang='lat' dir='ltr'>proprio,</span> <span class='ocrx_word' id='word_1_528' title='bbox 1483 5396 1568 5450; x_wconf 93' lang='lat' dir='ltr'>certa</span> <span class='ocrx_word' id='word_1_529' title='bbox 1590 5389 1731 5460; x_wconf 90' lang='lat' dir='ltr'>scientia,</span> <span class='ocrx_word' id='word_1_530' title='bbox 1750 5389 1853 5466; x_wconf 90' lang='lat' dir='ltr'>deque</span> <span class='ocrx_word' id='word_1_531' title='bbox 1875 5389 2064 5468; x_wconf 90' lang='lat' dir='ltr'>apostolicae</span> 
     </span>
     <span class='ocr_line' id='line_1_101' title="bbox 1317 5483 2064 5562; baseline 0.001 -18"><span class='ocrx_word' id='word_1_532' title='bbox 1317 5489 1444 5544; x_wconf 91' lang='lat' dir='ltr'>nostrae</span> <span class='ocrx_word' id='word_1_533' title='bbox 1466 5484 1630 5561; x_wconf 90' lang='lat' dir='ltr'>potestatis</span> <span class='ocrx_word' id='word_1_534' title='bbox 1659 5483 1877 5562; x_wconf 88' lang='lat' dir='ltr'>plenitudine,</span> <span class='ocrx_word' id='word_1_535' title='bbox 1903 5489 1934 5545; x_wconf 92' lang='lat' dir='ltr'>te</span> <span class='ocrx_word' id='word_1_536' title='bbox 1956 5483 1994 5545; x_wconf 93' lang='lat' dir='ltr'>ab</span> <span class='ocrx_word' id='word_1_537' title='bbox 2016 5499 2064 5545; x_wconf 90' lang='lat' dir='ltr'>ec·</span> 
     </span>
     <span class='ocr_line' id='line_1_102' title="bbox 1317 5576 2061 5648; baseline -0.001 -11"><span class='ocrx_word' id='word_1_538' title='bbox 1317 5576 1411 5638; x_wconf 90' lang='lat' dir='ltr'>clesia</span> <span class='ocrx_word' id='word_1_539' title='bbox 1443 5576 1702 5639; x_wconf 84' lang='lat' dir='ltr'>Constantinensi</span> <span class='ocrx_word' id='word_1_540' title='bbox 1732 5576 1863 5639; x_wconf 92' lang='lat' dir='ltr'>omnino</span> <span class='ocrx_word' id='word_1_541' title='bbox 1894 5577 2061 5648; x_wconf 90' lang='lat' dir='ltr'>solvimus,</span> 
     </span>
     <span class='ocr_line' id='line_1_103' title="bbox 1316 5669 2064 5749; baseline 0 -19"><span class='ocrx_word' id='word_1_542' title='bbox 1316 5676 1411 5746; x_wconf 92' lang='lat' dir='ltr'>atque</span> <span class='ocrx_word' id='word_1_543' title='bbox 1440 5671 1477 5732; x_wconf 89' lang='lat' dir='ltr'>ad</span> <span class='ocrx_word' id='word_1_544' title='bbox 1506 5669 1719 5749; x_wconf 89' lang='lat' dir='ltr'>episcopalem</span> <span class='ocrx_word' id='word_1_545' title='bbox 1754 5671 1920 5732; x_wconf 86' lang='lat' dir='ltr'>eeclesiam</span> <span class='ocrx_word' id='word_1_546' title='bbox 1950 5671 2064 5732; x_wconf 90' lang='lat' dir='ltr'>Eucar-</span> 
     </span>
     <span class='ocr_line' id='line_1_104' title="bbox 1316 5763 2063 5844; baseline 0.001 -21"><span class='ocrx_word' id='word_1_547' title='bbox 1316 5763 1473 5844; x_wconf 91' lang='lat' dir='ltr'>piensem,</span> <span class='ocrx_word' id='word_1_548' title='bbox 1498 5779 1578 5842; x_wconf 89' lang='lat' dir='ltr'>quae</span> <span class='ocrx_word' id='word_1_549' title='bbox 1600 5764 1633 5826; x_wconf 94' lang='lat' dir='ltr'>in</span> <span class='ocrx_word' id='word_1_550' title='bbox 1655 5764 1794 5843; x_wconf 81' lang='lat' dir='ltr'>Phrygia</span> <span class='ocrx_word' id='word_1_551' title='bbox 1817 5764 1907 5827; x_wconf 77' lang='lat' dir='ltr'>Asiae</span> <span class='ocrx_word' id='word_1_552' title='bbox 1934 5764 2063 5826; x_wconf 90' lang='lat' dir='ltr'>llinoris</span> 
     </span>
    </p>
   </div>
   <div class='ocr_carea' id='block_1_13' title="bbox 1085 5905 1555 5912">
    <p class='ocr_par' dir='ltr' id='par_1_16' title="bbox 1085 5905 1555 5912">
     <span class='ocr_line' id='line_1_105' title="bbox 1085 5905 1555 5912; baseline 0.002 -1"><span class='ocrx_word' id='word_1_553' title='bbox 1085 5908 1089 5911; x_wconf 90' lang='lat'>.</span> <span class='ocrx_word' id='word_1_554' title='bbox 1100 5905 1397 5912; x_wconf 72' lang='lat'>-——..——-.-—-——-.</span> <span class='ocrx_word' id='word_1_555' title='bbox 1403 5907 1491 5912; x_wconf 77' lang='lat'><em>——.-</em></span> <span class='ocrx_word' id='word_1_556' title='bbox 1502 5905 1555 5912; x_wconf 50' lang='lat' dir='ltr'><em>m</em></span> 
     </span>
    </p>
   </div>
   <div class='ocr_carea' id='block_1_14' title="bbox 557 5982 1260 6039">
    <p class='ocr_par' dir='ltr' id='par_1_17' title="bbox 557 5982 1260 6039">
     <span class='ocr_line' id='line_1_106' title="bbox 557 5982 1260 6039; baseline -0.003 -13"><span class='ocrx_word' id='word_1_557' title='bbox 557 5983 586 6038; x_wconf 88' lang='lat' dir='ltr'>(l)</span> <span class='ocrx_word' id='word_1_558' title='bbox 602 5982 667 6028; x_wconf 80' lang='lat' dir='ltr'>Vide</span> <span class='ocrx_word' id='word_1_559' title='bbox 681 5995 761 6039; x_wconf 86' lang='lat' dir='ltr'>supra</span> <span class='ocrx_word' id='word_1_560' title='bbox 776 5982 815 6027; x_wconf 90' lang='lat' dir='ltr'>lit.</span> <span class='ocrx_word' id='word_1_561' title='bbox 832 5986 867 6026; x_wconf 85' lang='lat' dir='ltr'>De</span> <span class='ocrx_word' id='word_1_562' title='bbox 882 5985 1004 6027; x_wconf 72' lang='lat' dir='ltr'>insituerat</span> <span class='ocrx_word' id='word_1_563' title='bbox 1019 5985 1150 6026; x_wconf 65' lang='lat' dir='ltr'>,itovutuici</span> <span class='ocrx_word' id='word_1_564' title='bbox 1164 5983 1260 6032; x_wconf 70' lang='lat' dir='ltr'>pinnis.</span> 
     </span>
    </p>
   </div>
   <div class='ocr_carea' id='block_1_15' title="bbox 2094 553 2309 610">
    <p class='ocr_par' dir='ltr' id='par_1_18' title="bbox 2094 553 2309 610">
     <span class='ocr_line' id='line_1_107' title="bbox 2094 553 2309 610; baseline -0.019 -5"><span class='ocrx_word' id='word_1_565' title='bbox 2094 557 2152 610; x_wconf 76' lang='lat' dir='ltr'>An.</span> <span class='ocrx_word' id='word_1_566' title='bbox 2170 557 2204 607; x_wconf 82' lang='lat' dir='ltr'>C.</span> <span class='ocrx_word' id='word_1_567' title='bbox 2234 553 2309 602; x_wconf 73' lang='lat' dir='ltr'>isat</span> 
     </span>
    </p>
   </div>
   <div class='ocr_carea' id='block_1_16' title="bbox 0 0 2390 6980">
    <p class='ocr_par' dir='ltr' id='par_1_19' title="bbox 0 0 2390 6980">
     <span class='ocr_line' id='line_1_108' title="bbox 0 0 2390 6980; baseline 0 0"><span class='ocrx_word' id='word_1_568' title='bbox 0 0 2390 6980; x_wconf 95' lang='lat' dir='ltr'> </span> 
     </span>
    </p>
   </div>
  </div>
 </body>
</html>
