4770 6982
341 567 394 622 An.
409 571 438 622 C.
462 570 529 622 1844
579 563 639 630 340

560 701 698 775 lationis,
723 703 784 764 nisi
812 703 898 765 idem
920 703 952 764 in
977 703 1043 764 vias
1070 706 1242 764 revocetur
1264 701 1311 762 iu-

560 795 675 858 stitiae.
699 795 860 858 Levemus
881 796 1000 860 idcirco
1028 795 1125 858 simul
1148 794 1256 858 oculos
1280 803 1312 858 et

561 905 674 951 marrus
696 891 733 951 ad
755 890 850 960 Eum,
868 891 922 968 qui
945 891 1124 972 sapientiae
1138 890 1206 952 dae
1221 894 1267 950 est
1283 893 1312 950 et

561 982 744 1046 emendator
774 983 986 1064 sapientiam,
1016 983 1189 1062 Ipsumque
1211 984 1311 1046 multa

561 1092 656 1154 prece
677 1093 843 1152 rogemus,
865 1085 911 1150 ut,
930 1078 1002 1140 dato
1024 1077 1070 1140 illi
1099 1078 1195 1140 corde
1217 1077 1311 1140 docili

561 1176 593 1232 et
614 1171 720 1232 animo
737 1187 865 1249 magno,
883 1187 946 1249 quo
962 1173 1075 1234 vocerd
1098 1172 1203 1234 audiat
1215 1173 1311 1250 patris

560 1263 768 1326 amantissimi
781 1271 813 1326 et
825 1266 1087 1338 moerentissimi,
1102 1266 1181 1328 laeta
1194 1265 1231 1326 ab
1243 1263 1310 1342 ipso

560 1356 731 1430 Ecclesiae,
755 1357 835 1420 laeta
856 1356 965 1424 Cadini
988 1367 1109 1432 vestro,
1133 1359 1213 1422 laeta
1237 1357 1311 1420 San·

560 1457 627 1514 atae
649 1451 724 1512 buia
754 1450 843 1524 Sedi,
871 1453 952 1514 laeta
982 1453 1154 1516 humilitati
1184 1461 1311 1514 nostrae

560 1551 788 1624 properentur.
818 1544 882 1607 Nos
910 1553 997 1610 certe
1024 1547 1164 1608 faustum
1187 1563 1221 1608 ac
1243 1545 1311 1608 leli-

560 1638 629 1702 c'em
646 1639 738 1700 illum
752 1639 906 1701 ducemus
918 1641 1015 1712 diem,
1030 1657 1095 1719 quo
1110 1640 1213 1702 filium
1227 1641 1312 1703 bunc

559 1733 592 1795 in
614 1749 649 1795 se
678 1747 849 1794 reversum
879 1739 1012 1810 paterno
1039 1735 1112 1796 sinu
1142 1735 1311 1813 complecti

560 1825 652 1888 nobis
675 1827 849 1903 contingat,
867 1828 957 1888 cuius
980 1829 1129 1907 evemplo
1149 1845 1264 1906 magua
1278 1829 1311 1890 in

560 1935 616 1998 spe
638 1935 761 1992 sumne,
779 1919 848 1982 lore
871 1927 904 1983 ut
922 1921 1109 1999 resipiscant
1131 1922 1241 1994 ceteri,
1256 1922 1311 1999 qui

560 2031 598 2076 eo
620 2020 750 2076 auctore
772 2014 804 2076 in
828 2031 976 2077 errorem
997 2015 1105 2078 induci
1120 2023 1307 2094 potuerunt,

559 2109 638 2170 adeo
660 2116 696 2169 ut
717 2125 780 2170 una
798 2109 881 2186 apud
904 2125 1016 2172 omnes
1032 2109 1072 2170 sit
1087 2125 1144 2188 pro
1167 2111 1311 2189 publicae

560 2208 593 2264 et
613 2218 719 2264 sacrae
741 2202 788 2263 rei
815 2203 1036 2266 incolumitate
1066 2205 1234 2266 consensio
1257 2206 1310 2266 do-

559 2295 755 2368 ctrinarum,
790 2311 852 2358 una
882 2297 1091 2359 consiliorum
1123 2299 1219 2372 ratio,
1248 2316 1311 2361 una

559 2391 720 2453 actionum
743 2390 990 2468 studiorumque
1012 2393 1191 2454 concordia.
1221 2393 1308 2466 Quod

559 2489 683 2546 tantum
713 2483 835 2545 bonum
864 2491 900 2546 ut
924 2485 1121 2563 supplicibus
1150 2488 1233 2549 votis
1255 2505 1310 2548 no-

559 2578 683 2640 biscum
699 2595 715 2639 a
730 2577 867 2640 Domino
890 2580 1042 2652 exoretis
1060 2580 1114 2642 abs
1137 2587 1244 2644 vestra
1259 2597 1311 2660 pa-

559 2673 669 2734 storali
691 2673 893 2736 solicitudine
905 2674 1103 2751 requirimus
1120 2682 1152 2737 et
1166 2683 1311 2754 expecta·

560 2784 643 2829 mus.
660 2766 695 2828 ln
717 2767 749 2828 id
771 2773 878 2830 autem
903 2768 1008 2845 operis
1024 2769 1168 2832 divinum
1194 2772 1310 2849 praesi-

560 2861 649 2923 dium
678 2861 902 2938 adpreoantes,
926 2862 1087 2939 auspicem
1118 2863 1216 2941 ipsius
1239 2883 1311 2943 apo·

560 2955 704 3017 stolioam
733 2955 993 3016 benedictionem
1023 2956 1114 3018 vobis
1144 2959 1311 3036 gregibus-

560 3064 624 3126 que
645 3048 762 3110 vestris
785 3055 989 3126 peramanter
1010 3049 1228 3127 impertimur.

599 3143 714 3204 Datum
736 3143 854 3204 Romae
876 3142 957 3220 apud
975 3141 1006 3204 S.
1024 3144 1155 3207 Petrum
1176 3163 1231 3206 vn.
1246 3147 1310 3208 kal.

559 3235 652 3299 iulias
664 3252 714 3298 an.
729 3251 950 3297 noceorxxrv.
964 3237 1077 3314 pontii.
1093 3239 1193 3301 nostri
1206 3257 1256 3303 ari.
1268 3258 1310 3303 rv.

848 3519 1020 3583 CCXLVll.

559 3710 737 3774 Numerare
766 3709 891 3771 dierara
918 3708 1075 3788 festorum
1108 3719 1227 3774 coercet
1253 3730 1311 3792 pro

600 3804 676 3866 locis
693 3803 832 3865 dominio
851 3801 1000 3866 subiectis
1018 3804 1239 3868 serenissimae
1251 3805 1311 3867 La·

599 3897 740 3960 sitarciae
761 3902 791 3958 et
812 3894 1040 3976 Alporbiortrm
1062 3896 1212 3978 Reginae.

734 4065 955 4134 assentitus
979 4067 1039 4134 ΡΡ.
1063 4067 1135 4133 xvi.

681 4191 717 4256 ad
741 4195 914 4274 perpetuam
939 4191 982 4255 rei
1006 4191 1186 4256 memoriam.

600 4369 704 4442 Quum
728 4384 767 4429 ev
783 4367 946 4446 apostolici
959 4368 1061 4428 nostri
1084 4367 1255 4430 ministerii
1267 4369 1311 4430 oi-

560 4465 632 4524 srcio
647 4478 761 4525 curare
777 4461 944 4533 debemus,
960 4467 995 4522 ut
1010 4461 1167 4523 festorum
1184 4462 1310 4524 dierum

560 4559 729 4623 celebritas
752 4574 767 4618 a
789 4555 1060 4619 Cbristilidelibus
1082 4557 1233 4634 religiose
1260 4574 1310 4619 co-

560 4656 654 4725 latur,
672 4659 741 4715 tum
764 4651 844 4713 illud
867 4651 962 4712 etiam
978 4667 1018 4712 ex
1041 4656 1173 4728 paterno
1196 4651 1228 4712 in
1245 4668 1311 4712 orn-

561 4764 617 4809 nes
631 4746 737 4808 studio
753 4745 979 4824 praestandum
993 4743 1084 4804 nobis
1098 4751 1155 4815 est,
1170 4751 1206 4805 ut
1217 4745 1242 4805 si
1259 4761 1311 4806 eo-

560 4840 711 4902 rumdem
727 4838 883 4900 lestorum
907 4837 1034 4898 dierum
1053 4851 1208 4898 numerus
1231 4843 1311 4898 tem-

560 4933 723 5012 poralibus
732 4931 998 4994 Cbristisrdelium
1011 4930 1253 4993 necessitatibus
1266 4930 1311 4992 oi-

560 5029 657 5090 licere
680 5025 789 5105 possit,
807 5041 882 5086 eum
898 5041 956 5102 pro
979 5025 1124 5086 locorum
1141 5041 1175 5086 ac
1189 5031 1311 5102 tempo·

560 5138 634 5183 rum
656 5121 780 5182 ratione
799 5119 970 5198 apostolica
984 5119 1078 5180 venia
1093 5135 1308 5181 coerceamus.

559 5216 687 5292 ltaque,
718 5229 818 5290 quum
848 5211 1008 5274 carissima
1035 5213 1068 5273 in
1096 5212 1225 5275 Christo
1248 5213 1311 5274 salia

560 5315 668 5372 nostra
682 5307 885 5370 serenissima
901 5306 1080 5368 Lusitaniae
1097 5312 1129 5366 et
1145 5305 1310 5383 Algarbio-

560 5420 634 5464 rum
642 5402 763 5478 Regina
776 5400 960 5462 fidelissima
973 5414 1030 5478 por
1043 5400 1195 5461 dilectum
1207 5401 1309 5461 filium

559 5497 711 5558 loannem
733 5496 865 5556 Petrum
881 5493 1185 5555 Commendatorem
1202 5494 1241 5555 de
1257 5494 1310 5554 lli-

464 5615 465 5618 ¹
562 5591 653 5668 gueis
675 5591 714 5652 de
746 5589 902 5651 Carvallro
925 5588 964 5649 de
988 5587 1074 5649 Brito
1102 5603 1197 5648 suum
1227 5588 1308 5664 apud

561 5701 617 5746 nos
640 5692 735 5760 atque
757 5684 836 5744 banc
853 5681 998 5744 Sanctam
1015 5679 1131 5743 Sedem
1148 5687 1309 5743 oratorem

561 5779 653 5840 nobis
680 5777 917 5856 supplicaverit,
938 5784 984 5846 ut,
1005 5775 1134 5836 attentis
1162 5775 1310 5852 gravissi-

561 5875 622 5936 mis
652 5871 915 5942 circumstantiis,
945 5887 1025 5947 quae
1053 5871 1205 5931 florentes
1232 5869 1308 5931 olim

561 5967 629 6030 illas
644 5966 794 6043 regiones
811 5963 1052 6044 perturbarunt,
1071 5963 1229 6024 festorum
1245 5962 1309 6024 die-

1080 584 1146 630 lull.
1170 580 1262 628 PONT.
1286 579 1327 626 DE
1349 580 1379 628 P.
1403 581 1433 626 F.
1457 581 1541 629 PARS
1562 584 1584 630 l.

1367 716 1440 762 rum
1463 717 1638 766 numerum
1654 705 1691 768 ad
1711 711 1815 767 certos
1837 705 1956 768 limites
1971 707 2122 769 cobibea-

1368 809 1450 865 mus,
1474 797 1640 875 utpopuli
1664 799 1853 876 praesertim
1882 799 2043 862 laboribus
2068 800 2122 861 ad-

1367 888 1442 950 dicti
1464 905 1608 954 summae
1631 893 1797 968 angustiae
1818 894 2013 967 consulatur,
2035 895 2124 956 sicut

1367 981 1421 1042 iel.
1446 998 1510 1044 rec.
1535 984 1682 1048 Urbanus
1705 985 1796 1059 Vlll.,
1821 987 2012 1049 Benedictus
2033 987 2121 1049 xlv.

1368 1081 1400 1136 et
1428 1075 1578 1139 Clemens
1604 1079 1685 1140 xlv.
1722 1080 1982 1158 praedecessores
2015 1082 2124 1143 nostri

1367 1169 1508 1246 benigne
1539 1171 1666 1249 elargiti
1691 1180 1777 1244 sunt,
1802 1191 1859 1236 nos
1881 1175 1951 1236 eius
1976 1176 2059 1236 votis
2084 1175 2124 1237 li-

1368 1265 1483 1328 benter
1496 1266 1647 1328 duximus
1660 1269 1878 1330 adnuendum.
1902 1269 2123 1343 Quantobrem

1368 1359 1407 1420 de
1445 1359 1580 1422 consilio
1616 1376 1713 1424 venn.
1753 1363 1890 1424 iratrum
1929 1370 2123 1426 nostrorum

1369 1451 1400 1514 S.
1417 1451 1453 1515 ll.
1470 1453 1506 1514 E.
1531 1453 1748 1518 Cardinalium
1771 1457 1867 1518 sacris
1890 1457 2013 1520 llitibus
2029 1475 2124 1538 prae-

1368 1547 1548 1625 positorum
1565 1548 1650 1611 hisce
1667 1550 1782 1612 litteris
1805 1552 1992 1614 auctoritate
2009 1560 2125 1614 nostre

1367 1641 1538 1716 apostolica
1560 1642 1765 1705 decernimus
1785 1661 1819 1705 ac
1834 1645 2015 1718 statuimus,
2033 1647 2124 1708 utin

1369 1734 1517 1796 onruibus
1532 1753 1565 1798 ac
1581 1736 1716 1814 singulis
1732 1738 1920 1814 regionibus
1936 1739 2123 1802 carissimae

1368 1827 1400 1888 in
1422 1827 1551 1890 Cbristo
1567 1829 1650 1892 tiliae
1666 1837 1793 1893 nostrae
1809 1831 1989 1894 Lusitaniae
2012 1840 2044 1896 et
2065 1833 2123 1896 bl-

1369 1921 1555 1996 garbiorum
1586 1923 1717 2001 reginae
1746 1925 1949 1987 fidelissimae
1975 1927 2123 1989 dominio

1367 2014 1528 2087 subiectis,
1554 2023 1681 2095 praeter
1704 2033 1815 2080 omnes
1839 2019 2014 2082 dominicos
2036 2021 2119 2094 dies,

1367 2108 1427 2169 sub
1450 2114 1589 2187 atroque
1611 2119 1781 2190 praecepto
1803 2113 1835 2174 in
1862 2121 2028 2192 posterum
2051 2132 2122 2177 ser-

1368 2209 1486 2264 ventur
1509 2209 1630 2264 tanturn
1649 2204 1728 2266 testa
1749 2205 2018 2280 circumcisionis,
2045 2209 2120 2288 Epi-

1368 2295 1512 2372 pbaniae,
1537 2295 1751 2372 ascensionis,
1769 2299 1919 2379 Corporis
1943 2301 2068 2364 Domini
2086 2313 2120 2366 et

1367 2387 1484 2450 Natalis
1505 2390 1632 2452 Domini
1656 2394 1757 2455 nostri
1779 2394 1848 2457 lesu
1872 2394 1989 2457 Christi
2012 2407 2044 2459 et
2065 2397 2119 2460 Sa-

1368 2483 1412 2544 cri
1434 2483 1546 2546 Cordis
1569 2484 1651 2558 lesu,
1676 2486 1808 2565 insuper
1829 2487 1908 2550 lesta
1924 2489 2120 2552 Purificatio·

1368 2577 1427 2651 nis,
1453 2577 1728 2654 annunciationis,
1752 2581 1988 2662 Assumptionis
2011 2593 2043 2647 et
2057 2587 2117 2648 lm-

1368 2671 1541 2734 maoulatae
1554 2673 1778 2752 Conceptionis
1791 2676 1903 2738 Beatae
1917 2679 2031 2740 Mariae
2047 2680 2117 2742 llir·

1369 2765 1461 2841 ginis,
1485 2783 1624 2828 necnon
1643 2767 1761 2828 lestum
1783 2777 1933 2832 servetur
1949 2789 1965 2833 a
1981 2774 2117 2836 meridie

1368 2859 1478 2920 Beriae
1501 2859 1538 2922 V.
1563 2862 1595 2922 in
1617 2877 1715 2922 coena
1738 2861 1864 2924 Domini
1886 2865 1923 2926 ad
1947 2867 2115 2929 nreridiem

1368 2967 1471 3028 usque
1494 2953 1603 3015 l'eriae
1627 2953 1677 3016 Vl.
1702 2955 1734 3016 in
1757 2955 1946 3030 Parasceve,
1978 2961 2117 3038 denique

1369 3045 1421 3106 die
1433 3063 1512 3107 sarr.
1531 3047 1665 3108 lanuarii
1681 3047 1800 3110 testum
1814 3049 1845 3112 S.
1860 3050 2020 3114 Vincentii
2036 3071 2117 3116 mar·

1370 3140 1449 3218 tyris
1479 3157 1536 3218 pro
1568 3141 1781 3218 patriarchatu
1814 3143 2056 3224 Ulyssiponensi
2085 3155 2118 3210 et

1369 3233 1480 3310 Regno
1509 3235 1753 3312 Algarbiorum,
1785 3236 1836 3298 die
1859 3253 1929 3300 xrrr.
1958 3241 2036 3302 iunii
2061 3259 2116 3318 pro

1369 3329 1582 3406 patriarchatu
1596 3335 1719 3392 tantum
1733 3331 1895 3409 praedicto
1908 3333 2027 3396 testum
2043 3335 2118 3398 San-

1369 3423 1410 3484 oti
1433 3423 1562 3485 Antonii
1585 3423 1736 3496 Patavini,
1751 3425 1881 3502 ubique
1904 3443 1983 3489 vero
1999 3428 2117 3492 festum

1369 3516 1547 3579 Nativitatis
1570 3517 1600 3580 S.
1625 3519 1750 3580 loannis
1776 3519 1932 3598 Baptistae
1955 3523 2006 3585 die
2028 3541 2115 3588 rrrv.

1368 3611 1449 3672 iunii
1471 3617 1503 3672 et
1525 3609 1717 3674 Sanctorum
1740 3612 1969 3692 Apostolorum
1985 3617 2069 3679 Petri
2087 3629 2119 3682 et

1369 3705 1456 3768 Pauli
1478 3705 1529 3766 die
1551 3721 1641 3768 xxva.
1664 3706 1755 3779 iunii,
1780 3714 1812 3769 et
1834 3708 1951 3770 festum
1973 3712 2116 3773 ornnium

1370 3798 1559 3862 Sanctorum
1575 3799 1625 3862 die
1641 3818 1663 3861 1.
1678 3802 1876 3863 novembris.
1893 3801 2023 3865 Caetera
2039 3822 2118 3868 vero

1369 3893 1459 3966 leste,
1477 3910 1558 3971 quae
1581 3895 1734 3956 hactenus
1751 3896 1790 3956 de
1806 3903 1975 3974 praecepto
1996 3901 2116 3960 servari

1367 3990 1459 4052 solita
1481 3995 1566 4060 sunt,
1595 3990 1782 4052 auctoritate
1811 3997 1920 4052 nostra
1948 3994 2118 4070 apostolica

1369 4085 1497 4164 penitus
1520 4083 1686 4146 abolemus
1708 4085 1812 4160 quoad
1838 4093 2044 4164 praeceptum
2066 4090 2117 4150 ad-

1368 4179 1471 4240 standi
1493 4193 1581 4240 sacro
1612 4185 1644 4238 et
1666 4178 1795 4239 vacandi
1817 4178 1855 4240 ab
1878 4179 2029 4256 operibus
2051 4197 2117 4243 ser-

1369 4272 1498 4344 vilibus,
1516 4277 1643 4350 praeter
1666 4277 1773 4332 tamen
1796 4273 2023 4334 ecclesiasticas
2046 4274 2117 4336 iun-

1369 4367 1501 4437 ctiones,
1517 4381 1598 4442 quae
1620 4365 1809 4442 respectivis
1832 4365 1864 4426 in
1880 4366 2021 4428 ecclesiis
2036 4367 2118 4429 sicut

1369 4467 1459 4520 antea
1482 4477 1497 4520 a
1519 4459 1607 4520 clero
1636 4459 1746 4536 peragi
1767 4459 1936 4530 volumus,
1960 4477 1993 4520 ac
2020 4461 2047 4520 si
2068 4477 2117 4522 re-

1368 4568 1445 4614 vera
1467 4553 1506 4614 de
1521 4559 1691 4630 praecepto
1707 4553 1932 4629 perdurarent.
1950 4553 2117 4616 Praeterea

1368 4647 1447 4708 lesta
1470 4646 1660 4708 Sanctorum
1686 4646 1909 4718 patronorum,
1934 4648 1989 4724 qui
2011 4649 2115 4711 solum

1368 4743 1400 4803 in
1424 4741 1604 4802 civilatibus
1626 4757 1660 4801 ac
1682 4740 1759 4801 locis
1789 4739 1931 4803 dominio
1952 4743 2116 4806 serenissi-

1368 4853 1438 4897 mae
1467 4835 1645 4896 Lusitaniae
1678 4841 1710 4895 et
1731 4832 1958 4910 Algarbiorurn
1985 4837 2124 4919 reginae¹

1368 4928 1732 4992 fidelissimaesubiectis
1744 4929 2001 5006 praecipuisunt‚
2013 4931 2114 5006 quoad

1369 5023 1548 5085 extrinseca
1571 5021 1738 5083 transferri
1760 5021 1913 5084 volumus
1927 5024 1960 5084 in
1975 5024 2115 5086 Domini-

1368 5134 1435 5180 cam
1457 5121 1647 5193 sequentem
1677 5131 1749 5178 cum
1774 5115 1864 5176 llissa
1891 5117 2029 5178 solemni
2050 5125 2115 5179 tan-

1369 5218 1436 5272 tum
1460 5211 1499 5272 de
1521 5209 1645 5280 iisdem,
1670 5209 1771 5270 sirmis
1793 5216 1900 5270 tamen
1922 5212 2115 5273 remanenti-

1368 5305 1426 5366 bus
1447 5302 1555 5366 Otlicio
1572 5309 1603 5363 et
1619 5302 1710 5364 Missa
1725 5303 1837 5364 diebus
1855 5303 1916 5364 iam
1933 5305 2113 5382 adsignatis,

1367 5397 1567 5474 servatisque
1580 5397 1612 5458 in
1625 5397 1775 5458 omnibus
1787 5395 1933 5459 rubricis.
1950 5398 2031 5460 llaec
2043 5417 2116 5460 eon-

1367 5492 1510 5553 cedimus
1540 5498 1572 5552 et
1594 5491 1792 5562 mandamus,
1822 5507 1886 5552 non
1916 5492 2114 5553 obstantibus

1367 5585 1545 5664 apostolicis
1565 5583 1847 5646 constitutionibus
1864 5589 1896 5644 et
1911 5584 2116 5656 ordinationi-

1367 5679 1437 5750 bus,
1452 5679 1649 5755 caeterisque
1662 5677 1828 5738 contrariis
1845 5677 2113 5755 quibuscumque.

1406 5773 1519 5834 Datum
1543 5773 1661 5832 Romae
1683 5771 1766 5848 apud
1791 5769 1821 5832 S.
1840 5771 1971 5832 Petrum
1988 5773 2048 5834 sub
2063 5789 2115 5833 an-

1367 5868 1444 5929 nulo
1460 5866 1636 5938 Piscatoris,
1655 5866 1705 5926 die
1729 5883 1793 5926 xrv.
1811 5865 1891 5926 iurvii
1907 5883 2113 5939 abacorum,

1367 5962 1567 6041 pontificatus
1590 5960 1691 6022 nostri
1713 5977 1796 6022 anno
1819 5977 1883 6022 mv.

2152 573 2203 623 Au.
2219 575 2246 624 C.
2267 578 2319 632 lili
