4864 6994
95 3314 265 3360 Prooemium.

83 4713 163 4772 ,Ratio
177 4723 283 4760 conces-

70 4775 149 4810 sionis

923 573 1098 620 enuoonlus
1119 573 1169 620 ΡΡ.
1193 574 1259 621 xvi.

317 687 397 765 ipso.
430 688 501 750 Non
530 690 728 753 obstantibus
760 691 940 770 apostolicis
969 709 1002 754 ac
1030 692 1062 754 in

317 781 555 844 universalibus
578 783 891 862 provincialibusque
914 791 945 846 et
968 801 1061 864 syno-

318 871 440 934 dalibus
470 876 612 938 conciliis
647 877 740 938 editis
776 877 980 954 generalibus
1009 878 1061 940 vel

317 967 507 1044 specialibus
529 969 812 1032 constitutionibus
835 977 867 1031 et
889 970 1061 1032 ordinatio-

318 1057 422 1130 nibus,
445 1059 645 1138 caeterisque
666 1061 833 1124 contrariis
856 1061 1061 1139 quibuscum-

318 1165 391 1228 que.

356 1244 469 1307 Datum
491 1246 610 1309 llomae
631 1249 713 1328 apud
737 1247 768 1310 S.
787 1250 917 1311 Petrum
933 1247 993 1310 sub
1008 1265 1060 1310 an-

316 1337 394 1399 nulo
409 1337 532 1411 Piscat,
550 1341 601 1402 die
616 1357 687 1404 xrrr.
702 1341 808 1403 martii
820 1358 1057 1414 unccexrrxur„

316 1432 516 1508 pontificatus
540 1435 641 1496 nostri
662 1451 745 1496 anuo
767 1451 815 1496 111.

563 1635 815 1644 *a-

620 1808 751 1872 vallt.

313 1995 484 2074 ilcpatetio
506 1997 780 2078 tepotiopoatote'ci
801 1998 1059 2059 cctreordlacrc'i

354 2089 439 2167 epod
454 2090 552 2151 totius
569 2087 743 2152 Haltercnt
759 2089 953 2170 reipublicae
965 2107 1058 2170 proe-

351 2181 460 2251 sidem,
483 2189 521 2243 ut
541 2200 613 2244 cent
634 2200 667 2245 eo
690 2183 905 2245 ecclesiastica
931 2185 1058 2264 negotio

353 2279 516 2354 componet
536 2274 593 2355 (l).

311 2457 483 2526 Venerabili
505 2461 593 2526 tratri
616 2458 716 2526 ioanni
746 2459 878 2543 Enqland
901 2461 1057 2544 (ierapoli-

350 2558 421 2618 tano
445 2554 472 2618 in
494 2552 663 2619 laederetis
685 2553 842 2619 amerinae
860 2551 1055 2636 Septentrio·

353 2646 428 2714 nalie
451 2645 609 2730 provinciis
633 2645 792 2729 Episcopo,

483 2830 702 2900 antenatus
726 2831 785 2898 ΡΡ.
810 2831 881 2898 xvi.

522 3021 711 3088 Venerabilis
732 3021 841 3100 irater,

343 3117 472 3184 sebalem
495 3121 526 3183 et
547 3116 743 3199 apostolicam
768 3116 1018 3182 benedictionem.

349 3311 367 3384 §
384 3309 411 3370 l.
428 3309 627 3387 lnsup1·emo
639 3307 811 3369 catholicae
824 3307 975 3368 eeclesiae
988 3307 1053 3369 cul-

307 3402 407 3474 mine,
422 3401 546 3464 meritis
568 3402 803 3478 licetimpares,
828 3400 981 3462 ineflabili
997 3401 1053 3462 llei

306 3495 474 3558 voluntate
486 3495 641 3566 collocati,
655 3495 690 3556 ad
708 3494 872 3572 pastoralis
888 3494 981 3556 ollicii
998 3511 1052 3556 no-

306 3589 366 3650 stri
388 3589 532 3650 debitum
552 3603 647 3666 quam
665 3588 803 3650 maxime
821 3589 971 3664 pertinet,
991 3589 1052 3666 spi-

306 3682 414 3744 rituali
439 3681 698 3744 christifidelium
724 3681 817 3742 saluti
847 3697 973 3742 summa
999 3699 1051 3744 cu·

305 3793 340 3837 ra
363 3783 395 3838 et
420 3776 526 3839 studio
555 3777 756 3854 prospicere,
788 3790 908 3852 eosque
938 3791 1050 3837 omnes

305 3869 564 3931 disiunctissimis
586 3869 681 3930 etiam
703 3869 800 3930 terris
816 3869 939 3931 anobis
961 3869 1050 3930 dissi-

306 3969 355 4024 tos
378 3968 507 4039 paterna
529 3961 745 4024 sollicitudine
766 3969 861 4039 atque
884 3977 994 4024 amore
1008 3963 1050 4024 ita

304 4054 485 4132 complecti,
509 4060 546 4116 ut
567 4055 660 4116 vinea
681 4053 819 4126 Dourini,
834 4069 914 4130 quae
932 4061 980 4116 est
994 4054 1049 4116 Ec-

304 4147 411 4220 clesia,
435 4163 530 4224 quam
552 4147 620 4226 ipse
649 4147 803 4224 plantavit
828 4149 959 4210 dextera
981 4165 1047 4222 sua,

304 4247 337 4301 et
358 4240 407 4301 sui
429 4241 595 4318 sanguinis
615 4240 720 4318 pretio
742 4241 942 4319 redemptam
958 4243 1049 4304 nobis

303 4333 545 4395 custodiendam
568 4331 708 4404 tradidit,
732 4333 878 4412 palmites
900 4351 975 4396 suos
997 4353 1048 4397 us-

303 4440 369 4502 que
390 4426 427 4488 ad
449 4441 549 4499 mare,
573 4431 605 4487 ot
625 4425 710 4487 ultra
732 4427 801 4486 eius
823 4427 991 4501 terminos,
1015 4447 1049 4492 ac

303 4519 495 4597 propagines
524 4535 595 4580 suas
617 4518 711 4586 latius
733 4517 766 4580 in
792 4519 858 4581 dies
888 4527 983 4598 atque
1005 4522 1048 4585 le·

303 4611 396 4674 licius
418 4613 580 4675 extendat.

343 4706 413 4780 §2-
436 4705 540 4779 Quum
561 4705 670 4782 itaque
693 4721 758 4767 non
780 4706 935 4769 mediocri
950 4708 1048 4770 animi

255 4839 259 4846 -
302 4797 406 4860 nostri
428 4797 538 4860 dolore
560 4797 789 4876 acceperimus
813 4799 914 4860 varias
937 4800 976 4861 ob
998 4817 1048 4863 re-

302 4906 377 4952 rum
398 4889 635 4952 vicissitudines
650 4891 837 4954 catholicam
853 4891 1046 4970 religionem

302 4983 335 5044 in
363 4983 466 5045 insula
498 4982 673 5054 Haitarum,
709 4983 786 5046 olim
816 4983 847 5046 S.
877 4984 1045 5058 Dominici,

301 5091 456 5153 magnum
485 5091 609 5154 passam
636 5093 707 5138 esse
736 5077 969 5140 detrimentum
991 5081 1044 5154 ita,

300 5174 338 5230 ut
369 5167 481 5230 fideles
510 5167 690 5244 pastoribus
719 5185 753 5230 ac
781 5167 968 5230 necessariis
997 5187 1046 5232 ec-

301 5260 416 5324 clesiae
431 5260 597 5338 praesidiis
615 5261 680 5322 sint
701 5261 862 5336 destituti3
879 5278 1046 5342 quumque

301 5369 361 5414 nec
373 5353 501 5426 melius,
520 5369 627 5430 neque
642 5353 823 5432 expeditius
846 5355 977 5417 illorum
993 5373 1045 5419 cu-

300 5462 355 5508 rae
367 5453 400 5508 et
413 5446 633 5524 spiritualibus
648 5447 891 5509 necessitatibus
908 5449 1045 5527 prospici

301 5554 385 5602 nunc
408 5555 500 5618 posse
516 5539 674 5612 videatur,
692 5556 787 5617 quam
810 5541 837 5601 si
858 5541 954 5604 liuius
971 5541 1045 5604 San-

300 5638 368 5694 ctae
390 5631 480 5695 Sedis
502 5633 633 5695 nomine
662 5633 797 5695 idoneus
820 5635 870 5696 vir
896 5635 1045 5698 omnibus

300 5725 500 5788 facultatibus
522 5727 709 5788 necessariis
732 5733 764 5789 et
789 5729 976 5806 opportunis
998 5730 1045 5791 in-

1808 550 1846 612 73
1896 542 1993 596 unc.
2016 542 2084 594 aeae

1118 692 1248 754 stitutus
1271 691 1307 753 ad
1330 689 1522 769 praedictam
1544 686 1682 750 insulam
1705 685 1862 758 mittatur,

1119 785 1261 863 quicum
1277 782 1549 845 excellentissimo
1565 781 1668 858 Boyer
1681 779 1778 842 totius
1794 777 1864 840 Hai-

1119 885 1223 940 tarum
1245 876 1439 955 reipublicae
1459 875 1603 954 praeside
1625 873 1797 935 catholicae
1815 887 1863 933 re-

1118 973 1246 1050 ligionis
1278 986 1404 1034 causam
1436 977 1517 1048 agat,
1552 969 1686 1045 eiusque
1718 966 1864 1028 consulat

1118 1065 1375 1128 necessitatibus:
1401 1079 1458 1126 nos
1480 1061 1621 1124 adhibito
1648 1060 1862 1138 quorumdam

1117 1157 1352 1222 venerabilium
1374 1157 1508 1218 iratrum
1525 1163 1711 1217 nostrorum
1727 1152 1758 1216 S.
1772 1151 1808 1215 li.
1823 1153 1859 1214 E.

1116 1253 1331 1314 Cardinalium
1360 1249 1509 1322 consilio,
1533 1247 1719 1312 huiusmodi
1742 1248 1861 1324 gravis-

1117 1361 1206 1406 mum
1229 1359 1346 1406 munus
1370 1343 1426 1405 tibi
1447 1343 1714 1405 committendum
1737 1341 1860 1402 censui-

1117 1453 1199 1511 mus,
1223 1438 1313 1500 cuius
1329 1437 1508 1516 prudentia,
1527 1435 1679 1514 probitas
1694 1434 1860 1510 religionis

1117 1531 1216 1604 zelus,
1241 1532 1326 1593 etin
1347 1531 1445 1592 robus
1467 1528 1687 1592 ecclesiasticis
1710 1526 1859 1604 gerendis

1115 1625 1246 1686 solertia
1263 1631 1358 1702 atque
1380 1623 1492 1702 peritia
1514 1622 1605 1684 nobis
1627 1622 1702 1683 satis
1724 1627 1773 1682 est
1788 1636 1858 1698 pro·

1116 1717 1195 1779 bata.

1154 1814 1173 1887 5
1202 1813 1231 1873 3.
1259 1813 1473 1887 Quamobrem
1504 1812 1644 1889 egregiis
1671 1810 1733 1871 tuis
1761 1808 1858 1870 animi
1891 1821 2089 1880 ,superconcu-

1115 1907 1302 1983 ingeniique
1315 1907 1441 1969 dotibus
1457 1921 1665 1983 summopere
1677 1903 1709 1966 in
1722 1903 1858 1964 Domino
1876 1880 1964 1916 ⁸¹⁰⁰¹⁵'

1115 2001 1261 2072 fidentes,
1286 2001 1372 2063 bisce
1395 2001 1497 2061 literis
1519 2007 1561 2070 te,
1584 1997 1778 2060 venerabilis
1799 1997 1857 2058 ira-

1116 2101 1174 2164 ter,
1199 2094 1386 2156 auctoritate
1409 2099 1516 2154 nostra
1542 2091 1723 2170 apostolica,
1747 2091 1779 2151 in
1803 2107 1857 2152 no·

1113 2191 1217 2246 strum
1251 2192 1283 2246 et
1314 2185 1409 2246 liuius
1437 2183 1567 2246 Sanctae
1597 2182 1686 2244 Sedis
1715 2182 1857 2258 legatum

1113 2278 1195 2356 apud
1217 2279 1378 2364 laudatum
1401 2279 1498 2340 totius
1521 2277 1684 2338 llaitarum
1706 2274 1857 2354 reipubli-

1113 2389 1166 2432 cae
1188 2372 1366 2450 praesidem
1388 2387 1462 2433 cum
1485 2371 1633 2433 omnibus
1655 2369 1856 2431 facultatibus

1113 2466 1300 2526 necessariis
1323 2471 1355 2526 et
1376 2465 1565 2543 opportunis
1594 2464 1759 2540 eligimus,
1783 2479 1856 2525 con-

1112 2558 1276 2618 stituimus
1298 2575 1332 2618 ac
1353 2559 1555 2636 deputamus,
1571 2564 1608 2618 ut
1630 2573 1727 2635 penes
1750 2557 1855 2634 ipsum

1112 2650 1283 2713 catholicae
1305 2651 1472 2728 religionis
1494 2666 1619 2712 causam
1635 2650 1798 2728 suscipere
1813 2659 1856 2712 at-

1112 2759 1175 2821 que
1197 2761 1293 2821 agere
1316 2746 1428 2823 possis,
1452 2745 1586 2821 eiusque
1607 2744 1691 2806 bono
1713 2761 1746 2806 ac
1771 2761 1856 2806 com-

1112 2839 1208 2901 modo
1230 2855 1287 2917 pro
1315 2840 1438 2901 viribus
1467 2838 1637 2901 consulere
1665 2839 1780 2900 valeas.
1812 2840 1855 2902 Te

1111 2947 1191 2994 vero
1212 2934 1245 2994 in
1266 2933 1402 2994 Domino
1431 2933 1615 3004 bort-amur,
1639 2937 1676 2992 ut
1700 2931 1855 3009 singulari

1111 3042 1197 3098 cura,
1221 3026 1327 3087 studio
1349 3043 1382 3087 ac
1405 3025 1581 3102 diligentia,
1598 3041 1634 3086 ea
1656 3026 1762 3086 omnia
1784 3043 1855 3104 pro-

1110 3119 1184 3182 vide
1205 3119 1409 3194 scienterque
1438 3119 1617 3196 peragenda
1645 3134 1855 3196 cu1·es,quae

1110 3213 1146 3274 ad
1169 3212 1369 3290 spiritualem
1392 3213 1522 3274 illorum
1546 3211 1689 3274 fidelium
1716 3212 1853 3274 salutem

1111 3306 1341 3383 procurandam
1357 3311 1389 3368 et
1410 3305 1576 3382 religionis
1598 3305 1719 3366 bonum
1735 3321 1853 3382 augen-

1109 3397 1186 3460 dum
1209 3399 1373 3476 pertinere
1395 3413 1488 3477 posse
1503 3399 1665 3461 videntur.
1685 3398 1748 3460 Nos
1770 3399 1853 3461 inte·

1109 3493 1170 3553 rim
1193 3493 1225 3554 in
1255 3492 1437 3554 bumilitate
1466 3493 1570 3555 cordis
1598 3493 1701 3554 nostri
1729 3499 1853 3571 patrem

1109 3586 1402 3648 misericordiarum
1432 3593 1464 3648 et
1492 3587 1594 3647 ileum
1620 3586 1718 3648 totius
1742 3603 1852 3648 conso-

1108 3681 1233 3743 lationis
1249 3696 1364 3758 rogare
1379 3696 1443 3742 non
1466 3680 1661 3750 desinemus,
1679 3685 1714 3740 ut
1730 3681 1783 3742 det
1795 3681 1851 3742 tibi

1107 3775 1256 3853 spiritum
1284 3774 1456 3853 sapientiae
1479 3779 1516 3862 et,
1535 3772 1736 3844 intellectus,
1760 3775 1851 3852 spiri-

1107 3874 1175 3928 tum
1198 3867 1321 3929 consilii
1343 3873 1375 3928 et
1396 3865 1603 3936 tortitudinis,
1627 3881 1692 3942 quo
1714 3867 1851 3929 omniaa

1108 3967 1138 4022 te
1160 3959 1217 4020 hac
1238 3975 1337 4038 super
1352 3975 1387 4021 re
1411 3958 1603 4038 perficienda
1625 3965 1769 4038 optatum
1785 3962 1850 4022 exi-

1106 4059 1175 4113 tum
1197 4059 1418 4128 assequantur.

1145 4147 1213 4220 §b
1238 4145 1308 4208 Non
1338 4146 1537 4208 obstantibus
1566 4147 1849 4210 constitutionibus
1870 4153 2081 4248 tpuoamtiocon·

1105 4247 1138 4302 et
1168 4240 1385 4302 sanctionibus
1420 4240 1612 4319 apostolicis,
1650 4242 1850 4319 eaeterisque
1894 4215 2016 4250 ariorum.

1105 4334 1272 4396 contrariis
1294 4334 1562 4410 quibuscumque.

1144 4426 1257 4488 Datum
1280 4427 1398 4488 Romae
1414 4427 1496 4505 apud
1520 4426 1550 4488 S.
1568 4427 1699 4490 Petrum
1722 4430 1781 4491 sub
1797 4447 1849 4492 an·

1105 4520 1182 4581 nulo
1204 4519 1328 4591 Piscat,
1352 4520 1466 4582 diexv.
1481 4521 1588 4582 martii
1608 4537 1848 4598 uncccxxxm„

1104 4613 1306 4692 pontificatus
1329 4614 1432 4675 nostri
1454 4630 1537 4676 anno
1559 4631 1607 4675 ru.

1356 4810 1596 4820 ---.-.

1421 4987 1527 5050 XLIX.

1103 5175 1239 5237 Peracta
1264 5175 1644 5256 VisitotioncApoatolicd
1662 5179 1808 5244 Cocoobc'i
1820 5189 1849 5244 et

1146 5267 1274 5348 Collegit
1295 5269 1483 5331 missionem
1506 5269 1536 5331 S.
1557 5269 1647 5332 Petri
1668 5273 1704 5333 irc
1726 5273 1847 5337 Monto-

1141 5360 1202 5430 rio,
1219 5377 1258 5421 aaa
1273 5367 1375 5422 incute
1401 5361 1579 5424 Vicitotoria
1596 5365 1768 5443 Apostolicl
1783 5373 1847 5430 atc-

1142 5452 1222 5512 tccit:
1248 5453 1274 5514 l.
1303 5451 1490 5516 Cocuobiecnt
1512 5459 1542 5515 et
1559 5454 1729 5534 Collepiatnt
1750 5457 1847 5520 sabli-

1142 5546 1288 5607 ciendam
1309 5563 1372 5606 esec
1394 5547 1574 5610 imtraediatc
1588 5549 1736 5610 attiniatro
1757 5567 1846 5630 penc-

1140 5639 1205 5701 reli
1230 5637 1370 5708 Ordinis,
1394 5639 1603 5719 dependenter
1624 5646 1730 5704 tarraco
1753 5659 1772 5704 o
1796 5661 1847 5705 so-

1140 5747 1197 5794 cre
1215 5729 1484 5811 Congregetionm
1499 5734 1528 5794 ἓ.
1545 5733 1769 5796 removentem
1784 5753 1847 5796 esse

340 5939 370 5994 (lt
385 5941 510 5984 liavorem
525 5939 655 5986 praesidis
669 5941 838 5998 Reipublicae
853 5943 924 5988 llaiti
939 5943 1041 5990 invocat
1057 5955 1104 6002 pro
1118 5945 1206 6001 legato
1219 5945 1259 5990 lit.
1277 5947 1422 5990 Coraetentt.
1438 5945 1493 5989 Bul.
1510 5946 1541 5990 de
1557 5947 1582 5988 P.
1598 5947 1623 5989 F.
1641 5957 1663 6002 p.
1678 5948 1711 5990 ito.

404 6057 456 6104 luc.
471 6059 543 6107 Pont.
559 6059 590 6106 de
605 6061 678 6120 l'rop.
693 6061 755 6109 Fide
770 6063 851 6110 Partis
865 6065 884 6109 1.
900 6062 952 6110 vol.
969 6067 995 6112 v.

1716 6071 1741 6114 10
