4864 6994
79 601 176 656 1110.
200 602 283 658 1833

923 609 1098 664 GREGORIUS
1120 613 1170 663 ΡΡ.
1193 615 1259 666 xvi.

358 739 536 818 Antequam
560 739 638 804 haec
660 755 742 802 nova
763 755 832 800 arca
858 736 958 814 signis
980 735 1063 796 clau-

317 831 422 905 datur,
436 833 729 895 reverendissimus
741 831 915 912 Episcopus
928 828 1063 891 veleius

317 923 462 988 vicarius
492 925 652 1003 generalis
681 926 818 1004 aliquam
848 941 888 986 en
916 922 1063 986 frustulis

318 1019 440 1080 ossium
456 1019 489 1080 in
502 1019 627 1081 sacculo
643 1019 751 1096 positis
774 1025 908 1097 partem,
926 1033 985 1079 nec
1000 1031 1063 1078 ma-

316 1111 437 1173 rimam
454 1127 513 1174 nec
528 1111 706 1184 minimam,
723 1109 877 1183 extrahat,
895 1117 931 1172 ut
946 1109 1063 1172 axillis

318 1203 441 1281 aliquot
461 1205 613 1282 reliquias
635 1204 752 1266 condet
770 1202 1005 1266 distribuendas
1027 1202 1063 1264 il-

1808 605 1848 668 69

1121 731 1290 804 Venerabili
1318 737 1406 806 tratri
1432 737 1524 806 Petro
1552 737 1586 804 de
1613 736 1778 804 dicantem
1801 735 1866 821 Epi·

1160 845 1255 913 scopo
1277 831 1469 900 dntiiellensi
1495 831 1612 898 ordinis
1640 830 1866 898 carmelitarum

1160 922 1409 1083 sfitffiiaolgmum
1425 929 1457 991 et
1477 923 1629 992 Bonbaini
1652 923 1773 991 vtoano
1794 939 1867 1005 apo-

1297 1202 1514 1271 SREGORlUS
1535 1203 1595 1270 ΡΡ.
1620 1201 1691 1269 xvi.

319 1298 370 1368 lis,
394 1298 448 1374 qui
470 1297 509 1360 de
531 1297 681 1360 restituto
703 1297 803 1358 sancti
818 1295 957 1358 doctoris
973 1295 1063 1358 cultu
1158 1335 1165 1342 -

319 1392 440 1469 optime
461 1389 569 1451 meriti
591 1397 676 1451 sunt.
701 1387 764 1452 Sed
785 1389 818 1450 in
832 1389 934 1450 literis
957 1395 1064 1466 paten-

318 1483 404 1544 tibus
424 1499 482 1543 seu
504 1481 694 1544 authenticis
716 1483 831 1544 harum
853 1481 1063 1559 reliquiarum

320 1576 374 1638 ilat
395 1575 516 1638 mentio
542 1575 582 1637 de
610 1576 668 1638 1111
688 1574 817 1654 speciali
845 1574 1062 1648 concessione,

320 1685 380 1731 nec
407 1669 537 1731 nonde
566 1667 783 1749 prohibitione
812 1683 915 1730 arcam
944 1668 1063 1730 iterum

319 1763 495 1842 aperiendi.

361 1854 515 1919 Omnibus
544 1857 587 1918 ita
616 1855 778 1935 dispositis
800 1855 836 1918 ad
864 1861 952 1917 actus
980 1869 1065 1918 com-

321 1948 523 2027 plementum
545 1965 648 2012 arcam
670 1949 736 2011 suis
757 1949 857 2026 signis
886 1947 1066 2026 obsignabit

320 2042 614 2105 reverendissimus
626 2041 812 2122 Episcopus,
828 2048 860 2104 et
874 2042 925 2104 die
942 2041 1066 2103 ethera

319 2135 382 2197 sibi
413 2135 565 2198 beneuisa
590 2135 672 2198 banc
704 2151 808 2198 arcam
837 2136 870 2198 in
900 2135 1066 2198 ecclesiam

321 2227 497 2290 transferre
520 2228 610 2290 iaciat
632 2228 747 2290 eodem
769 2229 876 2300 modo,
893 2243 957 2305 quo
972 2243 1067 2306 supra

1335 1390 1521 1458 venerabilis
1543 1391 1654 1468 trater,

1154 1482 1282 1550 salutern
1304 1489 1336 1550 et
1357 1483 1557 1566 apostolicam
1585 1483 1834 1550 benedictionem.

1160 1672 1179 1746 ᾖ
1203 1671 1229 1732 1.
1258 1671 1417 1734 Pastorale
1447 1671 1586 1736 officium
1615 1671 1707 1734 nobis
1736 1688 1776 1733 err
1804 1671 1868 1732 alto

1122 1763 1331 1826 commissum
1363 1765 1444 1826 nihil
1477 1781 1535 1826 nos
1567 1764 1668 1842 magis
1700 1763 1866 1836 sollicitat,

1122 1871 1218 1934 quam
1240 1857 1513 1930 christifidelibus,
1530 1863 1567 1917 ut
1588 1857 1621 1918 in
1635 1857 1720 1918 uiam
1742 1856 1869 1918 manda-

1123 1959 1230 2014 torum
1252 1951 1309 2012 bei
1330 1951 1521 2028 dirigantur,
1538 1957 1632 2026 atque
1654 1951 1692 2011 ad
1706 1957 1869 2012 aeternam

1122 2045 1260 2107 salutern
1282 2044 1461 2106 animarum
1484 2059 1615 2106 suarum
1638 2043 1869 2121 assequendam

1124 2137 1312 2218 opportunis
1344 2137 1509 2216 praesidiis
1539 2137 1750 2209 adiuventur,
1782 2136 1870 2198 omni

1124 2247 1187 2308 quo
1209 2247 1282 2293 curn
1295 2231 1360 2294 Deo
1373 2246 1543 2310 possumus
1564 2229 1671 2292 studio
1686 2229 1868 2308 providere.

256 2299 289 2352 ⁰
320 2320 442 2383 dictum
465 2319 535 2394 luit,
558 2327 595 2384 ut
616 2321 761 2400 publicae
789 2321 991 2384 venerationi
1014 2337 1067 2384 ox·
1123 2323 1227 2397 Quum
1249 2323 1349 2402 igitur
1370 2324 1408 2386 ad
1429 2322 1609 2384 Catholicae
1631 2321 1799 2400 religionis
1815 2312 1870 2382 bo-

319 2420 469 2490 ponatur.

361 2505 406 2566 lle
428 2507 577 2568 omnibus
594 2513 626 2570 et
639 2507 776 2586 singulis
797 2508 840 2568 ita
861 2508 996 2586 peractis
1011 2523 1067 2586 pu·

322 2597 444 2660 blicam
466 2599 720 2662 instrumentum
742 2600 938 2674 conficiatur,
955 2600 989 2662 in
1003 2616 1067 2678 quo

321 2691 430 2754 omnia
451 2699 484 2755 et
504 2693 631 2770 singula
659 2693 905 2770 diligentissime
930 2694 994 2755 sint
1015 2695 1068 2756 de·

319 2785 449 2863 scripta,
473 2787 563 2848 cuius
586 2786 752 2864 exemplar
773 2787 811 2850 ad
832 2802 996 2849 sacrorum
1018 2786 1068 2848 lii-

323 2884 417 2940 tunm
433 2880 719 2956 congregationem
736 2880 866 2942 mittere
881 2879 1004 2942 curabit
1018 2896 1067 2942 re-

320 2971 577 3034 verendissimus
600 2971 786 3051 Episcopus.

361 3063 503 3136 Caetera,
535 3064 561 3124 si
591 3079 653 3142 qua
682 3065 857 3128 desiderari
885 3065 1066 3140 uideantur,

321 3157 589 3220 commendantur
610 3156 754 3230 arbitrio,
778 3158 929 3236 religioni
948 3164 981 3221 et
995 3175 1068 3237 pru-

321 3249 449 3311 dentiae
471 3250 734 3314 reverendissimi
749 3251 907 3330 Episcopi,
923 3252 963 3314 de
978 3251 1068 3314 cuius

321 3342 478 3416 doctrina,
501 3343 688 3421 integritate
705 3351 738 3406 et
758 3343 821 3407 tide
844 3343 1069 3407 Sanctissimus

321 3433 478 3497 Dominus
490 3443 600 3500 noster
612 3437 790 3516 plurimum
802 3437 835 3500 in
847 3437 983 3500 Domino
995 3454 1069 3500 con·

322 3527 403 3589 nuit.

464 3675 502 3742 v.
526 3677 694 3742 Pescetelli
715 3679 790 3742 fidei
812 3687 979 3758 promotor
1001 3679 1027 3742 l.

520 3809 556 3874 G.
581 3811 681 3874 Fatati
704 3810 735 3874 S.
759 3811 794 3875 ll.
818 3811 853 3876 G.
877 3812 1069 3876 secretarius

365 3995 447 4059 llaec
478 3997 684 4060 concedimus
717 4003 811 4074 atque
843 3997 1067 4075 indulgemus,

323 4089 548 4168 praecipimus,
565 4095 598 4152 et
612 4089 810 4162 mandamus,
835 4106 899 4152 non
921 4089 1071 4152 obstanti·

323 4181 385 4244 bus
406 4182 554 4261 praelatis
575 4181 740 4246 Benedicti
763 4181 829 4244 lllll
851 4181 965 4256 literis,
989 4183 1071 4244 aliis-

325 4289 389 4352 que
404 4273 602 4352 quibuslibet
623 4273 759 4338 aliorum
775 4274 871 4336 etiam
887 4277 1071 4354 praedeces-

323 4383 436 4429 sorum
458 4374 645 4430 nostrorum
665 4366 856 4441 interdictis,
873 4368 1071 4446 caeterisque

327 4461 475 4522 omnibus
503 4461 536 4522 in
565 4459 763 4523 contrarium
792 4459 980 4523 iacientibus
1003 4462 1072 4538 qui-

324 4551 537 4632 buscnmque.

366 4645 481 4707 Datum
504 4645 633 4718 Romae,
657 4646 739 4724 apud
752 4645 783 4708 S.
798 4645 928 4708 Petrum
941 4645 1001 4706 sub
1019 4661 1072 4707 an-

328 4737 406 4799 nulo
428 4738 538 4800 Piscat.
563 4739 614 4802 die
636 4755 707 4800 11111.
732 4738 813 4800 lebr.
832 4754 1070 4812 uocccxxxru,

327 4831 528 4909 pontificatus
551 4831 654 4893 nostri
674 4847 757 4893 anuo
779 4837 827 4892 111.

654 5527 746 5593 XLV.

331 5767 484 5852 Episcopo
513 5766 715 5850 alotifcllensi
747 5774 776 5831 et
798 5763 966 5830 Bomboini
990 5765 1076 5827 Vico-

369 5865 419 5926 rio
434 5863 611 5944 Apostolico
626 5861 795 5932 committit
808 5859 943 5922 interimi
958 5857 1077 5921 Vicorii

370 5955 542 6037 Apostolict'
563 5953 810 6034 Madrospctani
830 5969 958 6014 1111111.

1124 2432 1202 2478 num
1218 2417 1251 2478 in
1267 2416 1344 2478 locis
1361 2416 1614 2494 bladraspatanae
1635 2413 1781 2476 missioni
1796 2413 1869 2475 sub-

1124 2510 1213 2572 iectis
1242 2509 1398 2572 stabiliter
1427 2499 1676 2587 procurandum,
1704 2507 1745 2570 de
1772 2521 1870 2568 vene-

1125 2602 1275 2664 rabilium
1291 2602 1426 2664 fratrum
1443 2608 1629 2663 nostrorum
1645 2599 1677 2662 S.
1691 2599 1726 2661 lt.
1743 2597 1779 2660 Ε.
1797 2597 1870 2660 Gar·

1125 2695 1279 2758 dinalium
1312 2695 1451 2772 negotiis
1484 2695 1523 2756 de
1555 2693 1758 2772 Propaganda
1793 2691 1870 2753 Fide

1124 2789 1381 2868 praepositorum
1403 2787 1551 2858 consilio,
1575 2790 1771 2848 memoratae
1796 2784 1871 2846 mis-

1125 2882 1224 2944 sionis
1245 2881 1395 2960 regimen
1423 2879 1549 2942 Vicario
1570 2878 1743 2958 apostolico
1764 2876 1870 2938 111111-

1124 2983 1212 3038 ctere
1235 2973 1405 3052 episcopali
1430 2972 1584 3050 insignito
1603 2968 1870 3034 committendum

1125 3067 1359 3138 censuerimus,
1374 3081 1432 3128 nos
1454 3065 1493 3128 de
1516 3071 1569 3126 tua
1591 3064 1665 3136 tide,
1688 3061 1868 3142 prudentia,

1125 3161 1321 3238 integritate,
1352 3159 1506 3230 doctrina,
1530 3163 1562 3220 et
1589 3156 1769 3220 Catholicae
1797 3154 1871 3216 reli-

1126 3255 1229 3332 gionis
1262 3253 1333 3314 zelo
1365 3251 1640 3330 quamplurimum
1669 3250 1702 3310 in
1734 3248 1870 3310 Domino

1124 3347 1246 3418 contisi,
1270 3346 1310 3408 de
1331 3345 1522 3408 eorumdem
1549 3342 1784 3406 venerabilium
1811 3341 1871 3402 lra-

1125 3445 1212 3501 trum
1236 3444 1422 3501 nostrorum
1439 3435 1583 3508 oonsilio,
1600 3433 1786 3496 huiusmodi
1801 3449 1870 3495 mu-

1126 3549 1187 3595 nus
1209 3531 1266 3594 tibi
1288 3529 1521 3594 conterendum
1544 3527 1810 3599 existimavimus,
1835 3542 1871 3587 ea

1125 3641 1181 3705 spe
1197 3625 1282 3697 ireti,
1299 3630 1335 3686 ut
1349 3621 1506 3700 singulari
1521 3627 1574 3683 tua
1589 3619 1765 3697 diligentia,
1783 3635 1869 3690 cura,

1125 3718 1231 3780 studio
1252 3723 1285 3779 et
1305 3715 1467 3778 rerumad
1488 3713 1575 3775 illam
1597 3712 1785 3774 missionem
1800 3726 1872 3790 per·

1125 3811 1299 3874 tinentiunt
1328 3809 1451 3888 peritia,
1483 3822 1544 3884 qua
1573 3821 1607 3867 es
1635 3805 1809 3884 praeditus,
1836 3820 1872 3866 ea

1126 3904 1233 3966 onmia
1253 3902 1414 3980 sapienter
1443 3915 1628 3978 comparare
1649 3897 1766 3977 possis,
1790 3912 1872 3975 quae

1127 3997 1164 4059 ad
1186 3995 1352 4075 proprium
1375 3993 1628 4071 bladraspatanae
1650 3991 1812 4053 missionis
1826 3990 1873 4050 vi-

1126 4091 1247 4154 carium
1269 4087 1479 4168 apostolicum
1501 4085 1707 4147 statuendum
1729 4099 1873 4146 necessa·

1127 4184 1172 4246 ria
1187 4189 1220 4244 et
1234 4187 1413 4260 opportuna
1432 4178 1634 4240 videbantur.
1658 4177 1872 4251 Quamobrem

1127 4276 1215 4338 hisce
1237 4273 1340 4337 litoris
1362 4279 1395 4336 te
1416 4270 1636 4334 venerabilem
1658 4269 1792 4333 fratrem
1820 4267 1873 4330 Vi·

1128 4369 1248 4432 carium
1277 4366 1487 4446 apostolicum
1516 4364 1694 4426 interinum
1727 4363 1872 4426 eiusdem

1129 4461 1381 4539 bladraspatanae
1395 4457 1556 4521 missionis
1572 4472 1644 4519 cum
1662 4456 1811 4518 omnibus
1827 4457 1874 4518 iu-

1128 4555 1217 4617 ribus
1240 4561 1273 4615 et
1287 4551 1488 4620 facultatibus
1511 4550 1548 4612 ad
1570 4555 1719 4612 nostrum
1735 4555 1767 4612 et
1782 4548 1872 4612 Sedis

1129 4646 1327 4726 Apostolieae
1349 4643 1585 4722 beneplacitum
1614 4642 1777 4720 eligimus,
1801 4658 1874 4705 con-

1129 4738 1293 4800 stituimus
1309 4743 1341 4800 et
1357 4738 1559 4815 deputamus,
1573 4741 1605 4797 et
1621 4751 1772 4814 expresse
1785 4750 1874 4813 prae·

1028 4911 1031 4918 (
1129 4831 1282 4910 cipimus,
1305 4835 1342 4890 ut
1369 4845 1435 4892 non
1464 4828 1578 4900 modo,
1609 4827 1712 4904 quoad
1740 4827 1833 4888 aliter
1857 4843 1874 4886 a

1129 4923 1161 4986 S.
1186 4923 1268 4986 Sede
1283 4927 1450 4994 statuatur,
1473 4920 1727 4983 iurisdictionem
1744 4934 1874 4981 ornnem

1129 5015 1328 5097 spiritualem
1356 5015 1472 5077 habeas
1494 5029 1551 5093 per
1577 5014 1645 5076 loca
1673 5013 1779 5075 omnia
1800 5013 1875 5074 mis-

1129 5111 1212 5173 sioni
1234 5109 1486 5187 bladraspatanae
1514 5107 1670 5180 subiecta,
1694 5108 1751 5170 sed
1778 5107 1875 5169 etiam

1130 5202 1318 5283 temporalia
1339 5202 1445 5264 omnia
1469 5202 1549 5275 iura,
1572 5201 1802 5279 possessiones,
1818 5200 1875 5262 ho-

1130 5299 1239 5377 spitia,
1267 5295 1435 5368 ecclesiae,
1459 5311 1540 5373 quae
1566 5295 1719 5358 hactenus
1747 5299 1874 5371 patrum

1131 5391 1292 5453 llinorum
1308 5389 1413 5454 Sancti
1427 5387 1585 5452 Francisoi
1600 5387 1874 5466 Gappuccinorum

1131 5483 1292 5546 missionis
1314 5485 1442 5562 propria
1470 5488 1576 5556 erant,
1600 5496 1706 5544 sacrae
1733 5479 1875 5555 Congre-

1133 5576 1269 5656 gationis
1291 5576 1331 5638 de
1352 5576 1555 5656 Propaganda
1583 5573 1659 5636 Fide
1688 5572 1819 5636 nomine
1841 5571 1875 5632 in

1132 5677 1219 5732 tuam
1243 5675 1405 5732 transeant
1429 5673 1637 5747 potestatem,
1660 5667 1875 5728 salvatamen

1132 5778 1261 5841 semper
1283 5762 1317 5825 in
1339 5760 1521 5840 praemissis
1543 5757 1802 5838 congregationis
1824 5774 1876 5820 eo·

1133 5857 1282 5918 rumdam
1304 5853 1519 5917 cardinalium
1531 5852 1729 5914 auctoritate.
1753 5851 1877 5914 blanda·

1134 5963 1206 6011 mus
1236 5951 1405 6025 propterea
1437 5945 1586 6008 omnibus
1614 5951 1647 6006 et
1673 5943 1810 6026 singulis
1838 5944 1877 6008 ad

1897 608 1950 662 An.
1965 609 1995 660 (1.
2017 607 2086 662 1833

1899 1675 1974 1721 Ratio
1988 1675 2014 1719 at
2026 1677 2100 1718 tenor

1887 1727 2064 1773 concessionis.
