1290 1823
589 182 622 194 mn.
634 182 680 193 rowr.
692 181 712 193 uz
723 182 738 193 1².
750 182 764 193 Β.
777 182 818 194 rans
829 177 843 194 1.'

374 211 417 229 laria,
429 215 458 227 nec
469 216 501 227 non
516 212 583 229 clerum,
598 211 675 231 populum
687 215 703 227 ac

372 239 416 254 isque
427 239 475 250 sexus
486 239 567 255 personas,
579 235 677 251 habitatores
688 236 704 250 et

374 262 390 273 as
398 259 430 273 tam
437 258 485 274 laicos
496 262 543 278 quam
551 258 618 274 clericos
625 258 704 278 cuiusque

372 285 395 300 us,
403 281 462 297 ordinis
468 283 485 297 et
490 282 591 300 conditionis,
599 282 618 297 ab
624 282 704 297 ordinaria

372 304 450 323 dictione,
467 306 544 325 potestate
560 309 577 321 ac
590 305 704 325 superioritate

372 332 447 347 caporum
458 328 552 344 Leodiensis
562 330 579 344 et
591 328 704 344 Namurcensis

372 353 445 371 tempore
455 352 559 367 existentium
569 352 644 368 similiter
655 352 704 368 eximi

372 374 429 390 berari.

372 398 385 413 3.
394 398 433 413 Hinc
439 398 517 417 civitates,
525 399 587 419 oppida,
594 399 656 419 aliaque
664 399 703 417 loca.

372 425 409 441 ipra„
418 422 510 441 provinciae
516 422 637 442 Limburgcnsis
645 427 654 438 a
661 422 704 438 dioe-

372 444 453 461 Leodiensi
464 445 486 461 sic
498 445 612 461 dismembrata
620 448 636 461 et
643 446 703 464 avulsa,

372 472 409 484 cum
420 468 497 487 ecclesiis,
504 469 587 489 paroeciis,
596 469 703 489 monasteriis.

373 492 418 510 liciis,
430 492 479 510 clero.
491 492 557 512 populo,
570 493 637 512 aliisque
650 497 704 512 persu-

372 515 405 530 nibi
416 515 529 534 existentibus,
541 520 573 531 uon
585 517 638 531 tamen
650 519 704 531 exem-

376 542 406 554 nec
416 543 449 554 non
460 539 541 558 paroecias
552 541 568 554 et
580 539 610 555 alia
621 539 655 555 toea
662 539 704 555 Lim-

374 562 415 577 ensis
426 562 498 578 eiusdem
510 563 607 582 provinciae.
618 567 677 582 nempe
684 563 704 578 de

372 587 383 603 t,
390 585 410 601 de
418 585 483 604 Sittard‚
490 586 510 601 de
517 585 581 604 Arcem.
590 586 702 604 Herkenhoslt,

372 608 395 627 m,
408 609 488 628 Fegelen.
501 609 563 625 Velden
574 611 590 625 et
601 609 648 628 Well,
663 613 703 629 quac

372 636 407 647 enus
420 632 436 648 vi
450 632 534 648 literarum
551 633 672 653 apostolicarum
687 633 703 648 in

373 655 381 671 a
389 655 444 671 Brevis
452 656 484 671 diei
492 660 536 672 xxiv.
545 656 606 672 decem.
614 660 702 672 nucccxxi.

372 683 393 695 ix.
401 679 436 695 iulii
444 683 539 695 nncccxxn.
546 680 620 700 Episcopi
626 680 704 696 Leodien·

372 707 410 718 urae
417 703 502 718 commissa
507 703 572 719 ruerant
579 705 660 723 tamquam
668 707 704 723 apo-

372 726 382 741 :i
398 726 540 745 administratoris,
555 730 603 746 quem
618 728 704 747 propterea

372 753 386 764 m
397 749 535 765 administratione
550 754 666 769 exoneramus;
678 755 703 770 pa-

374 777 390 788 as
403 773 442 788 item
454 775 470 788 et
484 773 545 789 adnexa
556 773 590 789 loca
604 774 703 793 supradictae

372 796 452 815 ›ui-gensis
458 796 556 816 provinciae,
563 801 621 816 nempe
627 797 647 812 de
653 796 703 812 Affer-

379 819 448 839 Bergen,
457 819 529 839 Gennep,
540 820 602 840 Heyen,
611 820 702 838 Middelaer.

372 847 377 857 ι
388 844 405 858 ot
415 842 502 861 Ottersum,
511 847 552 863 quae
563 843 616 859 dilecti
624 843 653 859 lilii
660 843 704 859 loan-

372 865 446 882 iiermans
463 866 596 882 administrationi
610 867 642 882 huc
653 871 703 886 usque

372 891 387 905 ta
401 889 473 908 fuerunt,
489 894 538 909 quem
551 890 632 908 similiter,
644 891 703 906 attenta

372 913 375 928 1
381 915 432 929 aetate
438 915 454 929 et
459 913 523 929 infirma
529 913 627 932 valetudiue,
634 914 653 929 ab
659 914 704 929 omni

373 936 471 952 nistrationis
483 941 533 952 onere
545 937 624 952 solvimus
637 941 654 953 ac
665 937 704 953 libe-

372 964 393 978 is;
405 960 432 975 has
443 964 499 976 omnes
514 960 591 978 civitates,
605 962 665 979 terras,
677 965 704 981 op-

383 983 416 999 loca
427 985 444 999 et
454 983 535 1003 paroecias
546 984 562 999 in
575 988 626 1000 unum
637 984 704 1000 coniun-

372 1011 392 1025 es,
399 1007 493 1022 vicariatum
504 1007 610 1027 apostolicum
620 1008 704 1023 constitui-

380 1030 516 1050 Limhurgensem
524 1031 540 1046 in
549 1032 632 1050 posterum
643 1035 704 1047 nuncu-

372 1057 405 1071 um,
418 1055 434 1069 et
445 1054 464 1069 ad
475 1053 594 1074 beneplacitum
604 1054 703 1074 Apostolicae

372 1081 375 1092 1
381 1081 429 1093 curae
435 1078 451 1093 et
456 1077 591 1093 administrationi
597 1077 656 1093 Vicarii
663 1078 704 1097 Apo-

372 1100 382 1116 :i
390 1105 398 1116 a
406 1100 451 1116 nobis
463 1100 535 1120 eligendi
542 1105 559 1116 ac
567 1101 654 1121 deputandi
662 1105 704 1117 com-

372 1124 428 1139 indum
439 1125 455 1139 et
465 1124 617 1140 commendandum.

372 1152 381 1163 1.
389 1147 463 1163 Cametas
470 1149 524 1163 autem
532 1147 612 1167 paroecias
620 1149 636 1163 et
644 1148 704 1164 adnexa

374 1171 393 1186 ad
400 1171 494 1186 vicariatum
502 1171 589 1191 supradicti
597 1171 660 1187 Ioannis
666 1171 705 1187 fler-

372 1199 375 1209 i
387 1194 521 1210 administrationi
532 1194 611 1210 creditum
622 1195 704 1214 pertinen-

372 1222 395 1233 1113
403 1219 419 1233 et
427 1217 509 1233 vicariatui
516 1217 608 1238 apostolico.
616 1218 655 1234 olim
662 1218 704 1234 dioe-

377 1241 494 1257 Buscoducensi
502 1241 604 1261 adiungimus
612 1243 660 1261 atque
668 1242 704 1257 sub-

373 1268 397 1280 us.
409 1264 430 1280 Ut
440 1268 480 1280 vero
487 1265 536 1280 satius
546 1265 613 1281 huiusce
619 1265 704 1281 vicariatus

374 1288 474 1308 inscriptioni
485 1288 596 1308 limitibusque
604 1288 635 1304 rite
643 1289 704 1308 prospi-

372 1316 395 1330 us,
406 1312 488 1331 perspecta
497 1311 599 1328 districtuum
606 1312 704 1328 Ravenstein

375 1339 416 1355 egen
429 1335 517 1355 positione,
531 1335 560 1351 lios
573 1339 638 1355 quoque
651 1335 704 1351 distri-

378 1362 448 1378 quorum
459 1358 525 1374 interim
536 1359 604 1375 dilectus
612 1359 655 1375 filius
663 1359 703 1375 Hen-

383 1382 447 1398 vander
455 1382 517 1398 Velden
525 1387 533 1398 a
539 1382 584 1398 nobis
592 1383 703 1398 demandatam

372 1410 384 1421 n
395 1406 450 1425 gessit,
458 1406 535 1425 regimini
545 1410 563 1421 aa
573 1406 653 1426 spirituali
663 1406 703 1422 eius-

376 1429 461 1445 vicariatus
468 1429 595 1445 Buscoducensis
603 1430 703 1445 administra<

383 1452 489 1468 iurisdictioni
504 1453 585 1469 adiicimus
600 1455 647 1472 atque
660 1457 703 1469 com-

373 1480 414 1492 mus.
426 1476 512 1492 Ecclesiam
520 1476 559 1492 item
570 1477 678 1492 succursalem
686 1481 703 1492 ac

374 1503 390 1515 m
404 1500 494 1519 respective
505 1500 524 1515 de
538 1500 650 1520 Luiks-gestel
665 1504 702 1516 cum

375 1523 441 1538 adnexis
456 1523 497 1539 intra
512 1523 571 1539 limites
585 1524 668 1539 Barbantis
679 1528 702 1539 sc·

731 212 848 231 ptemtrionalis
859 212 950 232 provinciae
963 212 1036 231 positam,
1049 211 1112 227 iisdem

732 235 751 250 de
762 235 813 251 causis
826 239 843 251 ac
858 237 903 251 motu
914 239 923 250 a
937 235 1006 251 dioecesi
1021 234 1113 251 Leodiensi

732 258 824 274 divellimus
835 260 883 278 atque
891 258 998 278 seiungimus.
1007 262 1079 278 eamque
1087 258 1113 273 in-

732 283 756 297 tra
767 282 852 298 vicariatus
863 282 945 302 apostolici
954 281 1085 298 Buscoducensis
1093 281 1112 297 11-

732 305 779 321 mites
790 305 874 324 inclusam,
887 305 959 321 eiusdem
972 305 1113 321 administratoris

732 333 779 344 curae
791 329 864 344 traditam
875 333 892 344 ac
900 328 988 344 subiectam
996 333 1030 344 esse
1037 328 1111 344 declara-

732 356 773 368 mus.
785 352 798 368 Ε
812 354 867 368 contra
883 357 891 368 a
902 352 944 368 dicto
957 352 1033 368 vicariatu
1044 353 1113 371 aposto-

732 375 762 391 lico
776 375 909 391 dismembratum
923 375 1048 394 seiunctumque
1065 375 1114 394 oppi-

732 399 770 414 dum
782 403 810 414 seu
824 399 956 414 communitatem
971 399 991 414 de
1005 398 1082 414 Lommel
1094 398 1113 413 in

732 423 750 437 ea
761 422 852 442 provinciae
865 422 987 442 Limhurgensis
1002 424 1053 442 parte,
1067 425 1113 441 quae

732 445 831 461 serenissimi
848 445 934 465 Belgarum
952 445 1000 465 Regis
1016 445 1113 461 auctoritati

732 469 792 487 subest,
808 469 892 484 Leodiensi
906 469 976 485 dioecesi
990 469 1058 488 eiusque
1073 468 1113 488 Epi-

732 496 780 512 scopo
790 496 820 512 pro
831 494 904 512 tempore
911 492 987 508 existenti
998 492 1085 508 adjicimus
1095 493 1113 507 et

732 516 815 531 tradimus.

751 539 761 558 ἓ
771 539 786 554 5.
798 539 851 558 Quoad
862 540 934 555 civitates
945 543 991 558 vero,
1003 539 1066 559 oppida.
1077 541 1112 554 ter-

732 566 762 580 ras.
774 562 836 582 aliaque
851 563 884 578 loca
899 563 990 582 provinciae
1005 562 1112 578 Luxembur-

732 586 791 605 gensis,
803 590 834 601 una
845 590 881 602 cum
893 586 968 602 omnihus
976 588 992 601 et
1003 586 1074 605 singulis
1083 590 1112 601 eo*

732 613 768 625 rum
779 610 845 625 adnexis
856 610 950 629 cunctisque
963 610 1035 629 personis
1046 609 1111 625 ibidem

731 633 874 651 commorantibus,
881 638 889 649 a
896 633 964 649 dioecesi
971 633 1084 651 Namurcensi,
1093 635 1113 648 ut

731 661 785 676 supra,
801 657 856 675 divisa,
869 657 923 672 avulsa
936 658 952 672 et
965 657 1050 675 subtracta,
1064 656 1112 672 uniri

731 682 779 700 atque
786 680 849 696 adnecti
856 680 874 696 ad
881 680 999 700 heneplacitum
1008 682 1073 696 tantum
1082 684 1112 695 no-

731 705 784 719 strum
790 706 807 719 et
814 704 913 723 Apostolicae
920 703 965 719 Sedis
973 703 1058 719 Vicariatui
1067 703 1112 723 Apo-

731 727 788 743 stolico
803 727 943 746 Luxemburgensi
957 727 975 742 ad
989 727 1054 742 interim
1072 731 1112 742 con>

731 751 787 766 stituto
795 755 837 766 anno
845 754 967 768 nncccxxxnr.,
979 750 1019 766 adeo
1026 752 1045 765 ut
1050 750 1111 765 eadem

731 774 765 790 loca
773 776 789 790 et
797 778 880 794 personae,
889 778 921 789 non
929 778 969 789 vero
977 775 1068 793 exemptae,
1078 773 1111 793 spi-

731 797 785 813 rituali
796 797 854 813 Vicarii
862 796 949 817 Apostolici
957 796 1111 816 Luxemburgensis

731 820 748 836 in
759 822 833 840 tempore
844 820 933 839 existentis.
946 822 964 836 ut
974 824 1027 840 supra,
1039 820 1111 836 admini-

731 844 810 862 strationi,
822 844 898 863 quamdiu
913 843 1013 863 Apostolicae
1026 843 1062 859 Sedi
1076 843 1110 863 pia-

731 868 788 885 cuerit.
797 868 864 883 omnino
874 867 943 883 subsint:

751 891 761 910 ἓ
771 890 786 906 6,
799 891 869 906 Tandem
880 892 898 906 ut
912 890 965 906 omnia
976 892 993 906 et
1002 891 1065 910 singula
1082 895 1110 906 su-

732 915 785 934 perius
796 915 854 930 sancita
865 918 913 930 suum
924 914 1013 930 sortiantur
1024 915 1108 932 effectum.

1128 177 1155 190 Δ11.
1162 178 1176 191 c.
1187 179 1215 192 1540

1149 543 1180 555 idem

1143 893 1210 904 exer-mrem

1119 909 1139 921 ap,
1148 907 1188 918 smum

731 938 748 954 in
759 940 877 957 exequutornm
886 938 1010 957 apostolicarum
1021 938 1109 953 literarum
1119 953 1121 955 .

731 962 827 981 deputamus
833 961 910 977 dilectum
918 961 970 977 filium
978 957 1066 977 Antonium
1076 961 1109 977 An-

731 985 794 1000 tonucci
801 985 885 1001 Gestorem
893 985 997 1004 negotiorum
1005 984 1071 1000 Sanctae
1081 985 1109 1000 Se-

731 1008 755 1024 dis
761 1008 803 1028 apud
808 1010 916 1024 memoratum
921 1008 1043 1024 serenissimum
1048 1008 1108 1027 Belgii.

731 1032 782 1051 vulgo
793 1031 868 1047 de'Paeui
878 1031 930 1049 Bassi,
939 1035 1001 1051 regem.
1010 1036 1027 1047 ac
1037 1031 1109 1047 vice-su-

731 1055 813 1075 periorem
824 1055 868 1071 illius
875 1055 922 1074 regni
930 1055 1031 1075 missionum.
1040 1059 1077 1071 cum
1087 1055 1109 1070 {a-

731 1078 817 1094 cultatibus
833 1078 926 1094 necessariis
937 1080 954 1094 et
968 1078 1071 1098 opportunis.
1090 1080 1109 1094 ut

732 1106 761 1122 per
771 1106 789 1118 se
800 1102 853 1122 ipsum
864 1102 891 1117 vel
902 1106 930 1121 per
938 1102 985 1117 aliam
997 1105 1083 1121 personam
1091 1101 1109 1117 in

732 1125 836 1141 ecclesiastica
844 1125 921 1144 dignitate
929 1125 1037 1143 constitutam,
1045 1125 1064 1141 ab
1072 1125 1109 1145 ipso

731 1149 872 1168 suhdelegandam,
882 1149 935 1164 omnia
942 1150 1013 1164 statuere
1024 1153 1041 1164 ac
1052 1149 1108 1165 decer-

732 1176 771 1188 nere
779 1172 836 1190 valeat,
844 1174 862 1188 ut
870 1176 910 1191 quae
917 1172 991 1192 superius
999 1172 1062 1188 decreta
1068 1174 1109 1188 sunt

732 1195 750 1211 ad
761 1195 824 1211 exitum
834 1195 916 1211 cumulate
929 1195 1046 1215 perducantur,
1058 1197 1108 1215 atque

732 1219 779 1234 etiam
787 1223 824 1234 curn
832 1218 906 1237 facultate
913 1219 966 1234 eidem
973 1219 1070 1238 exequutori
1077 1223 1107 1235 seu

732 1242 766 1258 eius
777 1242 882 1261 subdelegato
894 1242 976 1258 definitive
989 1242 1106 1262 pronunciandi

731 1270 780 1285 super
797 1269 898 1285 quacumque
911 1266 1013 1285 oppositione
1028 1266 1107 1282 adversus

732 1289 811 1309 praedicta
828 1289 951 1308 quomodolibet
965 1289 1031 1305 oritura.
1049 1289 1105 1305 Eidem

731 1312 797 1332 insuper
808 1312 905 1332 exequutori
911 1312 1026 1332 obligationem
1037 1313 1106 1332 imponi-

731 1340 773 1354 muS,
786 1336 859 1352 distincte
870 1340 887 1352 ac
897 1336 992 1356 singillatim
1004 1336 1106 1352 describendi

731 1360 748 1375 in
759 1360 824 1376 decreto
836 1360 939 1375 executoriaii
950 1360 969 1375 ab
980 1360 1015 1380 ipso
1026 1360 1106 1376 exarando

731 1383 784 1399 omnia
796 1383 858 1403 oppida.
867 1385 923 1402 terras,
932 1383 1010 1402 civitates,
1018 1383 1104 1403 paroecias,

724 1407 793 1427 *aliaque
808 1407 841 1423 loca
856 1407 908 1426 Magni
923 1407 992 1423 Ducatus
1005 1407 1105 1423 Luxembur-

732 1431 784 1450 gensis
792 1435 810 1446 ac
817 1430 908 1451 provinciae
917 1430 1039 1450 Limburgensis
1046 1435 1054 1446 a
1062 1431 1105 1446 dioe-

731 1454 794 1469 cesibus
805 1454 890 1469 Leodiensi
901 1455 917 1469 et
928 1454 1038 1472 Namurcensi.
1051 1456 1069 1470 ut
1079 1458 1105 1469 su-

732 1481 764 1496 pra,
772 1479 869 1497 perpetuum
877 1477 893 1493 in
902 1477 968 1493 modum
977 1477 1104 1493 ‹tismembranda

731 1502 747 1516 et
758 1500 847 1519 avellenda,
859 1502 907 1520 atque
921 1501 1022 1516 vicariatibus
1036 1501 1104 1516 Luxem-

731 1524 808 1543 burgensi
819 1526 835 1539 et
846 1524 965 1544 Limhurgensi.
974 1526 992 1540 ut
1003 1529 1056 1545 supra,
1068 1529 1104 1540 con-
