4822 6986
103 2111 139 2153 ite
160 2107 300 2172 suffragio·

76 2175 134 2207 rum
158 2167 301 2216 cogniton-

77 2216 134 2261 bus.

103 3608 168 3663 Quid
185 3620 213 3655 eo
227 3615 301 3664 agan·

88 3664 150 3709 dnm
166 3665 210 3710 stt
234 3667 301 3710 tcm-

87 3728 154 3775 pore.

924 549 1100 616 babeamus
1120 551 1172 615 aa.
1195 551 1261 616 x'vi.

319 677 469 765 suffragia
490 677 612 750 notabit
633 693 665 750 et
685 681 808 750 litteras
830 689 867 751 ad
890 703 1065 767 congrega-

319 782 441 844 tionem
474 781 609 846 directas
638 797 745 843 coram
778 782 927 845 omnibus
957 783 1063 860 leget3

317 891 419 938 unum
454 881 619 955 praeterea
649 875 833 949 aedituum,
869 876 924 953 qni
955 891 1065 938 curam

319 967 449 1031 habebit
477 967 602 1042 sacelli,
633 968 688 1031 uhi
709 969 917 1047 congregatio
940 970 1006 1042 liet,
1035 975 1067 1031 et

318 1079 421 1126 unum
443 1063 625 1135 ianitorem,
639 1064 694 1141 qui
715 1070 822 1142 portas
845 1065 1067 1142 congregatio-

319 1155 368 1217 nis
391 1156 584 1219 observabit.
615 1157 653 1218 Hi
675 1172 754 1219 vero
784 1173 914 1230 omnes,
939 1165 1066 1237 praeter

319 1247 463 1313 abbatem
487 1251 723 1330 supradictum,
747 1253 844 1324 idest,
868 1252 1065 1326 confessarii,

319 1345 433 1418 scriba,
450 1345 597 1424 aedituus
613 1351 646 1408 et
658 1345 787 1419 ianitor,
806 1346 925 1408 debent
940 1362 1011 1409 esse
1027 1362 1067 1409 ex

319 1453 434 1500 eorum
456 1455 604 1512 numero,
623 1439 678 1518 qui
693 1440 844 1519 sutfragia
865 1457 930 1502 non
949 1440 1068 1503 habent

318 1531 352 1594 in
367 1534 629 1612 congregatione.
646 1535 785 1612 Reliqua
798 1541 906 1597 autem
921 1534 1068 1597 coenobii

319 1627 497 1690 ministeria
518 1635 582 1691 tam
603 1629 636 1690 in
658 1628 791 1690 ecclesia
813 1627 954 1706 quamin
969 1627 1068 1690 choro

319 1727 352 1784 et
372 1721 545 1784 refectorio
561 1738 619 1802 per
633 1722 779 1785 eiusdem
795 1721 941 1785 coenobii
960 1738 1068 1804 mona·

319 1814 395 1878 chos
415 1815 589 1895 diligenter
605 1817 772 1890 obeantur,
790 1833 832 1878 ne
847 1817 1068 1894 congregatio-

319 1911 368 1972 nis
392 1917 560 1991 praetextu
576 1911 751 1990 quidquam
764 1927 801 1974 ex
819 1912 961 1990 regulari
977 1912 1068 1975 disei-

319 2004 405 2082 plina
427 2007 605 2068 omittatur.

359 2115 404 2160 ιιι.
428 2099 510 2161 Cum
532 2099 599 2162 dies
622 2099 779 2178 assignata
800 2101 978 2174 advenerit,
1002 2117 1067 2162 non

320 2192 466 2255 obstante
493 2193 727 2271 cuiuscumque
754 2193 909 2266 absentia,
934 2209 1068 2270 congre-

320 2287 404 2364 gatio
416 2286 596 2366 incipiatur.
620 2287 812 2365 cognitores
827 2294 934 2350 autem
957 2288 1068 2350 suflra-

320 2379 449 2457 giorum
465 2387 554 2443 sunt:
581 2399 602 2442 1.
620 2380 725 2444 hbbas
743 2381 921 2459 generalis3
937 2398 972 2442 ιι.
989 2380 1068 2455 Qua·

320 2479 394 2536 tuor
425 2475 622 2551 hegumeni3
650 2491 699 2537 111.
728 2474 799 2538 Duo
831 2491 871 2538 ex
902 2474 1088 2548 monachis,

319 2565 586 2646 Congregationis
608 2586 624 2630 a
650 2569 879 2632 communitate
907 2569 1067 2632 vocalium

320 2661 425 2735 electi,
442 2663 631 2740 inquorum
654 2669 762 2726 tamen
780 2663 939 2727 electione
961 2678 1067 2742 neque

320 2755 413 2819 abbas
437 2755 596 2836 generalis
619 2773 725 2836 neque
753 2758 930 2836 hegumeni
953 2773 1066 2820 rocem

319 2849 495 2913 habebunt.

84 2950 301 3048 dugfigfflggffi
359 2961 392 3006 x.
416 2944 632 3023 congregatio
661 2947 821 3024 generalis
853 2964 911 3026 per
943 2954 1066 3027 septem

81 3055 243 3155 musterus
261 3067 301 3111 ge·
320 3040 388 3101 dies
410 3040 547 3102 durabit.
572 3039 714 3119 Singulis
727 3047 834 3104 autem
857 3041 981 3115 diebus,
998 3049 1070 3132 post

320 3141 441 3197 cantata
460 3134 566 3197 divina
582 3135 681 3198 oiiicia
697 3143 729 3198 et
743 3136 935 3199 celebratam
948 3153 1068 3200 sacram

320 3229 497 3306 liturgiam,
521 3229 713 3292 scrutinium
736 3231 802 3304 fiet,
820 3231 872 3293 cui
894 3231 1069 3309 praemitti-

319 3332 374 3389 tur
395 3341 503 3390 sermo
534 3327 753 3404 paraeneticus
776 3326 813 3389 ab
835 3327 947 3390 abbate
972 3343 1069 3405 gene·

320 3419 390 3492 rali,
414 3420 542 3483 autulio
558 3421 719 3499 quopiam,
736 3421 773 3482 ad
789 3428 986 3484 conventum
1002 3437 1069 3483 mo·

320 3515 498 3576 nachorum
520 3530 579 3595 per
600 3515 810 3578 semihoram.

361 3623 405 3669 ιιι.
430 3607 464 3671 in
486 3607 591 3686 primo
615 3609 732 3680 triduo,
754 3607 881 3671 Ordinis
902 3616 1021 3672 statum
1038 3627 1070 3672 e-

320 3701 497 3776 xaminent,
525 3701 704 3780 seduloque
733 3703 920 3780 explorent,
945 3703 1070 3783 siquid

321 3795 537 3875 supplendum
553 3801 605 3858 aut
617 3796 828 3858 resecandum
844 3797 895 3859 sit.
913 3796 1071 3876 Singulis-

322 3905 385 3969 que
397 3890 607 3970 permittitur,
621 3891 849 3969 quodcumque
863 3893 946 3971 apud
961 3909 995 3956 se
1011 3899 1071 3956 sta-

321 3984 444 4048 tuerint
465 4000 643 4063 suggerere
666 3985 769 4048 abbati
785 3986 929 4063 generali
947 3995 1000 4050 aut
1017 3989 1072 4050 he-

323 4079 484 4156 gumenis,
509 4079 565 4157 qui
586 4079 820 4142 monachorum
845 4082 1071 4159 suggestiones

321 4173 356 4236 in
377 4173 647 4236 commentarium
669 4173 785 4236 relatas
807 4191 914 4238 coram
937 4193 1072 4255 congre·

323 4268 451 4346 gatione
462 4267 655 4330 recitabunt.
671 4267 805 4329 interim
817 4267 996 4346 hegumeni
1008 4271 1072 4333 ius-

322 4378 360 4425 su
382 4361 502 4424 abbatis
528 4360 716 4440 generalisa
731 4363 1005 4426 monasteriorum
1020 4364 1072 4427 ah·

321 4455 447 4518 batibus
469 4462 587 4518 statum
600 4461 633 4518 et
646 4456 787 4518 rationes
810 4457 941 4534 exigant
962 4457 1071 4536 singu-

322 4549 430 4612 lorum
451 4550 735 4624 monasteriorum,
759 4566 876 4629 easque
897 4551 931 4614 in
953 4552 1072 4615 tabula-

322 4645 408 4706 rium
441 4645 540 4707 totius
569 4642 696 4708 Ordinis
727 4645 931 4721 referendas,
966 4647 1072 4710 eidem

324 4736 467 4814 generali
483 4737 586 4800 abbati
602 4739 787 4802 exhibeant.
803 4738 918 4813 Quarta
935 4740 985 4802 die
1001 4756 1073 4819 pro·

323 4832 447 4895 ceditur
463 4833 501 4895 ad
513 4833 705 4896 electionem
721 4833 841 4896 abbatis
865 4834 1025 4912 generalis
1041 4841 1074 4896 et

323 4926 597 5006 hegumenorum,
611 4933 648 4990 ut
662 4927 761 5004 inlra3
784 4929 810 4990 si
832 4936 938 4991 autem
954 4945 1020 4990 non
1033 4929 1072 4990 ob

324 5021 516 5084 electionem
538 5021 756 5100 superiorum,
770 5023 827 5086 sed
840 5023 879 5086 ob
894 5023 987 5085 aliam
1003 5039 1073 5086 cau-

324 5131 391 5177 sam
413 5122 518 5178 coacta
533 5115 632 5178 luerit
646 5117 865 5194 congregatio,
883 5117 922 5181 de
943 5117 996 5180 illa
1013 5123 1074 5180 tra·

324 5209 471 5272 ctabitur.
497 5209 611 5272 Tribus
634 5212 806 5289 postremis
832 5211 943 5276 diebus
965 5229 1074 5276 mona-

324 5303 460 5366 chornm
483 5319 594 5366 causae
623 5304 793 5378 finiantur,
818 5322 997 5385 eorumque
1020 5324 1073 5387 po·

325 5397 450 5460 stulatis
476 5398 617 5471 satisfiat,
642 5404 675 5460 et
695 5398 722 5458 si
744 5399 820 5476 quid
842 5407 952 5462 eontra
967 5417 1073 5478 regu-

325 5493 400 5566 lam,
414 5493 671 5566 constitutiones,
689 5493 740 5556 rel
755 5496 1003 5559 consuetudines
1019 5493 1074 5558 Or-

326 5587 408 5650 dinis
430 5595 595 5668 peceatum
617 5595 675 5662 est,
700 5589 891 5666 corrigatur.

365 5699 423 5744 rur.
449 5680 592 5760 Septimo
615 5683 677 5756 die,
702 5688 871 5761 postquam
899 5697 1074 5762 congrega·

327 5772 371 5838 iio
393 5776 561 5854 terminata
591 5781 649 5848 est,
678 5777 749 5839 dato
777 5777 871 5854 signo
893 5795 909 5838 a
932 5777 1075 5855 generali

327 5869 449 5942 abbate,
473 5869 635 5948 aperiatur
656 5875 762 5948 porta,
786 5871 866 5932 itaut
891 5871 987 5932 etiam
1009 5887 1074 5933 non

327 5963 453 6026 vocales
475 5965 585 6026 adesse
607 5964 731 6044 possint
752 5971 785 6028 et
809 5965 930 6026 andire.
956 5965 1037 6028 'lum
1059 5983 1075 6027 a

432 6110 483 6156 ier.
503 6110 570 6156 rent.
586 6108 617 6157 de
633 6111 705 6170 Prep.
722 6110 784 6157 Fide
797 6111 878 6158 Partis
892 6113 911 6156 l.
927 6111 979 6160 vol.
996 6113 1021 6157 V.

1792 529 1850 609 iri

1120 688 1223 751 scriba
1251 684 1511 765 congregationis
1537 683 1680 761 legatur:
1706 698 1728 743 ι.
1752 678 1870 742 Tabula

1121 798 1281 846 novorum
1298 779 1491 852 officialium,
1505 796 1521 840 a
1533 779 1597 840 tota
1619 772 1870 852 congregatione

1121 879 1189 942 sive
1211 877 1249 940 ah
1264 876 1376 939 abbate
1392 871 1534 952 generali
1550 879 1582 936 et
1595 867 1790 948 hegumenis
1806 867 1870 930 ele-

1121 979 1265 1044 ctorum,
1292 984 1418 1032 necnon
1447 965 1680 1028 monachorum
1702 961 1740 1024 ad
1762 975 1871 1023 mona-

1121 1067 1236 1138 steria,
1260 1079 1342 1143 quae
1369 1062 1456 1124 idem
1482 1059 1576 1122 abbas
1606 1055 1767 1135 generalis
1789 1053 1870 1118 desi-

1123 1159 1280 1240 gnarerit,
1295 1155 1540 1229 mittendorum3
1555 1169 1589 1214 ιι.
1603 1148 1868 1220 constitutiones

1121 1256 1148 1316 si
1170 1269 1252 1332 quae
1273 1250 1396 1315 luerint
1410 1267 1426 1312 a
1442 1245 1694 1326 congregatione
1715 1242 1870 1318 sancitam

1122 1365 1170 1412 111.
1194 1347 1381 1410 Recitentur
1403 1342 1533 1406 nomina
1549 1339 1782 1402 monachorum
1804 1352 1871 1400 om-

1122 1443 1213 1504 nium
1235 1440 1272 1503 ab
1294 1438 1407 1501 ultima
1433 1433 1684 1514 congregatione
1706 1432 1872 1495 defuncto-

1122 1551 1207 1609 rum,
1230 1541 1268 1596 ut
1289 1549 1347 1613 pro
1362 1531 1400 1594 iis
1417 1529 1566 1593 omnibus
1587 1544 1651 1590 una
1672 1527 1768 1589 missa
1789 1525 1871 1588 sole-

1122 1633 1206 1696 mnis
1229 1630 1430 1704 celebretur3
1454 1645 1496 1690 ιι.
1520 1627 1760 1689 Recenseantur
1776 1623 1871 1687 etiam

1122 1727 1253 1790 nomina
1263 1723 1480 1801 insigniorum
1492 1719 1747 1792 benefactorum,
1761 1718 1872 1780 simui-

1123 1836 1186 1901 que
1202 1835 1315 1883 omnes
1330 1823 1535 1889 moneantur,
1548 1821 1585 1878 ut
1599 1831 1658 1894 pro
1674 1814 1712 1876 iis
1727 1813 1873 1876 sacerdo-

1123 1922 1171 1978 tes
1184 1915 1315 1994 quidem
1334 1928 1432 1976 unam
1455 1912 1584 1974 missam
1600 1907 1777 1981 eelebrent,
1802 1905 1873 1970 laici

1121 2025 1202 2072 vero
1224 2010 1329 2072 dicant
1344 2005 1577 2086 quinquaginta
1592 2002 1690 2067 Peter
1710 2006 1819 2064 noster
1841 2010 1873 2064 et

1123 2101 1336 2175 deciderim
1358 2119 1388 2162 v.
1406 2099 1510 2162 Abbas
1534 2097 1693 2176 generalis
1716 2096 1807 2159 iaciat
1820 2095 1872 2156 ab·

1122 2199 1318 2262 solutionem
1350 2193 1548 2274 generalem,
1573 2199 1605 2255 et
1626 2191 1670 2254 sic
1697 2205 1872 2269 congrega-

1123 2293 1245 2356 tionem
1268 2291 1417 2354 dimittat.

1163 2404 1234 2449 xm.
1258 2385 1393 2448 Dimissa
1424 2383 1676 2461 congregatione
1709 2379 1870 2459 generali,

1122 2482 1185 2544 una
1206 2497 1280 2544 cum
1309 2467 1503 2558 h'egumenis
1532 2477 1623 2540 iaciat
1651 2473 1873 2554 congregatio-

1123 2591 1198 2638 nem
1211 2575 1493 2652 hegumenorum3
1508 2578 1540 2634 et
1551 2571 1656 2650 primo
1669 2569 1800 2648 quidem
1816 2568 1873 2631 eli-

1124 2676 1240 2746 gantur
1261 2667 1390 2732 abbates
1412 2665 1651 2746 provinciarum
1667 2669 1699 2726 et
1713 2668 1872 2726 monaste-

1123 2763 1259 2836 riorum,
1276 2763 1480 2841 singulisque
1502 2766 1648 2839 patentes
1670 2759 1796 2821 litterae
1812 2764 1872 2819 tra-

1123 2858 1251 2932 dantur,
1268 2865 1304 2919 ut
1326 2857 1363 2919 ad
1387 2854 1486 2918 officia
1508 2871 1564 2916 sua
1586 2854 1711 2916 abeant.

1163 2968 1229 3014 xm.
1260 2951 1376 3013 Forma
1403 2949 1586 3011 litterarum
1612 2946 1873 3024 congregationis

1124 3045 1369 3116 monachorum,
1392 3057 1466 3104 cum
1488 3041 1621 3104 mittunt
1639 3040 1677 3102 ad
1698 3054 1874 3118 congrega⁴

1124 3140 1246 3202 tionem
1270 3135 1469 3215 generalem,
1492 3135 1556 3197 una
1578 3150 1651 3196 oum
1673 3133 1785 3196 abbate
1806 3149 1874 3195 mo-

1125 3233 1256 3298 nasterii
1277 3249 1335 3295 seu
1365 3230 1567 3310 provinciae,
1591 3229 1715 3292 socium
1737 3228 1775 3291 ab
1796 3227 1874 3308 ipsis

1125 3330 1281 3392 electum:

1165 3421 1430 3486 Reuerendissimi
1455 3425 1575 3502 patrea,
1598 3423 1710 3481 metum
1733 3417 1875 3498 fecimus

1125 3516 1221 3587 vebis,
1252 3515 1530 3597 congregationem
1558 3517 1704 3576 nestram
1730 3509 1874 3576 lubitum

1124 3612 1160 3674 in
1181 3609 1374 3674 ntertasterie
1396 3607 1455 3678 Ν.,
1473 3607 1523 3670 die
1543 3606 1604 3678 N..
1620 3622 1725 3668 mense
1746 3603 1799 3676 Ν.,
1817 3622 1874 3668 en-

1125 3723 1166 3768 no
1187 3705 1241 3775 Ν.,
1265 3701 1425 3766 cornmeni
1439 3701 1571 3764 coucilia
1592 3700 1718 3780 elegisse
1731 3715 1875 3762 reueren-

1126 3798 1292 3861 diasimam
1319 3801 1444 3877 petrem
1466 3793 1520 3864 Ν.,
1542 3798 1590 3864 at,
1621 3792 1749 3855 nomine
1776 3793 1875 3856 totins

1126 3890 1315 3955 ntenesterii
1343 3889 1390 3952 ael
1409 3887 1613 3970 prouinciae,
1636 3887 1705 3951 enti
1727 3903 1799 3950 cnm
1822 3905 1875 3949 no-

1125 3993 1192 4050 stre
1215 3983 1326 4052 abbate
1347 3984 1389 4050 ed
1404 3982 1683 4064 congregationem
1696 3981 1875 4063 generalem

1127 4081 1267 4146 accedet.
1294 4079 1451 4156 Quocirca
1466 4077 1627 4140 tradimus
1641 4077 1669 4139 ei
1688 4081 1875 4159 potestetem

1127 4175 1243 4258 agendi
1261 4191 1320 4256 pre
1348 4171 1439 4238 nobis
1459 4174 1495 4235 in
1520 4172 1766 4253 congregatione
1786 4188 1876 4253 gene-

1125 4270 1192 4334 rali
1214 4269 1323 4332 omnia
1345 4274 1375 4330 et
1395 4267 1537 4348 singule,
1554 4283 1634 4346 qnae
1654 4266 1762 4347 serere
1773 4283 1876 4348 peace-

1126 4382 1198 4428 mns
1212 4364 1240 4426 si
1248 4367 1433 4444 praesentes
1447 4378 1594 4432 essemus,
1607 4367 1717 4424 retem
1732 4366 1876 4442 gratnm-

1127 4477 1184 4540 gee
1206 4457 1353 4522 babituri
1381 4457 1533 4536 quidquid
1554 4457 1589 4520 in
1611 4455 1718 4519 eedem
1746 4471 1876 4537 cengre-

1126 4555 1255 4634 gatione
1275 4553 1400 4634 foetum
1421 4551 1533 4630 [remit.
1565 4551 1685 4614 Datum
1706 4551 1741 4612 in
1766 4567 1876 4614 mone-

1125 4647 1222 4709 atere'e
1235 4647 1288 4716 Ν.,
1299 4661 1385 4708 anno
1397 4644 1450 4716 Ν.,
1464 4661 1569 4708 mense
1580 4643 1619 4708 N.
1632 4643 1877 4723 Sigiium†mo-

1127 4741 1267 4804 nas‘terii.
1291 4741 1332 4802 Et
1352 4739 1557 4802 subscribent
1578 4755 1691 4801 omnes
1716 4738 1805 4801 iuxta
1827 4727 1877 4802 or-

1127 4838 1236 4900 dinem
1258 4851 1365 4898 suum.

1167 4948 1219 4994 xv.
1237 4929 1352 4992 Forma
1364 4929 1546 4992 litterarum
1559 4927 1679 4990 abbatis
1692 4927 1876 5008 provinciae

1127 5025 1184 5090 vei
1203 5022 1405 5096 monasterii,
1430 5039 1504 5085 cum
1526 5023 1625 5085 mittit
1644 5023 1801 5086 vicarium
1823 5020 1876 5082 vel

1128 5125 1370 5199 procuratorem
1400 5117 1437 5179 ad
1466 5116 1751 5194 congregationem
1780 5131 1877 5194 gene·

1128 5213 1246 5275 ralem:

1169 5305 1433 5369 Reuerendiasimi
1451 5311 1571 5387 patrea,
1584 5311 1696 5370 metum
1717 5307 1804 5388 secio
1826 5324 1876 5370 uo-

1128 5397 1186 5471 bis,
1199 5417 1258 5471 me,
1275 5398 1311 5464 ob
1327 5417 1459 5464 caesam
1474 5400 1514 5463 N.
1538 5399 1735 5481 impeditum,
1752 5401 1878 5482 elegisse

1127 5494 1337 5558 reverendum
1348 5501 1475 5580 petrem
1490 5494 1549 5564 Ν.,·
1560 5501 1597 5556 et
1612 5499 1775 5572 tamqnam
1790 5511 1877 5556 mens

1129 5581 1273 5653 vicarias
1288 5595 1317 5650 et
1328 5593 1524 5669 procurater
1545 5589 1586 5651 ad
1601 5589 1877 5669 congregationem

1129 5683 1307 5764 generalem
1334 5683 1475 5753 accedat,
1504 5682 1591 5761 eique
1611 5681 1753 5764 sigillam
1775 5687 1804 5743 et
1825 5698 1877 5745 re-

1130 5777 1230 5838 tienea
1253 5776 1346 5857 officii
1361 5777 1423 5839 mei
1437 5777 1620 5848 tradidisse,
1637 5792 1759 5838 necnon
1773 5775 1879 5857 secel*

1130 5876 1227 5933 tatem
1249 5871 1283 5932 in
1306 5872 1705 5952 congregationegenereii
1726 5871 1835 5934 omniu
1849 5876 1879 5933 et

1130 5964 1261 6045 singula
1289 5965 1422 6046 egendi,
1446 5980 1526 6044 guae
1546 5982 1600 6047 ege
1625 5965 1733 6046 facere
1757 5981 1878 6048 porsena

1746 6118 1773 6160 58
