1290 1823
577 173 610 184 mu.
622 173 668 185 nour.
680 173 700 185 DE
711 173 726 185 Ρ.
738 173 753 185 1⁷.
765 173 807 185 PARS
817 173 828 185 t.

446 206 461 218 m
471 202 589 222 phuoaoptiae:
600 202 614 218 3,
626 206 691 218 servan-

446 229 473 241 zm
484 225 534 241 vitam
548 230 645 241 communem
656 230 691 246 per-

451 248 577 265 instauramiam
593 253 625 264 esse
640 248 691 265 obser-

446 272 478 287 m‘s
489 272 549 288 Crediti
560 272 606 288 uobis
622 272 691 288 Clemen-

446 337 515 355 EORlUS
526 338 556 355 ΡΡ.
568 338 604 355 xvi.

446 372 483 385 irem
494 368 516 385 rei
528 369 618 386 memoriam.

446 412 478 428 nen
485 413 579 432 impellente
589 413 692 428 solicitudine

446 436 482 451 wite
495 436 554 452 Cliristi
568 436 606 452 alies
617 440 655 452 oves
666 436 692 451 ad-

447 459 472 474 ani
483 459 567 475 Pontifices
581 459 692 479 praedecesso-

446 482 494 498 rilium
500 484 607 502 susceperunt
614 482 692 498 nonnulla

446 505 475 525 igia
490 505 568 525 erigendi,
583 509 624 525 quae
637 507 692 525 patere

448 529 534 544 iuvenibus
545 529 620 549 professis
627 529 692 548 religio-

446 556 465 570 ιιι,
472 552 500 571 qui
506 552 524 568 ad
531 556 589 568 munus
596 552 692 568 missionarii

446 577 491 591 reatos
498 580 515 591 se
521 576 598 594 dicerent.
607 577 625 591 ut
632 576 692 591 ibidem

449 600 511 618 tempus
522 599 612 618 perieulum
620 603 658 614 suae
665 602 693 614 vo-

446 624 476 640 ent.
490 624 507 638 et
520 622 609 642 impensius
624 622 693 638 orationi

446 649 491 664 ‘aque
497 645 560 665 pietatis
567 647 584 661 et
591 646 616 661 sui
623 645 693 661 instituti

448 671 570 688 persequente&
578 671 613 684 turn
623 669 693 688 denique

446 692 459 707 is
466 692 593 711 theologicarum
604 692 693 712 disciplina-

448 719 493 731 arum
509 715 611 731 orientalium
627 719 692 735 operam

448 738 458 754 d
469 742 528 754 munus
538 740 574 758 apte
585 739 649 758 riteque
656 743 693 754 exe-

446 762 552 781 lisponerent.
566 762 610 780 Quod
621 762 693 781 protecto

447 785 498 804 magis
508 789 574 800 servare
585 787 601 801 et
612 785 654 801 tueri
664 789 693 801 nus

448 808 528 824 salubrius
535 808 637 828 sanctiusque
648 808 693 824 insti-

446 836 473 847 ur.

446 859 462 871 ca
472 859 509 871 cum
519 859 548 875 per
556 855 571 871 S.
578 855 694 874 Congregatio-

446 879 493 898 {anda
504 878 542 894 Fide
549 878 568 894 ad
575 882 605 894 nos
613 878 693 898 perlatum

446 901 487 920 ium.
499 902 542 921 quod
553 906 561 917 a
571 901 656 917 Clemente
667 901 692 918 lx.

455 926 511 940 nostro
519 929 548 944 per
557 924 609 940 Breve
620 924 663 944 quud
670 924 693 940 in-

446 947 486 964 tohis
496 948 513 963 in
521 949 602 964 conventu
613 948 693 964 Minoruxn

446 975 451 986 ι
462 971 479 987 in
490 971 544 987 Monte
554 971 609 987 Aureo
619 971 671 991 positu
678 975 694 986 e-

446 998 451 1009 ι
462 994 490 1010 sua
503 994 605 1010 institutione
616 994 637 1010 ita
652 994 694 1010 exci-

446 1021 458 1032 ις
469 1017 486 1033 in
496 1022 516 1033 eo
526 1018 549 1033 sic
561 1017 694 1037 permanentibus

446 1040 467 1056 nti
477 1041 537 1060 aliquid
546 1041 564 1056 ad
572 1040 633 1056 bonum
644 1042 661 1056 et
671 1041 694 1056 in-

446 1063 518 1083 eligionis
526 1068 591 1084 sperare
599 1064 667 1084 amplius
674 1067 694 1079 ex

446 1088 544 1106 optereaque
560 1087 615 1103 eadem
629 1086 645 1103 S.
657 1087 674 1103 C.
686 1091 694 1102 a

446 1110 493 1128 verit.
505 1111 523 1125 ut
537 1112 568 1126 tam
582 1110 643 1126 dictum
658 1114 694 1126 con-

446 1138 449 1148 ι
462 1133 553 1153 Collegium
564 1133 580 1149 in
591 1137 611 1149 eo
622 1135 695 1149 erectum

446 1156 521 1172 isitationi
528 1156 654 1176 subiiceremus;
665 1161 694 1172 nos

446 1184 498 1196 sumus
506 1180 543 1195 huic
550 1180 624 1200 petitioni
632 1184 695 1196 morem

446 1205 497 1223 “opter
505 1203 576 1219 animum
587 1204 640 1219 statim
647 1204 695 1224 appli-

448 1227 503 1246 iquem
519 1228 627 1246 praesumem
641 1227 695 1243 virum

446 1250 462 1266 ui
476 1250 565 1266 Visitatoris
579 1254 639 1266 munus
653 1255 695 1266 cum-

446 1274 544 1293 :lignumque
556 1274 637 1292 duximus.
649 1276 667 1290 ut
677 1274 696 1290 il>

450 1297 560 1313 Cardinalibus
574 1298 644 1317 negotiis
658 1298 696 1313 Pro>

446 1320 458 1336 ei
469 1320 563 1340 praepositis
576 1321 696 1337 commendare-

448 1348 464 1359 m
471 1344 525 1364 itaque
532 1344 611 1360 Aloisium
619 1344 696 1360 Lambru-

446 1368 461 1383 ili
473 1367 489 1383 S.
500 1368 567 1386 Callisti,
579 1368 615 1386 ilde.
629 1368 696 1387 integri-

446 1391 463 1409 ia,
475 1391 594 1410 catholicaeque
608 1391 696 1411 Religionis

446 1414 560 1430 1mmendatum
574 1414 668 1434 selegimus,
681 1416 697 1430 et

446 1441 453 1453 ι
463 1437 565 1453 Conventurn
577 1439 593 1453 et
605 1437 696 1457 Collegium

446 1461 521 1481 postolica
534 1461 588 1476 nostra
602 1461 696 1476 auctoritate

446 1488 455 1500 ο
467 1484 505 1503 fine,
516 1486 535 1500 ut
545 1484 564 1500 de
579 1484 639 1500 obortis
650 1484 667 1500 in
677 1488 697 1500 eo

446 1508 511 1528 lollegio
518 1508 593 1524 abusibus
600 1508 696 1527 inquireret.

719 207 773 219 causas
783 203 849 219 illorum
860 204 971 222 cognosceret.
980 203 1046 222 insuper
1054 202 1093 222 quid

720 226 761 242 lactu
773 230 813 246 opus
824 228 867 242 esset
877 230 906 242 nos
914 226 992 242 certiores
1003 225 1092 245 diligentis·

720 249 761 265 sime
771 250 852 265 redderet.

739 273 749 292 ἓ
759 273 774 288 2.
786 273 819 289 Hoc
829 273 879 292 igitur
886 273 914 289 ille
922 276 990 288 munere
996 272 1061 288 iunctus
1068 272 1092 290 ea.

720 300 751 315 qua
762 296 785 312 uti
796 296 843 315 solet,
854 296 871 312 in
886 296 985 316 gravissimis
999 296 1048 311 rebus
1058 295 1093 311 dili-

721 319 780 339 genua.
794 319 847 335 studio
861 319 984 339 prudentiaque.
1000 320 1073 339 peractae
1085 322 1093 334 a

720 347 738 358 se
748 342 847 359 visitationis
858 343 916 359 deinde
927 343 973 358 nobis
984 342 1093 358 narrationem

721 366 763 382 lecit.
781 366 804 381 Ex
819 366 836 382 ea
850 370 899 386 porro
913 367 987 386 apparet.
1001 365 1093 385 Collegium

721 388 737 405 S.
749 389 792 405 Petri
799 389 816 405 in
824 389 877 405 Monte
888 389 942 405 Aureo
950 393 979 405 nec
987 389 1055 405 [ormam
1063 393 1093 404 nee

720 413 791 432 speeiem
802 413 836 428 eius
847 412 953 428 institutionis
964 412 1033 430 habere.
1045 416 1093 431 quam

720 436 765 451 iuxta
775 436 827 451 Breve
837 435 925 451 Clementis
936 435 962 451 lx.
978 435 1038 451 Credin
1049 435 1093 451 nobis

721 459 822 479 praeseferre
829 459 881 475 dehet.
893 459 975 475 Numerus
982 458 1062 478 siquidem
1070 458 1093 474 iu-

721 486 787 500 venum.
799 486 839 502 quos
854 482 911 498 saltem
925 482 981 498 decem
994 482 1039 497 iubet
1051 486 1092 500 esse.

721 506 760 521 adeo
771 505 840 525 exignus
846 507 875 524 est.
883 507 902 521 ut
908 507 977 525 quatuor
983 509 1015 521 non
1021 505 1092 521 excedat.

721 529 771 544 Porro
782 529 792 544 ii
806 529 871 548 ingenio
886 529 936 548 parvi,
951 528 1023 544 doctrina
1038 528 1092 546 rudes.

721 554 739 568 ut
746 552 773 567 vix
780 556 789 567 a
796 552 852 568 limine
863 552 961 571 theologicas
972 552 1063 572 disciplinas
1070 556 1093 567 sa—

721 575 814 594 tutaverim,
821 579 851 591 nec
862 580 880 591 eo
891 575 947 594 studio,
956 575 1018 595 pietatis
1030 577 1046 591 et
1056 575 1093 591 reli-

722 599 773 618 gionis
784 599 851 616 incensi.
863 602 895 618 quo
906 598 986 618 praeditos
1001 602 1036 614 esse
1047 602 1093 618 opor*

714 624 769 640 >teret
780 622 808 642 qui
819 622 867 638 sacris
878 622 982 638 missionibus
993 622 1045 637 (laturi
1056 623 1094 637 sunt

722 649 792 665 operam.
804 645 831 661 vix
845 645 905 665 aliquid
915 645 950 665 spei
964 645 1064 664 relinquunt,
1076 647 1093 660 ut

722 669 818 684 missionarii
829 672 897 684 munere
908 668 940 684 sint
950 672 1023 687 congrue
1033 669 1093 683 etcum

721 692 750 708 Dei
761 692 811 711 gloria
818 692 924 712 perfuncturii
936 691 993 707 Studio
1001 693 1094 707 controver-

721 716 781 731 siarnrn
796 715 898 731 orientalium
909 716 926 730 et
939 715 1004 734 linguae
1018 714 1093 730 Arabicae

722 739 788 755 omniuo
792 738 910 759 praetermisso.
916 738 961 754 deest
967 738 1053 757 religiosus
1057 742 1093 753 eon-

721 763 798 780 cionator.
805 762 833 781 qui
839 762 924 777 iuvenibus
930 761 1033 777 studentibus
1040 765 1093 777 coram

721 786 755 801 aliis
766 785 847 805 religiosis
857 785 925 804 singulis
938 784 1021 800 mensibus
1032 785 1094 800 concio·

722 813 759 824 nem
771 809 827 824 lrabeat
837 808 857 824 de
865 807 961 823 missiouarii
969 808 1041 823 muneris
1049 811 1094 827 prae-

722 832 784 850 stantia.
796 832 848 851 deque
859 831 967 851 peculiaribus
978 831 1047 849 dotibus.
1059 831 1094 850 qui-

722 855 751 870 bus
763 855 824 875 pollere
832 856 896 874 oportet
903 854 975 874 quisquis
987 854 1003 869 in
1010 854 1057 869 vinea
1064 854 1094 869 Do-

722 878 762 894 mini
774 878 861 894 excolenda
872 877 930 893 utilem
939 879 956 893 et
965 877 1048 897 egregiam
1057 881 1094 897 ope-

722 905 756 917 ram
762 905 821 917 navare
826 901 875 921 cupit.
882 900 906 916 Ad
912 902 1004 916 extremum
1011 904 1028 916 ea
1035 900 1093 919 omnia,

722 929 763 945 quae
773 925 808 940 sive
818 924 837 940 ad
848 924 891 940 illius
905 924 973 943 Collegii
988 924 1093 943 disciplinam,

722 948 757 964 sive
767 948 786 964 ad
797 948 854 966 studia,
862 947 896 963 sive
903 947 922 963 ad
930 947 1020 967 protectum
1032 947 1094 967 pietatis

722 972 803 992 sapienter
817 971 836 987 ab
848 975 868 987 eo
882 971 958 987 Pontissce
972 971 1043 987 ordinata
1057 972 1095 986 sunt

722 997 770 1015 atque
780 995 858 1013 instituta.
867 994 920 1010 omnia
927 998 972 1014 pene
983 994 1095 1010 desiderantur

722 1023 739 1035 ιιι
750 1023 775 1035 eo.

742 1043 752 1061 ἓ
762 1042 777 1058 3.
789 1041 820 1057 Hac
830 1041 913 1057 teterrima
927 1040 996 1060 Collegii
1010 1041 1027 1056 in
1041 1041 1095 1057 Monte

723 1066 777 1081 Aureo
788 1065 835 1085 positi
846 1064 936 1080 renuntiata
943 1064 989 1080 nubis
997 1064 1094 1082 conditione.

723 1090 743 1105 de
753 1089 816 1105 ratione
829 1088 887 1104 deinde
901 1087 977 1106 ineunda.
990 1091 1021 1107 qua
1035 1087 1075 1103 illud
1086 1092 1095 1103 e

723 1113 766 1128 tauta
776 1112 865 1128 calamitate
871 1111 933 1129 abduci,
941 1113 957 1127 et
964 1111 983 1126 ad
990 1111 1059 1126 sormam
1066 1115 1095 1131 per

723 1136 775 1151 Breve
782 1135 841 1151 Credin
846 1134 891 1151 nobis
896 1136 971 1150 statutam
979 1134 1034 1150 reduci
1041 1136 1095 1154 queat.

723 1160 819 1175 sententiam
830 1162 874 1174 suam
883 1158 932 1173 Emus
940 1157 1017 1173 visitator
1027 1158 1095 1177 aperuit.

723 1182 804 1202 Optimum
816 1182 857 1197 lactu
865 1181 917 1197 videri
926 1180 957 1196 sibi
968 1180 1011 1199 dicit,
1022 1180 1075 1200 primo
1082 1181 1096 1196 si

723 1206 817 1222 Conventus
828 1204 844 1220 S.
851 1204 894 1220 Petri
904 1204 921 1219 in
932 1204 986 1219 Monte
996 1203 1056 1222 Aureo,
1068 1204 1096 1223 qui

724 1233 767 1245 nunc
774 1228 792 1244 ad
800 1228 887 1244 Romanam
895 1227 994 1247 provinciam
1002 1227 1073 1247 pertinet
1080 1229 1097 1243 et

724 1251 817 1272 provinciali
828 1251 876 1267 buius
890 1250 982 1270 provinciae
995 1250 1095 1270 obsequitur.

724 1275 743 1291 ab
754 1275 772 1291 ea
786 1276 879 1295 separetur.
891 1276 907 1290 et
921 1274 950 1289 uni
964 1273 1041 1289 subdatur
1055 1274 1096 1293 patri

724 1298 822 1314 moderatori
828 1297 900 1317 generali
907 1297 956 1313 totius
962 1296 1031 1315 Ordinis.
1036 1299 1055 1313 ut
1061 1297 1096 1313 eius

724 1323 786 1338 tantum
797 1321 864 1337 consilio
875 1322 891 1336 et
902 1320 971 1340 imperio
985 1320 1060 1340 deinceps
1070 1321 1096 1336 ad-

724 1345 831 1361 ministretur.
836 1344 945 1363 lucongruum
950 1344 994 1359 enim
998 1344 1096 1359 etabsonum

725 1370 774 1388 putat.
782 1369 801 1384 ut
807 1369 897 1383 conventus
905 1367 1002 1387 excipiendis
1010 1367 1096 1383 iuvenibus

725 1392 813 1407 destinatus
824 1395 844 1407 ex
857 1390 932 1406 omnibus
946 1390 1033 1410 provinciis
1047 1390 1096 1406 totius

724 1415 787 1431 Ordinis
798 1414 916 1430 confluentibus
923 1414 951 1433 qui
958 1413 1006 1429 sacris
1017 1413 1097 1429 missioni-

725 1438 754 1453 bus
765 1441 783 1452 se
794 1437 876 1452 devovere
886 1437 958 1456 cupiunt.
965 1438 983 1452 nt
990 1436 1007 1451 in
1014 1440 1034 1452 eo
1039 1436 1057 1451 ad
1065 1436 1097 1452 rite

725 1463 741 1476 et
747 1464 818 1480 congrue
826 1460 922 1476 missiouarii
930 1463 989 1475 munus
995 1459 1096 1479 fungendum

725 1484 838 1502 instituantur,
855 1483 883 1499 uni
898 1483 990 1503 provinciae
1006 1482 1095 1502 addicatur3

725 1511 816 1528 congruum
827 1511 866 1523 vero
873 1508 892 1522 ut
899 1507 947 1522 totius
953 1506 1016 1522 Ordinis
1027 1509 1096 1522 conven-

1108 169 1135 182 Aa.
1142 169 1158 182 C.
1172 168 1209 181 1833
