4864 6994
119 564 182 620 An.
202 571 237 624 G.
260 573 331 624 1832

966 587 1141 632 essecutus
1163 588 1212 632 ΡΡ.
1237 589 1302 634 xvi.

362 701 477 768 Dilecto
501 701 565 768 lilio
588 702 689 770 loanni
712 703 844 769 Poulden
867 703 1020 770 sacerdoti
1044 701 1106 768 llo-

401 794 497 861 nnobo
530 797 784 880 congregationis
817 795 1105 879 inpio-Benedicti-

402 904 467 966 nae,

532 1072 752 1143 essecutus
776 1074 835 1142 ΡΡ.
859 1074 929 1142 Xlll.

639 1261 755 1328 nitente
778 1262 831 1340 iili,

393 1354 520 1422 salutern
543 1361 575 1422 et
596 1355 792 1438 apostolicam
820 1354 1069 1422 benedictionem.

398 1544 557 1606 Pastorale
579 1545 719 1608 officium
748 1544 840 1606 nobis
866 1561 906 1606 cr
928 1543 991 1606 alto
1020 1559 1104 1605 ccm-

360 1637 492 1698 missum
514 1637 595 1699 nihil
622 1654 680 1701 nos
708 1639 810 1714 magis
837 1637 984 1708 solicitat,
1008 1652 1103 1714 uuam

358 1731 633 1804 christifidelibus,
656 1732 746 1794 utin
768 1732 852 1792 viam
879 1731 1103 1792 mandatorum

358 1824 413 1885 liei
435 1823 626 1900 dirigantur,
640 1832 735 1901 atque
750 1824 787 1886 ad
802 1831 964 1885 aeternam
987 1823 1103 1884 anima-

358 1933 431 1979 rum
459 1932 591 1978 suarum
621 1915 853 1994 assequendam
883 1918 1020 1980 salutern
1051 1933 1103 1994 op-

357 2011 503 2088 portunis
526 2009 691 2088 praesidiis
713 2011 917 2082 adiuventur,
936 2011 1103 2087 omnique

357 2119 429 2165 curn
451 2102 516 2164 lieo
538 2118 709 2180 possumus
731 2103 838 2165 studio
861 2103 1042 2181 previdere.

396 2197 414 2270 5
438 2195 464 2256 1.
495 2195 599 2269 Quum
628 2195 735 2274 itaque
764 2196 802 2257 ad
828 2196 1000 2258 catholicae
1029 2197 1103 2259 reli-

358 2289 461 2366 gionis
483 2287 604 2351 bonum
619 2289 653 2350 in
669 2288 745 2351 locis
761 2289 1014 2368 bladraspatanae
1030 2292 1104 2351 mis-

357 2383 439 2445 sioni
453 2382 605 2444 subiectis
618 2383 775 2446 stabiliter
791 2383 1028 2460 procurandum
1043 2389 1103 2445 sta-

358 2477 527 2548 tuerimus
551 2483 746 2538 memoratae
771 2475 932 2537 missionis
955 2476 1103 2553 regimen

358 2567 482 2631 llic-ario
510 2567 693 2646 Apostolico
721 2567 904 2630 charactere
933 2567 1103 2646 episcopali

357 2663 511 2739 insignito
532 2661 800 2724 committendum
823 2677 904 2732 esse,
922 2677 980 2722 nos
996 2663 1035 2724 de
1051 2663 1103 2724 tud

357 2757 485 2834 pietate,
516 2755 658 2816 doctrina
681 2760 713 2815 ct
740 2754 928 2832 prudentia,
958 2754 1103 2831 itemque

357 2849 528 2911 catholicae
564 2847 731 2924 religionis
766 2847 873 2908 studio
906 2847 1103 2926 quampluri-

358 2958 448 3003 mum
469 2941 502 3002 in
524 2941 660 3003 Domino
689 2940 815 3012 confisi,
839 2940 925 3016 quod
947 2956 997 3012 ea,
1022 2955 1103 3017 quae

358 3035 415 3097 tibi
442 3034 671 3096 committenda
698 3032 912 3102 decrevimus,
941 3031 1103 3094 cumulate

357 3129 399 3188 sis
421 3127 621 3206 expleturus,
639 3127 678 3188 de
700 3142 797 3188 venn.
816 3126 951 3188 iratrum
979 3133 1103 3189 nostro-

357 3238 430 3283 rnm
454 3219 484 3282 S.
508 3219 544 3282 R.
568 3221 604 3282 E.
627 3219 844 3282 Cardinalium
870 3221 1008 3296 negotiis
1030 3221 1103 3282 Pro-

358 3315 518 3394 pagandae
533 3313 620 3377 Fidei
643 3313 899 3392 praepositorum
921 3314 1055 3376 consilio
1069 3316 1102 3376 in

357 3409 470 3470 iisdem
492 3407 569 3472 locis
591 3407 844 3484 bladraspatanac
863 3406 1008 3468 missioni
1029 3409 1103 3470 sub·

357 3501 445 3564 lectis
460 3501 622 3563 llicarium
638 3499 858 3578 Apostolicurn
875 3505 916 3572 te,
932 3515 1029 3576 quern
1045 3517 1104 3579 per

357 3596 478 3657 similes
500 3594 685 3673 apostolicas
701 3594 808 3656 literas
831 3594 887 3654 hac
908 3593 1037 3671 ipsidie
1053 3595 1103 3656 da-

359 3697 403 3751 tas
425 3688 686 3752 renunciavimus
716 3687 910 3766 Episcopum
937 3687 1102 3750 Hierocae-

356 3783 531 3844 sariensem
552 3781 586 3842 in
609 3785 688 3860 part.
712 3780 814 3852 inid,
838 3781 875 3842 ad
897 3787 1044 3842 nostrum
1072 3790 1104 3844 ct

359 3875 448 3938 Sedis
480 3873 680 3953 Apostolieae
711 3873 959 3950 beneplacitum,
990 3881 1102 3936 tenore

358 3969 575 4047 praesentium
597 3967 760 4043 eligimus,
778 3967 968 4044 deputamus
984 3974 1016 4030 et
1030 3983 1102 4030 con-

358 4063 532 4133 stituimus
556 4060 788 4140 praecipientes
811 4065 926 4122 utnon
946 4061 1041 4122 modo
1057 4061 1103 4122 iu-

357 4155 573 4220 risdictionem
602 4169 733 4216 omnem
758 4153 958 4231 spiritualem
987 4154 1103 4216 habeas

358 4267 414 4330 per
444 4250 512 4310 loca
544 4247 650 4310 omnia
678 4247 930 4324 bladraspatanae
960 4247 1103 4310 missioni

357 4344 509 4415 subiecta,
523 4341 687 4403 sedetiam
700 4340 887 4418 temporalia
901 4341 1006 4402 omnia
1020 4342 1100 4416 iura,

357 4436 585 4515 possessiones,
603 4433 749 4512 hospitia,
764 4431 926 4504 ecclesiae,
941 4449 1021 4510 quae
1033 4435 1103 4498 bac-

358 4537 450 4592 tcnus
473 4527 608 4590 fratrum
630 4524 705 4588 Ord.
729 4525 804 4588 liin.
827 4524 858 4586 S.
876 4525 1032 4589 Francisci
1047 4528 1102 4590 Ca-

358 4623 566 4702 puccinorum
581 4625 838 4697 nuncupatorum
855 4619 1014 4682 missionis
1031 4637 1102 4700 pro-

357 4715 423 4795 pria
435 4721 537 4786 crant,
551 4711 818 4790 Gongrcgationis
830 4713 1020 4776 eorumdem
1029 4715 1102 4776 Gar·

358 4809 510 4873 dinalium
539 4807 671 4870 nomine
692 4807 725 4868 in
747 4813 834 4868 tuam
863 4813 1027 4869 transeant
1048 4825 1101 4886 pc-

357 4909 517 4974 testatem,
533 4900 619 4962 salvi
641 4905 748 4962 tamen
762 4915 891 4978 semper
906 4899 938 4960 in
951 4901 1101 4978 praemis-

357 4997 398 5058 sis
420 4995 520 5075 ipsius
542 4991 800 5070 congregationis
822 4993 1019 5056 auctoritate.

395 5091 413 5164 ἓ
434 5089 463 5150 1.
488 5087 671 5149 Mandemus
701 5090 870 5164 propterea
898 5086 1047 5149 omnibus
1070 5095 1102 5150 ct

356 5181 491 5259 singulis
519 5181 557 5242 ad
579 5193 659 5256 quos
680 5185 801 5256 spectat
828 5185 923 5254 atque
948 5181 1102 5257 spectabit

357 5275 388 5337 in
410 5281 589 5354 posterum,
606 5279 642 5334 ut
657 5273 713 5334 tibi
735 5271 768 5332 iu
790 5271 973 5349 praemissis
996 5288 1101 5350 prom-

357 5375 409 5447 pte
431 5374 562 5446 pareant
583 5373 615 5428 et
637 5366 796 5436 obediant,
820 5370 937 5442 tuaque
964 5367 1101 5430 salubria

357 5461 476 5524 monita
491 5467 523 5523 et
537 5459 682 5522 mandata
697 5457 864 5520 humiliter
878 5459 1050 5538 suscipiant
1071 5467 1103 5522 et

357 5555 525 5618 efficaciter
539 5554 716 5632 adimplere
733 5557 857 5626 curent,
874 5552 1016 5630 alioquin
1031 5571 1101 5616 sen-

358 5647 488 5710 teutiam
510 5649 578 5709 sive
601 5662 748 5725 poenam,
773 5661 868 5724 qnam
890 5647 952 5708 rite
975 5647 1099 5720 tuleris,

357 5756 413 5803 seu
434 5741 585 5802 statueris
606 5739 639 5802 in
661 5739 812 5812 rebelles,
842 5744 942 5800 ratam
972 5739 1101 5802 habebi-

1065 5879 1143 5886 -0

396 5951 424 6009 (1)
439 5953 476 5996 Ex
490 5953 553 6008 Reg.
568 5953 624 5998 Vnt.
641 5951 679 5996 lit.
695 5951 728 5997 acl
743 5951 826 5997 Princ.
841 5955 889 5997 etc.

1162 719 1233 768 nnus
1255 712 1288 767 et
1309 706 1471 780 iaciemus,
1485 717 1670 772 auctorante
1692 709 1839 784 Domino,
1857 728 1908 772 us-

1161 813 1224 874 que
1246 799 1284 861 ad
1309 800 1557 864 satisfactionem
1586 804 1777 880 condignam
1807 803 1908 866 invio-

1162 891 1300 954 labiliter
1322 892 1498 956 observari.

1201 987 1219 1060 ἓ
1241 985 1270 1047 3.
1294 984 1365 1048 Non
1387 987 1585 1051 obstantibus
1614 991 1794 1068 apostolicis
1820 1009 1854 1054 ac
1875 991 1928 1052 in*

1161 1077 1397 1140 universalibus
1425 1081 1739 1160 provincialibusque
1761 1090 1792 1146 ct
1813 1100 1908 1163 syno-

1162 1170 1284 1232 dalibus
1296 1172 1438 1234 conciliis
1451 1174 1544 1236 editis
1558 1176 1762 1252 generalibus
1775 1177 1826 1240 vel
1838 1193 1909 1256 spe-

1161 1263 1292 1325 cialibus
1301 1267 1584 1329 constitutionibus
1597 1276 1629 1330 ct
1641 1271 1905 1344 ordinationibus,

1162 1357 1339 1434 privilegiis
1362 1375 1502 1436 quoque,
1526 1361 1659 1424 indultis
1672 1370 1704 1424 et
1719 1363 1820 1426 literis
1836 1381 1908 1443 apo-

1160 1449 1280 1512 stolicis
1302 1452 1524 1529 superioribus
1540 1461 1572 1516 et
1584 1456 1740 1533 personis,
1757 1458 1817 1518 sub
1839 1459 1908 1535 qui-

1160 1540 1361 1620 buscumque
1388 1545 1555 1608 tenoribus
1578 1553 1610 1608 et
1632 1548 1754 1622 formis,
1778 1567 1812 1612 ac
1834 1568 1907 1614 cum

1160 1634 1328 1710 quibusvis
1350 1637 1445 1698 ctiam
1469 1639 1746 1716 derogatoriarum
1776 1643 1908 1722 deroga-

1161 1728 1261 1798 toriis,
1293 1729 1425 1806 aliisque
1455 1731 1682 1796 efficacioribus
1712 1742 1744 1797 et
1771 1735 1908 1798 insolitis

1159 1819 1309 1882 clausulis
1331 1823 1542 1896 irritantibus,
1566 1826 1700 1902 aliisque
1722 1829 1859 1891 decretis
1874 1831 1907 1892 in

1161 1928 1281 1988 genere
1303 1915 1410 1977 velin
1432 1918 1549 1995 specie,
1574 1936 1607 1980 ac
1633 1920 1707 1981 alias
1729 1922 1762 1982 in
1784 1931 1908 1986 centra-

1160 2005 1244 2066 rium
1268 2007 1455 2070 lacicntibus
1477 2012 1647 2084 concessis,
1672 2015 1853 2092 approbatis
1876 2023 1908 2077 et

1159 2099 1329 2173 innovatis,
1353 2102 1470 2178 quibus
1493 2103 1641 2166 omnibns
1659 2113 1691 2168 ct
1710 2108 1857 2185 singulis,
1872 2110 1908 2171 il-

1160 2190 1267 2252 lorum
1280 2199 1409 2254 tenores
1431 2195 1652 2272 praesentibus
1668 2213 1727 2276 pro
1743 2199 1837 2277 plene
1854 2217 1908 2262 en·

1160 2285 1277 2360 pressis
1306 2303 1340 2346 ac
1372 2287 1411 2348 de
1437 2289 1538 2350 verbo
1560 2292 1597 2353 ad
1620 2292 1755 2354 verbum
1780 2293 1907 2356 insertis

1160 2375 1329 2452 babentes,
1361 2379 1424 2441 illis
1454 2382 1529 2443 alias
1551 2383 1584 2446 in
1610 2400 1669 2447 suo
1690 2386 1808 2448 robore
1838 2403 1907 2465 pcr-

1159 2471 1330 2544 mansuris,
1347 2473 1385 2534 ad
1408 2476 1659 2552 praemissorum
1677 2479 1828 2542 effectum
1851 2481 1907 2542 bac

1160 2562 1229 2624 vice
1252 2563 1404 2626 duntaxat
1425 2568 1606 2644 specialiter
1628 2577 1659 2632 et
1680 2589 1832 2649 expresse
1854 2573 1907 2635 dc-

1159 2671 1328 2732 regamus,
1363 2660 1544 2737 ceterisque
1576 2665 1744 2725 contrariis
1777 2666 1907 2742 quibus-

1159 2765 1309 2826 cumque.

1199 2842 1313 2905 Datum
1334 2843 1463 2918 Romae,
1487 2849 1569 2925 apud
1600 2848 1631 2910 S.
1656 2851 1784 2912 Mariam
1815 2853 1907 2914 llaio-

1160 2951 1229 2997 rem
1252 2937 1311 2998 sub
1334 2939 1453 3000 annulo
1482 2941 1660 3015 Piscatoris,
1692 2945 1743 3006 die
1765 2962 1813 3007 ru.
1837 2947 1906 3009 iulii

1159 3045 1385 3104 uncccxxxm,
1410 3033 1611 3110 pontificatus
1639 3038 1741 3099 nostri
1764 3055 1847 3101 anno
1869 3057 1904 3101 rr.

1456 3236 1653 3244 ..ν-..Ἣ

1462 3409 1601 3472 XXXVI.

1159 3592 1333 3673 Respondet
1353 3594 1628 3674 protelationibus
1643 3601 1673 3658 et
1688 3595 1831 3676 obsequio
1846 3600 1907 3664 Pn-

1200 3687 1365 3749 trt'orcbac
1390 3687 1631 3751 Maronitarum
1660 3691 1787 3752 nomine
1809 3694 1906 3754 totius

1199 3781 1343 3842 notionis
1366 3798 1444 3842 otono
1466 3779 1616 3862 Pontifici
1628 3784 1805 3862 praestitis,
1822 3803 1906 3847 cum-

1199 3890 1256 3952 que
1278 3873 1443 3935 certiorem
1465 3873 1579 3944 reddit,
1607 3873 1778 3954 Collegium
1801 3876 1906 3940 Maro-

1199 3968 1344 4030 nitarum
1367 3966 1484 4028 Borrine
1499 3967 1641 4029 nondum
1656 3970 1786 4030 restitui
1804 3987 1904 4050 posse,

1200 4061 1347 4122 cinnanos
1368 4065 1487 4128 tomen,
1501 4059 1543 4122 nd
1559 4077 1634 4138 panos
1650 4062 1820 4124 mittendos
1835 4082 1906 4126 emm

1198 4153 1350 4222 solicitat,
1379 4152 1592 4215 intotituendos
1613 4153 1683 4232 sore
1704 4155 1740 4216 in
1772 4155 1905 4238 collegio

1203 4244 1326 4309 Urbano
1347 4245 1361 4325 (
1381 4243 1404 4324 ).

1251 4429 1421 4498 Venerabili
1444 4431 1533 4496 tratri
1557 4429 1684 4515 loaepbo
1708 4432 1801 4499 Petro

1207 4525 1405 4592 Patriarcbee
1430 4524 1619 4591 nnttoencno
1643 4525 1865 4606 Maronitarum,

1331 4707 1551 4776 (iREGORlUS
1575 4710 1636 4776 ΡΡ.
1661 4709 1733 4776 tvl.

1212 4979 1213 4982 Ἴ
1372 4897 1559 4964 venerabilis
1584 4897 1690 4978 irater,

1190 4993 1319 5060 salutern
1341 4997 1372 5058 et
1397 4990 1593 5073 apostolicam
1620 4992 1871 5061 benedictionem.

1197 5179 1264 5240 Etsi
1287 5179 1420 5242 dubium
1443 5179 1535 5242 nobis
1551 5197 1615 5242 non
1631 5189 1699 5244 erat
1721 5183 1810 5260 quin,
1835 5199 1905 5262 pro-

1157 5273 1305 5336 vectione
1320 5273 1390 5335 istie
1402 5273 1545 5334 nuntiata
1561 5274 1751 5336 humilitatis
1765 5281 1903 5348 nostrae,

1158 5367 1266 5445 plenas
1289 5367 1325 5428 ad
1348 5383 1406 5427 nos
1429 5365 1522 5428 officii
1545 5373 1577 5428 et
1602 5367 1726 5445 pietatis
1750 5368 1905 5444 significa-

1157 5459 1244 5522 tione
1267 5461 1375 5522 literas
1403 5459 1555 5531 dedisses,
1579 5467 1687 5522 tamen
1719 5461 1904 5538 exemplum

1159 5554 1244 5631 quod
1266 5553 1381 5614 misisti
1411 5553 1598 5615 earumdem
1625 5554 1804 5626 literarum,
1829 5569 1905 5632 quas

1158 5647 1338 5726 deperditas
1367 5646 1571 5717 arbitramur,
1605 5647 1823 5724 gratissimum
1853 5649 1905 5710 ha·

1158 5739 1296 5802 buimus.
1319 5739 1424 5802 Gavisi
1446 5738 1532 5801 enim
1545 5738 1637 5800 valde
1658 5755 1768 5802 sumus
1791 5740 1904 5804 certio-

1850 576 1889 640 47
1939 579 1991 630 An.
2007 579 2036 629 C.
2060 579 2127 630 1832
