4770 6982
279 557 377 612 nuo.
400 559 472 611 ren
519 557 578 624 232

540 693 629 771 510.
653 695 798 773 Denique
820 696 877 758 tibi
900 697 1005 765 etiam,
1036 712 1110 759 ven.
1135 695 1244 768 frater,

501 793 534 850 et
555 788 684 850 creditis
706 788 778 850 bdei
797 790 1008 863 ludentibus,
1026 805 1164 852 necnon
1181 807 1247 851 cae-

501 881 577 943 teris
600 881 748 943 omnibus
770 882 907 946 aliorum
930 883 1074 946 locorum
1090 883 1246 946 Rutbenis

452 1001 455 1008 ·
500 974 649 1038 fidelibus
678 975 839 1038 universis
869 993 1019 1056 prospera
1042 984 1074 1039 et
1098 977 1247 1040 salutaria

501 1069 607 1130 omnia
634 1070 781 1148 impense
810 1087 1016 1148 precamura
1045 1071 1191 1142 Domino,
1216 1079 1249 1134 et

500 1169 627 1224 nostrae
652 1170 768 1226 testem
789 1165 1038 1228 studiosissimae
1053 1166 1248 1228 benevolen-

499 1257 560 1317 tiae
582 1257 787 1336 apostolicam
809 1258 1067 1322 benedictionem
1091 1267 1157 1323 toto
1180 1277 1248 1322 cor-

500 1350 547 1412 dis
568 1351 683 1414 asiectu
705 1359 908 1430 peramanter
929 1353 1146 1432 impertimur.

539 1444 654 1507 Datum
683 1445 801 1508 Rornae
829 1447 910 1526 apud
939 1446 970 1509 S.
999 1447 1128 1510 Mariam
1155 1449 1248 1510 Maio-

500 1555 570 1602 rem
597 1540 657 1601 sub
679 1541 797 1602 annulo
817 1541 984 1603 Piscatoris
1011 1541 1062 1604 die
1083 1559 1160 1604 xrrrr.
1179 1541 1248 1604 iulii

500 1650 687 1708 uoceexcr„
704 1633 906 1712 pontificatus
924 1636 1027 1697 nostri
1050 1653 1132 1697 anno
1150 1653 1193 1696 xr.

809 1919 939 1983 CXCIX.

502 2106 592 2170 Dolet
620 2123 692 2168 cum
723 2105 847 2170 Vicario
877 2105 1054 2188 Apostolieo
1089 2103 1250 2168 Gibralla-

541 2200 612 2263 riae
633 2217 670 2263 oc
692 2197 841 2280 reprobat
859 2200 1030 2263 audacium
1047 2199 1249 2261 aedituorum

542 2293 680 2356 aliosdem
705 2291 766 2354 Via.
784 2293 891 2373 Apost.
909 2293 1134 2357 auctoritatem
1150 2298 1179 2353 et
1194 2291 1249 2356 Su-

507 2433 509 2438 .
543 2404 616 2451 erae
641 2387 903 2468 Conprepationis
924 2387 1204 2457 contemnentium,
1221 2393 1251 2448 et

543 2482 584 2545 nd
605 2481 724 2544 laicum
750 2483 979 2562 magistratum
1006 2481 1247 2560 appellantium.

544 2574 650 2638 Monet
663 2592 712 2637 eos
727 2575 762 2637 in
777 2591 930 2637 censuros
947 2574 1107 2643 incidisse,
1122 2579 1151 2634 et
1162 2580 1251 2666 optat

542 2676 581 2731 ut
601 2669 636 2730 in
658 2667 772 2732 bonam
793 2668 920 2749 [rupem
938 2667 1081 2730 redeant.
1099 2667 1251 2731 Declarat

545 2763 747 2826 aedituorum
762 2779 915 2826 munuca
933 2762 1057 2826 Vinaria
1073 2761 1250 2842 Apostolico

541 2855 689 2936 pendere,
705 2857 798 2918 cuius
815 2856 931 2936 apendi
948 2855 1108 2919 rationem
1124 2855 1248 2925 laudat,

545 2955 575 3011 et
588 2951 692 3031 ipsum
704 2951 775 3012 iure
787 2949 986 3032 prohibuisse
1001 2967 1040 3011 ae
1050 2949 1188 3030 pecunia
1203 2967 1253 3032 oc<

544 3045 672 3106 cesione
685 3049 962 3107 sacramentorum
974 3043 1166 3122 eociperetur.
1182 3041 1252 3123 Spe-

544 3142 599 3200 rot
620 3137 748 3200 taudem
770 3135 961 3218 pubernium
980 3141 1095 3217 pactae
1116 3135 1181 3198 inan
1202 3154 1253 3199 ea·

545 3231 682 3295 tbolicce
708 3229 873 3312 religionis
901 3229 1043 3294 libertati
1071 3247 1136 3291 non
1165 3230 1253 3310 defu·

545 3329 667 3388 turum.

506 3510 675 3578 Venerabili
705 3511 792 3577 tratri
823 3509 953 3600 ilenrico
979 3508 1130 3594 Episcopo
1155 3509 1254 3576 Helio-

526 3603 656 3688 politana
680 3603 879 3670 Gibrattariae
904 3601 1023 3668 vicario
1047 3601 1232 3686 Apostolieo,

678 3788 895 3857 defleamus
920 3789 980 3856 ΡΡ.
1007 3789 1078 3856 xtt.

721 3977 911 4044 Venerabilis
934 3978 1041 4052 irater,
1071 4008 1074 4016 ·

539 4075 668 4142 salutern
692 4079 723 4140 et
745 4073 943 4154 apostolicam
969 4073 1220 4138 benedictionem.

545 4264 673 4327 Dudum
696 4279 754 4327 nos
776 4263 917 4326 solicitos
939 4262 1068 4332 babent,
1083 4277 1164 4339 quae
1186 4261 1255 4324 istic

506 4365 617 4422 contra
638 4358 796 4422 Ecclesiae
818 4357 866 4419 ius
888 4363 983 4434 atque
1005 4356 1038 4417 iu
1060 4363 1158 4428 tuam,
1176 4371 1251 4417 ven.

506 4451 616 4526 frater,
633 4455 778 4529 'tuaeque
801 4449 963 4528 dignitatis
992 4449 1143 4510 iniuriam
1166 4455 1254 4526 gesta

507 4547 734 4624 comperimus.
764 4543 849 4620 Quae
878 4545 1009 4622 quidem
1032 4560 1069 4604 eo
1091 4543 1254 4605 acerbiora

507 4639 593 4703 cordi
623 4647 735 4703 nostro
766 4639 960 4710 acciderunt,
985 4639 1070 4714 quod
1092 4637 1125 4699 in
1147 4653 1253 4700 sacrae

507 4734 555 4796 rei
570 4735 802 4797 detrimentum
818 4733 1016 4812 conspirasse
1031 4733 1253 4794 intelleximus

507 4827 721 4910 nonnullosn
743 4824 897 4891 catholico
913 4828 1042 4906 populo,
1058 4827 1112 4904 qui
1129 4826 1168 4889 ob
1184 4843 1254 4889 mu-

507 4923 559 4984 nia
581 4923 640 4984 sibi
663 4922 849 4984 demandata
868 4921 1062 4983 antecellere
1076 4919 1145 4982 aliis
1161 4920 1194 4981 in
1210 4921 1254 4983 ol-

507 5017 579 5078 ficio
594 5016 792 5079 debuissent.
807 5015 934 5078 Scilicet
949 5015 1019 5077 laioi
1034 5015 1163 5092 qnidam
1179 5014 1251 5086 viri,

507 5125 581 5172 aum
614 5126 679 5172 non
711 5109 795 5172 aliud
827 5123 969 5186 unquam
998 5108 1047 5169 ius
1070 5107 1252 5180 habuerint,

508 5218 603 5280 quam
632 5204 718 5282 quod
741 5219 781 5264 ex
809 5203 1014 5265 concessione
1036 5201 1195 5264 Antistitis
1217 5204 1253 5265 ad

507 5298 657 5360 ecclesiae
686 5297 830 5360 aedituos
859 5297 1052 5375 pertineret,
1083 5297 1255 5374 insurgere

507 5393 574 5454 ausi
596 5399 672 5456 sunt
693 5392 847 5454 adversus
869 5392 1091 5454 auctoritatem
1108 5398 1205 5464 tuum,
1224 5397 1256 5452 et

507 5488 673 5549 decretum
696 5491 906 5548 contemnere
928 5503 944 5547 a
961 5492 991 5546 te
1007 5491 1115 5564 postea
1131 5485 1254 5547 editum

507 5581 546 5642 de
568 5579 712 5659 pecuniis
745 5579 784 5641 ob
816 5585 1090 5642 sacramentorum
1123 5580 1255 5640 admini-

506 5673 696 5735 strationem
729 5689 794 5735 non
826 5673 1015 5749 exigendis3
1049 5679 1145 5749 atque
1176 5673 1254 5734 adeo

507 5773 617 5829 contra
638 5768 818 5830 sanctiones
840 5783 1010 5838 canonum,
1028 5767 1128 5828 immo
1145 5773 1255 5829 contra

506 5863 607 5940 ipsam
629 5861 749 5924 Christi
770 5861 897 5923 Domini
913 5861 1146 5924 ordinationem
1162 5878 1254 5923 usur-

507 5970 583 6036 pare
605 5953 664 6016 sibi
686 5971 798 6018 rerum
820 5955 1002 6018 divinarum
1018 5955 1167 6031 regimen
1182 5970 1255 6016 can-

1018 579 1083 626 tun.
1107 577 1198 624 PONT.
1223 577 1263 622 DE
1285 577 1315 622 P.
1339 577 1368 624 F.
1393 580 1477 626 PARS
1499 582 1520 626 L

1304 697 1490 760 tenderunt.
1514 697 1572 772 Qui
1595 700 1689 761 etiam
1712 715 1785 761 curn
1812 703 1954 760 nostram
1978 699 2052 760 Pro-

1304 791 1464 868 pagandae
1484 792 1572 854 Fidei
1587 791 1881 870 Congregationem
1897 799 2005 854 contra
2021 799 2052 854 te

1304 883 1421 949 frustra
1443 885 1665 958 solicitassent,
1690 886 1785 948 buius
1802 901 1932 963 quoque
1947 893 2052 948 aucto-

1304 977 1396 1040 ritate
1429 980 1611 1057 contempta
1640 995 1704 1042 non
1726 985 1803 1040 sunt
1830 979 1927 1040 veriti
1947 979 2053 1056 appel-

1304 1072 1370 1134 lare
1401 1089 1458 1151 per
1486 1089 1651 1134 summum
1680 1073 1768 1135 netas
1797 1073 1833 1134 ad
1863 1072 1958 1134 laicos
1985 1089 2052 1134 eos-

1305 1168 1444 1244 demque
1466 1167 1655 1230 acatholicos
1672 1169 1894 1244 magistratus3
1912 1182 2050 1244 quorum

1305 1277 1402 1340 porro
1424 1261 1611 1324 interventu
1636 1261 1769 1338 tuipse,
1793 1275 1868 1322 ven.
1894 1259 2002 1332 irater,
2020 1261 2051 1322 in

1305 1372 1467 1419 carcerem
1499 1356 1661 1417 coniectus
1695 1354 1799 1426 luisti,
1836 1361 1867 1416 et
1898 1355 1937 1416 ad
1965 1356 2053 1416 initia

1305 1465 1408 1526 usque
1430 1449 1550 1510 mensis
1573 1449 1713 1528 proximi
1734 1448 1854 1509 ibidem
1871 1449 2031 1510 detentus.

1346 1543 1427 1604 Haec
1456 1559 1528 1605 cum
1552 1543 1593 1604 ita
1619 1543 1826 1619 contigerint,
1850 1541 1930 1603 illud
1951 1542 2053 1604 solici-

1307 1638 1410 1700 tudini
1432 1639 1577 1698 omniunt
1604 1637 1810 1699 ecclesiarum
1834 1644 1866 1698 et
1887 1653 2051 1714 supremo,

1307 1745 1370 1807 quo
1393 1729 1571 1806 fungimur,
1592 1730 1786 1808 apostolatus
1810 1729 1912 1792 officio
1928 1746 1986 1792 nos
2002 1731 2054 1792 de-

1306 1826 1385 1887 bere
1406 1825 1575 1896 sentimus,
1600 1831 1636 1886 ut
1658 1841 1674 1886 e
1694 1824 1821 1902 fastigio
1838 1823 1869 1886 S.
1888 1825 1985 1885 buius
2000 1823 2054 1886 Se-

1307 1919 1354 1980 dis
1382 1933 1493 1980 vocem
1524 1920 1719 1992 attollentes
1742 1919 1862 1980 illatam
1889 1935 1979 1981 sacro
1999 1917 2055 1982 Or-

1307 2013 1373 2075 dini
1393 2031 1426 2074 ae
1442 2013 1488 2074 rei
1504 2013 1675 2075 catholicae
1691 2013 1919 2075 coutumeliam
1936 2014 2054 2074 nostris

2082 559 2298 614 As.e.1stl

1307 2107 1393 2168 hisee
1408 2107 1510 2168 literis
1525 2107 1626 2185 palam
1643 2107 1867 2168 reclamemus.
1884 2107 1987 2181 Quare
2002 2124 2055 2168 au-
2153 2179 2158 2186 ¹

1306 2207 1452 2264 ctoritate
1475 2201 1583 2262 nostra
1605 2201 1775 2280 apostolici
1797 2201 1987 2263 solemniter
2002 2202 2055 2263 de-

1307 2295 1474 2366 claramus,
1500 2301 1693 2356 memoratos
1711 2295 1855 2356 aedituos
1871 2296 2008 2357 violasse
2023 2302 2055 2356 et

1306 2390 1508 2452 conculcasse
1537 2389 1719 2451 libertatem
1748 2405 1854 2451 sacrae
1876 2391 2052 2468 potestatis,

1308 2493 1339 2546 et
1360 2485 1392 2545 in
1414 2484 1612 2545 sanctissima
1635 2483 1703 2544 eius
1725 2483 1794 2544 iura
1816 2484 1981 2544 invasisse.
1998 2483 2055 2544 lta-

1307 2595 1370 2656 que
1398 2578 1482 2649 illos,
1511 2583 1623 2655 utpote
1652 2577 1839 2638 manifestae
1868 2594 1941 2638 reos
1963 2577 2053 2638 auda-

1307 2675 1383 2742 ciae,
1408 2672 1614 2750 dignissimos
1637 2687 1671 2732 se
1698 2670 1884 2733 exhibuisse
1912 2671 2055 2733 decerni-

1307 2785 1391 2842 mus,
1415 2768 1448 2828 in
1470 2783 1550 2843 quos
1573 2766 1609 2826 ad
1632 2781 1791 2826 canonum
1817 2781 1961 2827 normam
1988 2781 2054 2842 gra-

1307 2863 1391 2924 viter
1423 2861 1707 2922 animadvertatur.
1741 2859 1872 2921 Interim
1907 2861 2055 2922 admone-

1309 2971 1380 3016 mus
1402 2955 1485 3034 ipsos
1507 2959 1602 3030 atque
1632 2953 1830 3016 obtestamur
1852 2954 1882 3014 in
1906 2953 2053 3024 Domino,

1308 3055 1344 3110 ut
1364 3048 1573 3110 meminerint
1587 3063 1797 3109 censurarum
1815 3063 2056 3124 poenarumque

1308 3142 1533 3221 spiritualium,
1558 3157 1639 3217 quae
1661 3141 1842 3218 apostolicis
1859 3141 2057 3202 constitutio-

1310 3236 1404 3298 nibus
1427 3243 1459 3297 et
1478 3233 1688 3296 conciliorum
1705 3234 1988 3296 oecumenicorum
2005 3235 2057 3295 de-

1310 3329 1405 3392 cretis
1428 3329 1460 3390 in
1477 3344 1600 3401 omnes,
1618 3327 1671 3404 qui
1689 3328 1761 3390 talia
1776 3329 1905 3396 audent,
1921 3333 2057 3390 statutae

1310 3425 1352 3486 ita
1380 3429 1466 3496 sunt,
1491 3429 1526 3484 ut
1547 3421 1628 3486 lacto
1655 3422 1725 3501 ipso
1754 3422 1994 3483 contrabantur.
2018 3422 2058 3484 Et

1311 3519 1462 3595 quoniam
1478 3517 1546 3578 eius
1562 3517 1595 3577 in
1610 3516 1706 3576 terris
1722 3516 1826 3578 vicem
1844 3517 1987 3592 gerimus
2003 3516 2057 3594 qui

1310 3611 1402 3672 venit
1432 3625 1589 3687 quaerere
1619 3615 1651 3670 et
1678 3607 1803 3670 salvum
1836 3608 1939 3672 lacere
1972 3611 2056 3686 quod

1311 3705 1460 3784 perierat,
1485 3703 1566 3766 nibil
1595 3703 1746 3780 equidem
1775 3709 1920 3781 optamus
1943 3704 2055 3780 magis,

1271 3815 1275 3833 ¹
1311 3815 1406 3877 quam
1427 3805 1464 3860 ut
1485 3798 1583 3860 iidem
1606 3803 1769 3876 peccatum
1788 3813 1883 3858 suum
1900 3797 2059 3859 detestan-

1312 3899 1370 3966 tes,
1394 3893 1430 3954 ad
1455 3891 1647 3969 obsequium
1670 3897 1701 3952 et
1716 3891 1931 3953 obedientiam
1946 3890 2059 3954 irater-

1311 3987 1418 4048 nitatis
1439 3993 1512 4047 tuae
1534 3986 1660 4050 sincero
1681 3985 1787 4046 animo
1809 3985 1953 4048 redeant.

1350 4080 1414 4142 lam
1436 4095 1515 4141 vero
1537 4080 1574 4140 ad
1598 4095 1711 4141 eorum
1742 4095 1860 4140 munus
1882 4080 1966 4156 quod
1990 4079 2058 4141 atti-

1312 4179 1377 4246 net,
1408 4172 1572 4234 neminem
1604 4172 1754 4249 ignorare
1786 4171 1948 4245 volumus,
1978 4172 2057 4234 illud

1289 4265 1453 4348 xpendere
1477 4266 1608 4327 omnino
1632 4281 1671 4327 ex
1693 4265 1879 4327 auctoritate
1899 4265 2056 4345 Episcopi,

1311 4359 1457 4436 nihilque
1489 4359 1527 4420 ab
1559 4359 1694 4420 aedituis
1726 4359 1878 4420 ecelesiae
1910 4359 1980 4435 geri
2000 4375 2059 4420 un-

1312 4468 1407 4530 quam
1429 4469 1533 4531 posse,
1559 4453 1619 4514 nisi
1641 4453 1727 4530 quod
1743 4453 1788 4514 eis
1804 4452 1903 4514 luerit
1917 4452 1955 4514 ab
1970 4451 2058 4515 Anti-

1310 4545 1384 4607 stite
1406 4546 1644 4608 demandatum.
1665 4545 1754 4620 Quod
1770 4561 1849 4608 vero
1865 4547 2006 4624 pertinet
2020 4547 2058 4610 ad

1310 4646 1584 4703 sacramentorum
1597 4640 1917 4723 administrationem,
1929 4641 1991 4702 erit
2002 4641 2059 4702 tibi

1311 4751 1415 4808 curae,
1440 4741 1476 4796 ut
1497 4735 1619 4806 fideles,
1645 4734 1700 4812 qui
1721 4735 1780 4796 sub
1796 4740 1827 4796 te
1843 4741 1928 4808 sunt,
1946 4735 2058 4797 sedulo

1311 4828 1491 4901 admoneas,
1516 4828 1621 4890 diviua
1652 4827 1810 4890 eiusmodi
1833 4845 1967 4891 munera
1989 4829 2059 4891 nul-

1310 4922 1373 4984 lam
1396 4923 1527 4984 onmino
1552 4922 1736 5000 temporalis
1759 4922 1854 5000 pretii
1869 4923 2059 4985 aestimatio·

1312 5031 1386 5077 nem
1409 5017 1570 5094 recipere;
1594 5015 1648 5076 sed
1665 5033 1680 5076 a
1697 5015 1752 5076 Dei
1769 5015 1937 5088 ministris,
1954 5017 2060 5094 quiea

1312 5111 1410 5186 gratis
1432 5115 1633 5187 acceperunt,
1659 5109 1755 5186 gratis
1779 5109 1899 5186 pariter
1916 5125 1984 5170 esse
2000 5110 2060 5171 dis-

1312 5205 1488 5283 pensanda:
1518 5220 1577 5265 nec
1606 5219 1698 5280 posse
1720 5203 1791 5264 istic
1819 5203 1918 5264 ullam
1940 5204 1978 5266 ad
2001 5211 2060 5268 tra·

1312 5297 1406 5359 mites
1433 5313 1591 5382 canonum
1620 5297 1698 5377 (cap.
1724 5295 1771 5358 Ad
1794 5298 2000 5377 apostolicam
2022 5299 2061 5359 42

1312 5392 1351 5454 de
1380 5391 1528 5469 simonie)
1560 5391 1758 5480 probabilem
1792 5393 2059 5454 consuetudinem

1313 5485 1443 5547 obtendi
1465 5485 1502 5546 ad
1520 5485 1672 5562 pecuniae
1689 5485 1851 5562 quidpiam
1867 5485 1999 5548 alicuius
2014 5501 2060 5546 sa-

1312 5579 1467 5642 cramenti
1496 5580 1660 5641 occasione
1689 5579 1750 5640 alio
1781 5579 1875 5641 titulo
1902 5579 2060 5657 postulan-

1313 5673 1400 5745 dum,
1426 5673 1604 5750 quandoid
1627 5690 1644 5734 a
1667 5679 1696 5733 le
1718 5679 1814 5748 atque
1840 5691 1856 5734 a
1878 5671 2060 5750 Congrega·

1313 5766 1399 5827 tione
1421 5765 1646 5844 Propagandae
1667 5765 1755 5826 Fidei
1779 5781 1819 5826 ex
1834 5767 1960 5844 accepta
1974 5784 1990 5827 a
2005 5783 2060 5828 no-

1312 5859 1359 5921 bis
1382 5867 1539 5938 potestate
1561 5860 1598 5921 ad
1618 5860 1770 5921 tuendam
1785 5866 2060 5922 sacramentorum

1312 5955 1511 6016 sanctitatem
1538 5954 1611 6015 iure
1636 5954 1819 6031 meritoque
1840 5953 1977 6016 vetitum
2000 5961 2058 6016 est.
