4788 6980
916 598 1090 646 dundohtus
1111 599 1162 646 PP·
1186 599 1250 646 xri.

312 721 411 784 dictae
433 719 621 783 cathedralis
637 719 788 782 ecclesiae
810 718 897 782 illam
912 735 970 798 pro
986 718 1054 781 eius

311 813 398 876 cultu
426 829 461 876 ac
488 813 624 876 tuitione
653 813 780 885 dotem,
809 827 904 889 quom
932 812 993 892 ipsi
1015 828 1055 874 ex

311 906 497 970 earumdem
520 905 716 968 decimarum
738 911 909 984 proventu,
925 904 975 966 sin
997 904 1054 966 rni-

311 1014 371 1062 nus
393 1014 434 1061 ex
455 997 603 1061 censibus
618 997 752 1075 aliisque
767 997 859 1060 bonis
874 995 1051 1070 stabilibus,

311 1099 468 1171 quatenus
480 1091 583 1154 adsint
604 1098 637 1154 et
657 1091 721 1154 sint
741 1091 940 1163 sufficientia,
965 1105 1053 1169 6166-

311 1185 453 1249 finirerit
474 1190 506 1247 et
520 1183 749 1248 adiudicaverit
770 1184 989 1264 praesentium
1003 1183 1053 1246 lit-

310 1285 453 1342 terarum
475 1283 639 1351 executor,
656 1277 775 1356 pariter
796 1277 994 1354 assignamus
1010 1283 1054 1340 at-

311 1387 373 1449 que
395 1371 579 1435 tribuimus.

349 1463 438 1540 512.
472 1463 601 1526 Eisdem
629 1479 759 1542 quoque
790 1463 908 1526 futuris
935 1480 969 1525 ac
994 1478 1053 1542 pro

310 1564 457 1636 tempore
484 1556 697 1622 existentibus
724 1555 930 1633 dignitatibus
953 1563 985 1618 et
1006 1571 1053 1618 ca-

311 1649 432 1713 nonicis
460 1649 588 1728 plenam
614 1653 646 1712 et
675 1649 892 1712 omnimodam
917 1648 1052 1727 potestt-

311 1750 386 1815 tem,
410 1748 447 1804 ut
466 1742 527 1820 ipsi
547 1741 764 1821 capitulariter
785 1741 973 1819 congregati
994 1756 1052 1819 pro

310 1841 506 1898 memoratae
527 1835 679 1898 ecclesiae
701 1833 908 1908 cathedralis,
931 1851 965 1896 ac
994 1849 1052 1912 pro

308 1929 395 1990 illius
417 1943 547 1990 mensae
577 1927 773 2007 capitularis,
803 1927 931 1990 sacrarii
957 1926 1052 1990 6116-

309 2021 431 2095 bricae,
466 2035 643 2098 earumque
675 2037 787 2083 rerum
822 2037 856 2083 ac
890 2019 1050 2082 bonorum

310 2129 465 2192 prospero
492 2113 642 2190 ielicique
671 2117 754 2174 61616
776 2129 810 2175 61
835 2112 996 2190 regimine
1017 2129 1052 2175 61

310 2221 446 2270 6611661
475 2207 520 2270 616
541 2206 798 2270 incumbentium
826 2205 1049 2285 implemento,

308 2300 462 2362 horarum
490 2300 713 2364 canonicarum
742 2299 944 2376 aliorumque
972 2299 1050 2362 divi-

308 2409 426 2456 norum
449 2393 627 2457 officiorum
642 2393 868 2466 celebratione,
886 2393 1051 2455 fructuum

309 2487 534 2550 distributione
559 2493 592 2548 et
617 2500 898 2565 quorumcumque
928 2486 1051 2548 emolu·

308 2585 494 2643 mentorum
525 2581 696 2659 partitione
728 2585 823 2656 atque
854 2579 1051 2642 administra-

308 2674 406 2746 tione,
420 2689 663 2752 poenarumque
685 2688 742 2751 per
763 2671 911 2735 absentes
929 2679 983 2734 aut
996 2688 1051 2734 ne-

309 2767 468 2846 gligentes
500 2766 791 2830 contrahendarum
826 2767 1048 2846 impositione,

308 2873 530 2938 quaecumque
550 2865 676 2932 statuta,
704 2859 921 2922 ordinationes
943 2876 977 2924 ac
998 2860 1051 2923 de·

307 2961 413 3026 creta,
446 2955 543 3017 sacris
572 2960 679 3016 tamen
711 2952 885 3016 canonibus
917 2952 1051 3018 Consilii

308 3048 486 3112 Tridentini
521 3046 658 3110 decretis
685 3053 726 3109 et
759 3044 1050 3110 Constitutionibus

307 3139 487 3219 apostolicis
508 3153 657 3211 consona,
681 3137 839 3200 condendi
865 3155 899 3200 ac
921 3139 1048 3212 edendi,

307 3233 366 3294 sub
387 3231 535 3311 Episcopi
553 3237 661 3293 tamen
676 3247 733 3310 pro
749 3237 896 3310 tempore
911 3233 1051 3296 existen·

307 3325 346 3388 tis
374 3323 587 3404 praesidentia
615 3330 648 3388 et
669 3324 906 3403 approbatione,
931 3327 1070 3404 pariter·

306 3417 510 3483 concedimus
532 3425 627 3496 atqne
647 3417 865 3497 impertimur.

345 3513 363 3590 5
386 3512 434 3575 13.
463 3511 631 3575 Praeterea
652 3518 831 3574 memorato
853 3512 990 3591 capitulo
1018 3520 1050 3576 et

307 3606 463 3670 canonicis
479 3621 537 3685 pro
552 3612 698 3684 tempore
714 3605 928 3668 existentibus
944 3607 1050 3672 indul-

307 3715 420 3779 gemus
453 3705 548 3778 atque
580 3698 757 3776 elargimur
790 3698 840 3760 ius
871 3699 984 3762 utendi
1015 3717 1049 3764 ac

306 3791 434 3856 [ruendi
456 3791 606 3854 omnibus
622 3797 654 3853 et
667 3789 804 3869 singulis
820 3797 883 3852 tam
902 3792 1049 3870 spiritua-

305 3886 388 3950 libus
410 3899 506 3964 quam
529 3884 757 3964 temporalibus
781 3884 901 3964 gratiis,
919 3886 1048 3964 privile·

307 3980 376 4059 giis,
392 3977 660 4050 immunitatibus,
678 3978 940 4057 praeeminentiis
960 3985 993 4042 et
1006 3979 1048 4043 ia·

305 4073 448 4146 roribus,
462 4071 577 4150 quibus
593 4071 726 4134 aliarum
741 4069 897 4134 similium
908 4071 942 4134 in
953 4071 1047 4138 hne-

305 4167 368 4230 rica
379 4165 577 4229 bleridionali
592 4164 801 4228 existentium
816 4165 1047 4230 cathedralium

305 4260 511 4324 ecclesiarum
533 4257 678 4338 capitula,
708 4257 880 4335 dignitates
903 4265 1047 4324 6116116-

305 4352 545 4426 61161661616,
575 4350 825 4424 consuetudine,
855 4351 1044 4432 privilegio,

304 4453 357 4510 aut
377 4445 452 4510 alias
480 4445 734 4526 quomodolibet,
748 4460 814 4508 non
829 4452 937 4510 tamen
952 4448 1046 4513 titulo

304 4555 452 4612 oneroso,
476 4545 530 4602 aut
549 4537 687 4611 indulto,
711 4537 764 4602 161
789 4537 961 4618 privilegio
982 4541 1046 4604 sin-

304 4633 418 4711 gulari,
443 4638 582 4696 utuntur
609 4647 644 4695 ac
668 4629 839 4704 fruuntur,
870 4632 1046 4698 dummodo

302 4727 404 4790 adhuc
425 4726 490 4790 sint
510 4725 544 4788 in
564 4739 638 4797 usu,
662 4729 695 4786 et
719 4739 785 4786 non
806 4723 928 4787 tuerint
952 4741 1045 4790 revo-

302 4825 377 4894 cata,
401 4835 462 4882 nec
481 4818 578 4882 sacris
600 4817 786 4890 canonibus,
810 4819 1045 4883 constitutioni-

301 4913 360 4976 bus
382 4919 415 4976 et
436 4911 573 4976 decretis
596 4909 776 4990 apostolicis
798 4919 992 4990 repugnent.

339 5008 357 5082 5
380 5005 428 5070 tt.
451 5003 493 5070 Ut
512 5019 593 5068 1616
620 5003 839 5069 adolescentes
860 5005 894 5068 in
922 5011 1044 5070 sortem

300 5099 427 5162 bomini
447 5098 551 5162 vocati
572 5112 637 5163 non
662 5097 769 5162 minus
791 5098 920 5177 pietate,
948 5115 1044 5179 quarn

300 5189 544 5254 humanioribus
572 5189 689 5253 litteris
717 5189 879 5267 sacrisque
907 5189 1044 5270 discipli-

300 5286 348 5348 nis
369 5285 579 5350 instituantur
597 5300 632 5346 61
652 5281 881 5356 informentur,
899 5283 1043 5350 ecclesia-

299 5381 414 5443 sticum
442 5378 635 5443 elericorum
661 5375 870 5441 seminarium
897 5375 1043 5444 6111166-

300 5473 362 5537 cilii
377 5472 557 5540 'tridentini
571 5477 681 5536 mente
697 5477 730 5534 61
743 5473 937 5552 praescripto
954 5474 988 5538 in
1002 5475 1043 5537 ci-

299 5567 396 5630 vitate
425 5563 673 5644 Guayaquilensi
695 5564 851 5642 erigimus
880 5571 974 5643 atque
995 5567 1043 5629 in‹

299 5659 480 5731 stituimus,
504 5659 599 5735 eique
621 5658 714 5720 aedes
740 5672 840 5737 prope
869 5658 1042 5722 Ecclesiam

299 5751 404 5815 Sancti
419 5750 504 5814 Petri
518 5749 664 5830 Apostoli
679 5751 717 5812 ad
730 5748 927 5813 Gathedralis
942 5751 1043 5817 hono·

298 5862 368 5910 rem
390 5851 535 5908 evectam
550 5843 624 5906 sitas
643 5843 865 5918 adscribimus,
889 5843 1042 5923 illamque

299 5938 512 6013 dotationem,
536 5953 617 6018 quae
646 5937 752 6002 eidem
779 5937 842 6001 iam
871 5939 1043 6002 constituta

401 6083 454 6134 latr.
469 6084 541 6134 Porri.
557 6084 588 6130 dc
602 6085 675 6144 l’rop.
690 6082 753 6130 Fide
767 6083 848 6130 Partis
863 6085 881 6130 l.
897 6083 949 6131 vol.
966 6087 992 6132 v.

1111 719 1284 796 reperitur,
1310 717 1481 780 tribuimus
1496 720 1591 792 atque
1613 711 1853 782 confirmamus,

1110 827 1143 873 61
1165 810 1261 872 etiam
1282 811 1309 871 si
1331 825 1411 888 opus
1433 808 1531 870 166111
1553 822 1593 870 ex
1608 803 1776 884 praedictis
1799 801 1853 864 de-

1110 903 1200 966 cimis
1222 903 1402 966 abeodem
1428 905 1601 966 executore
1626 897 1739 977 augeri
1767 911 1855 958 man-

1111 997 1233 1060 damus.

1148 1089 1167 1164 5
1190 1089 1237 1151 11.
1261 1089 1429 1168 Perpensis
1441 1093 1550 1150 autem
1565 1084 1722 1148 reditibus
1738 1083 1853 1146 66116-

1109 1182 1212 1246 etibus
1234 1181 1394 1245 Ecclesiae
1422 1179 1599 1259 Episcopali
1620 1176 1853 1257 (1661666166-

1108 1275 1196 1349 si,ut
1210 1291 1316 1355 66616,
1333 1274 1504 1346 attributis,
1519 1273 1665 1336 eamdem
1677 1269 1852 1334 Ecclesiam

1108 1369 1397 1448 Guayaquitensem
1415 1368 1448 1430 in
1470 1366 1601 1430 florenis
1623 1365 1728 1426 aureis
1750 1364 1789 1428 de
1804 1380 1851 1426 ca-

1109 1477 1197 1525 mera
1217 1462 1349 1540 triginta
1376 1459 1479 1523 tribus
1500 1475 1534 1522 ac
1555 1459 1588 1520 in
1616 1457 1710 1520 tertia
1738 1457 1852 1520 1161661

1108 1561 1197 1634 66116
1219 1555 1362 1618 demere
1384 1553 1494 1625 taxari,
1511 1568 1545 1614 ac
1567 1549 1725 1613 eiusmodi
1747 1555 1851 1612 taram

1107 1649 1141 1712 in
1156 1649 1245 1712 libris
1260 1649 1412 1712 Gamerae
1427 1645 1627 1726 hpostolicae
1643 1651 1675 1708 et
1686 1643 1764 1706 sacri
1780 1642 1851 1706 Gol-

1108 1742 1185 1819 legii
1203 1741 1341 1804 describi
1351 1740 1503 1803 volumus
1518 1746 1613 1817 atque
1625 1737 1849 1817 praecipimus.

1146 1838 1165 1911 5
1188 1833 1235 1897 16.
1258 1833 1472 1908 Quamobrem
1493 1847 1591 1895 1666.
1612 1831 1702 1893 116111
1723 1829 1852 1893 Nicolao

1106 1927 1244 1990 loachim
1267 1927 1306 1989 de
1327 1927 1437 1989 hrteta
1458 1925 1615 2005 Episcopo
1637 1925 1676 1987 de
1702 1924 1795 1999 Quito
1816 1925 1851 1987 in

1107 2021 1218 2083 eadem
1249 2019 1482 2098 Aequatoriana
1510 2017 1676 2080 1116611166
1704 2017 1851 2080 lderidio·

1107 2115 1186 2176 nolis
1209 2114 1340 2185 ditione,
1354 2127 1452 2190 quem
1473 2111 1506 2174 in
1528 2110 1746 2190 praesentium
1767 2109 1851 2174 litte-

1106 2221 1216 2270 rarum
1238 2212 1422 2270 nostrarum
1451 2211 1660 2268 executorem
1685 2203 1847 2282 eligimus,

1106 2317 1165 2380 per
1185 2301 1356 2382 apostolica
1376 2299 1491 2378 scripta
1512 2299 1712 2370 mandamus,
1732 2303 1768 2360 ut
1781 2297 1851 2376 1666

1107 2393 1294 2473 66166161
1316 2409 1373 2473 661
1395 2392 1492 2455 611616
1509 2391 1617 2454 virum
1639 2390 1850 2455 ecclesiastica

1107 2486 1261 2564 dignitate
1273 2485 1510 2564 insignitumab
1522 2501 1560 2548 eo
1572 2484 1850 2563 subdelegandum

1106 2582 1162 2642 has
1184 2587 1307 2643 nostras
1327 2581 1469 2651 litteras,
1491 2578 1547 2641 ubi
1569 2584 1602 2640 61
1622 2579 1748 2655 quando
1770 2594 1849 2657 opus

1106 2673 1215 2747 luerit,
1231 2680 1285 2736 aut
1299 2672 1425 2750 quoties
1440 2670 1531 2733 abiis
1547 2685 1686 2748 quorum
1700 2670 1848 2744 interest,

1106 2768 1159 2830 161
1174 2767 1211 2829 ab
1226 2767 1333 2846 aliquo
1348 2781 1473 2838 eorum,
1487 2764 1587 2827 luerit
1600 2764 1786 2843 requisitus,
1799 2763 1852 2828 so-¹

1106 2861 1258 2925 lemniter
1279 2859 1421 2940 publicet
1441 2865 1474 2923 61
1487 2864 1676 2936 exequatur,
1694 2875 1728 2921 ac
1744 2859 1849 2922 omnia

1107 2959 1139 3017 et
1159 2953 1286 3032 singula
1306 2953 1340 3016 in
1362 2952 1407 3015 616
1430 2959 1579 3017 66616616
1602 2952 1694 3014 161161
1713 2952 1848 3015 auctori·

1105 3053 1170 3110 tate
1191 3051 1300 3109 nostra
1317 3045 1355 3108 ab
1371 3045 1520 3108 ontnibus
1535 3045 1573 3108 ad
1587 3060 1667 3123 quos
1682 3051 1804 3124 spectat
1817 3051 1850 3108 61

1106 3157 1165 3220 616
1191 3149 1336 3220 16166616
1360 3139 1524 3218 spectabit,
1544 3137 1774 3202 inviolabiliter
1795 3139 1848 3202 ob-

1105 3233 1246 3309 servari;
1269 3241 1364 3311 atque
1379 3237 1416 3294 ut
1429 3237 1494 3295 tam
1508 3232 1587 3312 ipse,
1602 3246 1697 3309 quam
1712 3247 1849 3311 persona

1106 3328 1144 3391 ab
1159 3341 1196 3389 eo
1211 3327 1449 3406 subdeleganda
1464 3341 1562 3404 super
1577 3341 1779 3404 quacumque
1794 3343 1849 3405 66-

1105 3421 1264 3500 positione
1284 3421 1318 3484 in
1339 3427 1409 3482 actu
1431 3419 1630 3488 executionis
1648 3419 1848 3497 quomodoli-

1105 3513 1160 3576 bet
1180 3515 1312 3587 oritura,
1337 3527 1539 3592 quacumque
1564 3511 1777 3591 appellatione
1798 3527 1848 3575 re-

1105 3615 1201 3681 mota,
1226 3607 1438 3687 pronunciare
1460 3605 1563 3668 libere
1584 3621 1618 3669 61
1640 3605 1726 3669 111116
1748 3607 1849 3684 666611

1105 3709 1137 3764 61
1157 3701 1270 3772 161661,
1294 3699 1542 3762 contradictores
1564 3698 1725 3777 quoslibet
1742 3715 1777 3764 ac
1797 3716 1848 3762 re-

1104 3795 1206 3860 belles
1221 3810 1278 3875 per
1293 3794 1479 3866 sententias,
1496 3807 1647 3856 censuras
1663 3809 1847 3872 poenasque

1104 3887 1340 3960 ecclesiasticas,
1351 3886 1474 3964 aliaque
1485 3885 1565 3948 iuris
1577 3891 1609 3948 et
1620 3885 1693 3950 16111
1704 3887 1848 3950 remedia

1103 3981 1346 4061 compescendo,
1362 3980 1509 4042 invocato
1522 3979 1629 4052 etiam,
1643 3979 1670 4041 si
1686 3995 1765 4059 opus
1779 3980 1848 4043 lue-

1103 4076 1155 4150 rit,
1179 4074 1298 4138 auxilio
1319 4073 1440 4136 brachii
1462 4072 1644 4145 saecularis,
1669 4073 1796 4151 plenam
1816 4080 1849 4136 et

1104 4169 1320 4232 omnimodam
1336 4165 1518 4230 facultatem
1534 4165 1740 4228 concedimus
1752 4173 1847 4244 atque

1103 4263 1290 4340 elargimur.
1324 4259 1438 4324 Eidem
1469 4273 1549 4321 1616
1581 4259 1737 4339 Episcopo
1774 4261 1847 4334 Qui-

1102 4356 1185 4419 tcnsi
1207 4355 1419 4436 praecipimus
1442 4357 1474 4415 et
1494 4351 1699 4426 mandamus,
1726 4361 1763 4416 ut
1783 4355 1847 4418 sin-

1103 4449 1254 4526 gulorum
1276 4451 1420 4509 actorum
1434 4445 1469 4508 in
1487 4444 1705 4523 praesentium
1727 4444 1847 4508 littera·

1101 4557 1175 4604 rum
1191 4540 1381 4604 executione
1396 4537 1670 4601 conficiendorum
1682 4539 1846 4619 exemplar

1101 4635 1282 4698 authentica
1296 4633 1399 4696 torma
1414 4637 1578 4694 exaratum
1590 4630 1673 4693 intra
1687 4647 1745 4693 sex
1756 4647 1846 4694 men-

1100 4745 1151 4792 ses
1178 4728 1216 4790 ab
1243 4727 1369 4806 expleta
1396 4727 1538 4805 ipsarum
1564 4725 1782 4802 exequutione
1807 4728 1845 4790 ad

1100 4823 1181 4885 hanc
1202 4819 1416 4901 Apostolieam
1439 4817 1556 4882 sedem
1578 4816 1752 4894 diligenter
1773 4819 1846 4881 mit-

1101 4915 1234 4978 tendum
1259 4918 1361 4986 curet,
1384 4911 1530 4988 illudque
1552 4910 1585 4974 in
1607 4909 1749 4973 archivio
1771 4927 1845 4973 con-

1101 5007 1296 5087 gregationis
1312 5005 1450 5083 negotiis
1466 5001 1740 5066 consistorialibus
1756 5020 1844 5083 prae·

1100 5103 1221 5182 positae
1243 5101 1283 5163 de
1304 5114 1396 5162 more
1417 5097 1575 5160 asservari
1594 5096 1759 5160 volumus.

1138 5196 1157 5270 5
1180 5192 1228 5256 17.
1246 5193 1434 5255 Praesentes
1449 5197 1557 5254 autern
1570 5190 1690 5264 literas,
1705 5196 1737 5254 et
1751 5191 1784 5253 in
1797 5191 1843 5254 eis

1099 5292 1250 5376 contenta
1271 5300 1505 5364 quaecumque,
1524 5283 1619 5346 etiam
1642 5299 1681 5346 ex
1704 5285 1843 5362 eoquod
1895 5335 1899 5346 .

1098 5381 1121 5443 ii
1143 5395 1283 5458 quorum
1304 5379 1450 5451 interest,
1473 5384 1528 5440 aut
1548 5376 1707 5440 interesse
1735 5385 1845 5456 posset

1098 5474 1132 5537 in
1153 5473 1312 5545 futurum,
1326 5471 1430 5534 161611
1452 5477 1484 5533 61
1505 5470 1603 5533 auditi
1624 5485 1689 5532 non
1708 5469 1840 5544 fuerint,

1098 5571 1152 5629 aut
1162 5564 1346 5645 praemissis
1358 5580 1424 5627 non
1435 5562 1669 5636 consenserint,
1683 5561 1773 5626 nullo
1785 5578 1844 5626 un-

1099 5674 1195 5736 quam
1217 5665 1365 5738 tempore
1387 5658 1426 5719 de
1448 5655 1667 5734 subreptionis
1682 5655 1735 5717 vel
1751 5655 1843 5718 obre-

1098 5751 1214 5830 ptionis
1237 5757 1291 5814 aut
1312 5749 1467 5813 nullitatis
1489 5749 1579 5820 vitio,
1610 5764 1668 5810 seu
1690 5748 1842 5811 intentio-

1098 5844 1146 5906 nis
1176 5849 1304 5908 nostrae
1333 5841 1460 5905 deiectu
1492 5842 1614 5916 notari,
1645 5841 1841 5921 impugnari,

1096 5938 1205 6004 rolin
1233 5935 1487 6002 controversiam
1515 5935 1624 6000 161611
1651 5952 1762 6016 66666,
1786 5938 1843 6001 sed

1710 6087 1737 6130 2³

1781 571 1837 636 177
1886 567 1940 626 An.
1955 570 1985 624 O.
2007 570 2075 624 1837
