4788 6980
340 587 393 640 an.
408 589 437 642 5.
461 591 528 642 1555
580 587 637 650 191

322 3013 367 3059 tio,

557 698 847 802 stantinopolitana,
871 740 951 801 quae
973 725 1006 786 in
1028 724 1170 803 partibus
1192 722 1303 784 infide-

557 815 636 876 lium
659 816 803 877 consistit
825 822 856 877 et
876 816 927 878 cui
944 817 1078 879 dilectus
1094 816 1177 878 tillus
1194 821 1303 876 noster

557 907 588 970 S.
606 909 641 970 li.
659 909 694 970 11.
718 908 893 972 cardinalis
916 909 1023 988 Soglia
1039 915 1240 986 nuncupatus
1256 907 1303 969 ul·

558 1001 652 1062 timus
673 1002 760 1063 illius
782 1003 960 1066 Patriaroha
988 1003 1062 1064 alias
1091 1001 1300 1080 praesidebat,

556 1109 595 1154 eii
617 1111 656 1156 eo
677 1095 764 1171 quod
785 1111 843 1156 nos
865 1112 969 1174 nuper
984 1090 1135 1158 eumdem
1151 1095 1302 1156 loannem

554 1186 756 1249 cardinalem
785 1195 860 1251 tunc
888 1189 1099 1251 Patriarcham
1125 1187 1303 1250 Constanti-

556 1280 777 1358 nopolitanum
806 1300 822 1343 a
850 1283 980 1345 vinculo
1009 1299 1072 1360 quo
1098 1283 1178 1344 dicta
1203 1282 1302 1343 eccle-

555 1374 600 1435 sia
620 1373 970 1455 constantinopolitana
991 1377 1042 1438 oui
1063 1384 1140 1438 tunc
1159 1382 1304 1454 praeerat

556 1468 736 1541 tenebatur,
761 1470 800 1532 de
821 1470 1057 1532 venerabilium
1085 1469 1221 1532 fratrum
1248 1484 1302 1530 no-

555 1566 698 1622 strorum
715 1562 860 1624 eiusdem
876 1561 1007 1625 Sanctae
1022 1563 1181 1625 Romanae
1196 1561 1302 1622 Eccle-

554 1654 618 1715 siae
629 1654 845 1718 Cardinalium
858 1655 991 1718 consilio
1004 1663 1035 1718 et
1046 1656 1237 1735 apostolicae
1249 1671 1302 1733 po·

556 1747 678 1807 testatis
706 1747 907 1826 plenitudine
928 1749 1124 1811 absolvendo
1150 1748 1242 1810 illum
1264 1748 1302 1809 ad

555 1840 704 1902 ecclesias
726 1839 895 1904 Auximan.
920 1849 952 1904 et
975 1841 1145 1919 (lingulam
1162 1842 1300 1904 invicem

555 1938 712 2009 perpetuo
733 1935 883 1996 canonice
905 1936 1009 1997 unitas
1036 1941 1124 1997 certo
1151 1941 1226 1996 tunc
1249 1951 1301 1996 ex-

556 2041 666 2103 presso
698 2027 793 2089 modo
819 2029 955 2090 Pastoris
981 2028 1093 2090 solatio
1122 2028 1300 2097 destitutas,

554 2119 593 2180 de
622 2119 720 2180 simili
747 2121 881 2182 consilio
912 2121 1082 2199 apostolica
1114 2121 1301 2182 auctoritate

554 2212 776 2274 transtulimus
789 2214 1002 2291 praeficiendo
1014 2215 1119 2291 ipsum
1133 2213 1301 2292 praedictis

553 2304 695 2388 ecclesiis
716 2305 885 2368 auximan.
910 2314 943 2369 et
969 2306 1137 2384 Cingulan.
1162 2307 1301 2368 invicem

553 2403 709 2474 perpetuo
731 2400 881 2462 canonice
901 2401 999 2461 unitis
1015 2401 1047 2461 15
1063 2400 1254 2478 Episcopum
1270 2407 1302 2461 et

552 2490 727 2562 Pastorem,
742 2507 862 2564 curam,
880 2493 1028 2569 regimen
1051 2499 1083 2554 et
1103 2492 1301 2554 administra·

553 2583 674 2644 tionem
697 2584 853 2646 dictarum
877 2585 1084 2646 ecclesiarum
1108 2585 1136 2646 ei
1159 2585 1192 2646 15
1210 2586 1301 2663 55111-

555 2676 692 2739 tualibus
721 2683 754 2739 et
781 2678 1013 2756 temporalibus
1045 2677 1189 2755 plenarie
1217 2693 1301 2740 com·

554 2771 711 2831 mittendo
741 2787 798 2849 per
825 2771 1067 2833 translationem
1093 2771 1239 2832 eamdem
1262 2771 1301 2831 si-

554 2863 623 2924 mili
644 2862 780 2924 Pastoris
801 2864 913 2926 solatio
935 2864 1096 2926 destituta.

337 2961 535 3006 1151555515
594 2959 612 3032 5
633 2957 662 3017 2.
686 2955 751 3018 Nos
766 2957 801 3019 ad
819 2957 1037 3034 provisionem
1057 2957 1157 3020 dictae
1172 2959 1302 3036 patriar-

555 3049 651 3111 chalis
680 3050 832 3112 ecclesiae
860 3049 1228 3129 Constantinopolitanae
1252 3067 1301 3113 ce-

555 3143 658 3204 lerem
681 3150 714 3204 et
740 3143 879 3216 felicem,
903 3144 935 3204 in
958 3158 1018 3219 qua
1040 3144 1149 3206 nullus
1175 3151 1301 3221 praeter

555 3253 612 3298 nos
634 3252 668 3298 se
683 3237 901 3298 intromittere
917 3238 1020 3314 potuit
1037 3237 1106 3298 sive
1121 3243 1235 3315 potest,
1252 3255 1300 3300 re-

554 3329 737 3391 servatione
759 3336 793 3390 et
805 3329 936 3391 decreto
951 3329 1179 3392 obsistentibus
1193 3347 1301 3408 supra-

449 3485 451 3490 ,
554 3422 656 3492 115115,
678 3437 719 3483 55
740 3422 805 3501 1555
827 3421 1044 3500 patriarchalis
1066 3423 1198 3484 ecclesia
1219 3423 1300 3486 Con-

553 3515 827 3594 stantinopolitan.
857 3515 972 3592 longae
1004 3516 1175 3578 vacationis
1205 3533 1300 3594 expo-

553 3613 647 3669 natur
671 3607 895 3679 incommodis,
923 3607 1063 3686 paternis
1093 3614 1125 3670 et
1155 3609 1299 3671 sollicitis

552 3700 664 3762 studiis
695 3701 900 3763 intendentes
932 3708 1004 3780 post
1034 3701 1299 3764 deliberationem

552 3809 648 3870 quam
673 3794 712 3855 de
740 3795 952 3871 praeficiendo
981 3794 1086 3856 eidem
1112 3797 1300 3872 patriarcha-

551 3885 573 3946 li
597 3885 748 3947 ecclesiae
766 3885 1108 3964 1155515511555511155.
1130 3903 1299 3965 personam

552 3979 666 4040 utilem
689 3995 722 4040 ac
745 3985 804 4042 etc.
829 3979 1025 4041 fructuosam
1044 3995 1117 4042 cum
1134 3981 1299 4043 venerabi-

553 4071 635 4132 libus
667 4071 818 4133 fratribus
850 4073 969 4133 nostris
1002 4072 1146 4134 eiusdem
1169 4071 1300 4136 Sanctae

552 4165 711 4227 Romanae
743 4164 901 4226 Ecclesiae
936 4165 1155 4227 cardinalibus
1192 4167 1300 4228 habui-

553 4275 624 4321 mus
646 4258 847 4334 diligentem,
872 4259 1003 4320 demum
1025 4259 1061 4320 ad
1086 4265 1116 4320 te
1133 4259 1187 4335 qui
1204 4260 1299 4322 fidem

552 4352 738 4415 catholicam
770 4353 857 4413 iuxta
890 4351 1040 4413 articulos
1068 4351 1257 4429 iampridem
1284 4373 1299 4416 5

553 4445 636 4507 Sede
658 4443 837 4522 Apostolica
860 4445 1038 4522 propositos
1060 4461 1212 4522 expresse
1229 4463 1300 4524 pro-

554 4539 655 4600 fessus
671 4555 715 4610 es,
733 4537 939 4600 consideratis
956 4538 1124 4614 grandium
1140 4539 1298 4602 virtutum

554 4633 678 4693 meritis
710 4632 826 4708 quibus
859 4648 1028 4710 personam
1058 4637 1144 4694 tuam
1170 4633 1298 4696 illarum

554 4725 687 4800 largitor
701 4723 872 4785 altissimus
885 4724 1107 4802 multipliciter
1119 4725 1296 4802 insignivit,

554 4825 586 4879 51
606 4817 807 4878 51155155155
833 4817 918 4894 quod
941 4823 986 4888 tu,
1017 4819 1072 4894 qui
1094 4821 1239 4894 quamvis
1261 4823 1297 4883 aii

553 4910 723 4989 praelatam
750 4910 914 4972 ecclesiam
937 4911 1215 4988 metropolitanam
1240 4915 1298 4977 lla·

552 5003 758 5066 riannensem
785 5009 898 5082 utpote
919 5004 957 5065 ab
978 5005 1161 5066 infidelibus
1190 5007 1298 5070 deten-

553 5105 616 5158 tam
638 5097 788 5158 accedere
810 5096 995 5173 nequivisti,
1021 5105 1170 5176 suscepto
1191 5107 1297 5163 tamen

552 5189 798 5253 consecrationis
830 5205 967 5252 munere
999 5192 1105 5252 omnia
1134 5195 1298 5268 pastoralia

552 5284 660 5345 munia
692 5283 893 5345 laudabiliter
926 5284 1052 5346 obivisti
1085 5286 1295 5362 pontificalia,

551 5367 740 5456 praesertim
763 5377 796 5437 iii
819 5377 1017 5454 patriarchali
1040 5379 1171 5440 ecclesia
1189 5379 1220 5441 S.
1239 5381 1297 5442 lla·

552 5470 615 5531 riae
638 5470 763 5532 11515115
786 5470 824 5532 15
847 5470 933 5532 Urbe
954 5471 1143 5534 solemniter
1158 5473 1297 5536 celebra-

550 5566 601 5634 sti,
625 5578 729 5624 sacros
755 5561 889 5624 Ordines
915 5563 1088 5636 contulisti,
1114 5563 1296 5628 Sacramen-

552 5661 620 5716 tum
652 5655 902 5716 confirmationis
934 5656 1049 5733 spretis
1072 5673 1201 5734 quoque
1223 5660 1296 5722 cho-

550 5747 617 5808 lera
632 5748 736 5809 morbi
753 5749 903 5826 periculis
922 5750 1035 5810 sedulo
1056 5751 1294 5826 administrasti,

550 5840 673 5916 aliaque
704 5841 841 5902 caritatis
874 5841 973 5904 officia
1002 5843 1034 5903 in
1057 5843 1192 5905 diversis
1214 5846 1295 5908 alma

550 5932 631 5992 urbe
646 5940 752 5993 nostra
765 5933 823 6010 piis
835 5933 989 5995 institutis
1004 5951 1129 5998 summa
1141 5954 1214 6000 cum
1230 5939 1295 6000 lau-

1076 606 1141 653 lUR.
1166 605 1257 650 PONT.
1281 605 1321 650 bn
1343 606 1372 650 P.
1396 607 1426 651 P.
1451 607 1534 654 PARS
1554 609 1577 652 L

1359 722 1398 784 de
1420 726 1603 799 exercuisti,
1624 726 1768 788 eamdem
1793 725 2035 802 patriarchalem
2059 741 2106 788 ec-

1359 815 1487 878 clesiam
1509 817 1893 898 constantinopolitanam
1915 819 1995 881 scies
2016 819 2105 880 voles

1359 915 1391 970 51
1413 911 1532 987 5515115
1554 919 1684 974 5551515
1706 913 1842 974 11515155
1864 913 2036 974 salubriter
2058 929 2105 974 15-

1360 1016 1438 1078 gere
1466 1009 1499 1063 51
1530 1003 1667 1065 151151151
1699 1003 1898 1080 gubernare,
1929 1005 2105 1067 direximus

1360 1093 1468 1156 oculos
1489 1103 1618 1158 nostrae
1646 1097 1775 1158 mentis

1399 1187 1417 1260 ἓ
1439 1185 1468 1247 3.
1481 1185 1599 1260 Quibus
1613 1187 1762 1250 omnibus
1779 1189 1883 1252 debita
1898 1190 2105 1253 meditatione

1362 1279 1509 1356 pensatis,
1530 1287 1561 1341 te
1577 1297 1592 1340 a
1608 1281 1775 1357 quibusvis
1791 1282 2011 1361 suspensionis
2027 1291 2059 1344 et
2073 1284 2105 1345 iii

1359 1372 1486 1434 terdicti
1517 1373 1651 1450 aliisque
1680 1381 1740 1436 etc.
1774 1383 1961 1448 censentes,
1993 1382 2106 1438 tenore

1359 1467 1577 1542 praesentium
1601 1474 1631 1529 15
1653 1485 1670 1529 5
1691 1468 1820 1530 1155515
1842 1485 1906 1546 555
1926 1469 2107 1533 115155155-

1361 1559 1569 1636 tropolitanae
1585 1559 1736 1623 ecclesiae
1748 1561 1940 1624 Nazianzen.
1952 1563 2003 1624 cui
2019 1579 2107 1641 prae-

1359 1667 1428 1711 eras
1444 1652 1615 1724 tenebariS,
1633 1653 1671 1714 de
1690 1655 1880 1716 eorumdem
1896 1655 2032 1716 fratrum
2052 1672 2107 1716 55-

1358 1750 1500 1805 51151515
1533 1745 1667 1807 55551115
1696 1752 1728 1807 51
1755 1748 1945 1824 55551511555
1971 1753 2107 1826 5515515-

1359 1837 1398 1896 tis
1420 1837 1621 1915 plenitudine
1649 1838 1865 1912 absolventes,
1892 1841 1930 1902 ad
1960 1842 2104 1903 eamdem

1358 1929 1601 2007 patriarchalem
1624 1932 1790 1994 ecclesiam
1816 1932 2106 2012 Constantinopoli-

1358 2029 1463 2085 tanam
1492 2025 1530 2086 de
1559 2025 1692 2086 consilio
1721 2032 1753 2088 et
1775 2029 1938 2104 potestatis
1969 2029 2105 2105 plenitu-

1358 2118 1432 2179 dine
1453 2117 1613 2179 similibus
1635 2119 1872 2192 transferimus,
1890 2127 1987 2198 teque
2002 2121 2050 2183 illi
2071 2123 2105 2184 15

1358 2208 1570 2270 Patriarcham
1590 2211 1802 2287 praedicimus
1818 2219 1850 2273 et
1864 2219 2036 2289 pastorem,
2053 2232 2105 2277 cu·

1358 2317 1425 2363 rain
1448 2303 1596 2379 regimen
1619 2310 1651 2365 et
1671 2304 1982 2368 administrationem
2005 2307 2105 2370 dictae

1358 2395 1575 2473 patriarchalis
1594 2396 1745 2458 ecclesiae
1760 2396 2102 2478 constantinopolitan.

1360 2489 1415 2550 tibi
1436 2490 1470 2550 15
1491 2489 1709 2566 spiritualibus
1732 2496 1764 2551 et
1784 2493 2014 2568 temporalibus
2041 2495 2105 2573 ple·

1358 2583 1447 2644 narie
1461 2583 1704 2655 committendo,
1721 2583 1921 2662 liberamque
1936 2586 1993 2648 tibi
2008 2588 2046 2649 ad
2061 2589 2105 2650 11-

1357 2683 1439 2738 51515
1461 2676 1704 2753 patriarchalem
1733 2677 1899 2740 eoclesiam
1927 2678 2105 2744 Constanti-

1358 2768 1533 2846 nopolitan.
1560 2769 1747 2830 transeundi
1775 2769 1936 2832 licentiam
1962 2773 2105 2837 tribuen-

1358 2862 1409 2934 do,
1429 2863 1462 2923 15
1480 2861 1536 2923 1115
1552 2862 1606 2938 qiii
1622 2863 1674 2924 dat
1689 2862 1804 2939 gratias
1819 2871 1852 2925 et
1865 2864 2002 2942 largitur
2016 2883 2105 2945 prae·

1358 2956 1420 3017 mia
1442 2957 1651 3028 confidentes,
1675 2957 1761 3033 quod
1786 2957 1947 3034 dirigente
1968 2960 2104 3024 Domino

1358 3055 1444 3110 actus
1466 3055 1538 3110 tuos
1565 3048 1703 3126 praefata
1731 3049 1947 3127 patriarchalis
1973 3053 2105 3116 ecclesia

1357 3141 1706 3220 Constantinopolitano
1728 3159 1785 3220 per
1807 3149 1879 3205 tuae
1911 3146 2105 3225 circumspe-

1357 3233 1470 3295 ctionis
1491 3233 1682 3295 industriam
1698 3239 1731 3295 et
1744 3233 1887 3296 studium
1902 3234 2103 3300 fructuosum

1357 3333 1490 3402 regetur
1511 3326 1635 3388 utiliter
1655 3333 1690 3388 et
1711 3343 1864 3405 prospere
1885 3329 2055 3406 dirigetur,
2073 3339 2105 3394 et

1358 3426 1445 3497 grata
1466 3420 1500 3480 15
1522 3420 1642 3482 eisdem
1665 3421 1884 3498 spiritualibus
1900 3428 1932 3484 et
1946 3429 2105 3502 tempora-

1356 3512 1440 3575 libus
1462 3513 1613 3591 suscipiat
1636 3513 1845 3576 incrementa.
1872 3515 2023 3588 Quocirca
2045 3517 2104 3579 fra-

1357 3608 1498 3669 ternitati
1520 3614 1593 3668 tuae
1615 3623 1672 3684 per
1694 3606 2104 3686 555515115555115151555-

1357 3701 1479 3773 155155,
1497 3706 1655 3776 quatenus
1677 3715 1785 3762 curam
1809 3707 1841 3762 et
1859 3702 2105 3766 administratio-

1357 3810 1431 3856 nem
1454 3793 1608 3872 praefatas
1630 3793 1674 3856 sic
1696 3809 1849 3856 exercere
1872 3795 1999 3856 studeas
2018 3797 2105 3858 solli-

1357 3887 1417 3949 cite
1439 3887 1578 3949 fldeliter
1610 3903 1644 3948 ac
1666 3885 1854 3963 prudenter,
1879 3887 1965 3963 quod
1988 3887 2105 3952 exinde

1356 3982 1473 4059 sperati
1508 3980 1631 4042 fructus
1668 3979 1842 4042 obveniant
1876 3987 1908 4042 et
1943 3988 2015 4044 tuae
2051 3983 2105 4046 bo·

1357 4091 1415 4136 nae
1438 4073 1538 4134 famae
1561 4073 1639 4135 5151
1662 4089 1700 4134 ex
1724 4073 1786 4134 tuis
1801 4073 2013 4136 laudabilibus
2029 4077 2104 4138 actis

1357 4171 1449 4231 latius
1481 4169 1687 4240 diffundatur,
1721 4169 1851 4246 ipsaque
1887 4171 2104 4246 patriarchalis

1357 4264 1488 4326 ecclesia
1520 4261 1862 4339 constantinopolitan.
1895 4263 2104 4338 gubernatori

1357 4357 1492 4434 provido
1513 4373 1547 4417 ac
1568 4355 1734 4416 fructuoso
1756 4355 2007 4417 administratori
2029 4374 2104 4434 gau·

1357 4451 1428 4512 1551
1449 4466 1483 4511 55
1506 4449 1721 4521 commissam,
1739 4455 1839 4524 tuque
1854 4455 1981 4526 praeter
2002 4457 2103 4514 aeter-

1357 4559 1414 4604 nae
1440 4541 1662 4604 retributionis
1694 4542 1873 4618 praemium
1906 4548 2104 4606 nostramet

1356 4637 1456 4698 dictae
1472 4634 1562 4697 Sedis
1578 4633 1834 4696 benedictionem
1854 4640 1886 4695 et
1901 4633 2033 4710 gratiam
2050 4653 2103 4697 ex-

1355 4731 1430 4792 inde
1450 4729 1583 4790 uberius
1605 4727 1758 4804 consequi
1780 4728 1945 4789 merearis.

1395 4823 1463 4899 §lc
1483 4811 1551 4884 'Nos
1580 4822 1667 4883 enim
1697 4820 1752 4881 tibi
1781 4827 1818 4881 ut
1840 4821 1876 4882 ad
1907 4823 2022 4884 dictam
2052 4841 2101 4904 pa·

1356 4916 1558 4979 triarchalem
1587 4914 1752 4976 ecclesiam
1781 4913 2102 4995 Constantinopolita-

1356 5025 1440 5080 nam,
1458 5008 1610 5086 quamdiu
1625 5007 1679 5068 illa
1694 5007 1731 5068 ab
1746 5007 1930 5068 infidelibus
1946 5010 2101 5074 detinebi-

1357 5109 1419 5175 tur,
1433 5102 1584 5165 aocedere
1600 5107 1632 5162 51
1642 5100 1725 5178 5551
1740 5115 1809 5161 eam
1826 5103 2038 5178 personaliter
2052 5123 2102 5168 re-

1355 5195 1461 5256 sidere
1479 5194 1613 5255 minime
1628 5193 1767 5254 tenearis
1783 5195 1952 5271 apostolica
1967 5185 2105 5260 auctori?

1355 5295 1418 5350 tate
1431 5286 1568 5366 praefata
1585 5287 1624 5349 de
1638 5285 1784 5364 specialis
1799 5287 1883 5348 dono
1897 5289 2016 5364 gratiae
2028 5307 2101 5353 con-

1354 5382 1497 5443 cedimus
1521 5387 1553 5442 et
1576 5380 1795 5456 indulgemus,
1820 5397 1854 5441 ac
1875 5381 2008 5460 insuper
2031 5383 2098 5458 tibi,

1353 5481 1390 5536 ut
1410 5482 1526 5537 statum
1549 5481 1641 5535 tuum
1657 5474 1746 5534 iuxta
1762 5473 1950 5550 pontificalis
1967 5475 2101 5552 dignita-

1354 5569 1393 5629 tis
1409 5567 1603 5645 exigentiam
1621 5567 1786 5629 decentius
1804 5572 1914 5628 tenere
1929 5568 2046 5641 valeas,
2061 5569 2100 5632 de

1352 5660 1485 5722 alicuius
1505 5659 1728 5720 subventionis
1743 5659 1863 5720 auxilio
1880 5662 2052 5738 providere
2066 5680 2100 5724 ac

1352 5753 1521 5830 specialem
1546 5754 1680 5829 gratiam
1703 5752 1807 5814 facere
1828 5752 1988 5826 volentes,
2010 5761 2099 5816 motu

1353 5847 1482 5925 proprio
1505 5854 1536 5908 et
1555 5863 1595 5908 ex
1610 5853 1696 5908 certa
1711 5846 1842 5908 scientia
1857 5847 1962 5923 deque
1976 5855 2099 5926 aposto-

1353 5939 1430 6001 licae
1458 5941 1622 6017 potestatis
1653 5939 1867 6018 plenitudine,
1898 5947 1945 6014 te,
1976 5947 2013 6003 ut
2037 5949 2097 6004 etc.

2139 591 2195 643 An.
2211 594 2242 646 Ο.
2264 594 2329 646 1838

2147 1203 2168 1246 Α
2184 1201 2337 1250 115551551-

2126 1254 2217 1300 solvit.

2133 4837 2321 4882 Conditloneset

2121 4891 2256 4954 privilegia
2280 4901 2320 4934 55-

2121 4950 2275 4990 minationis.
