4788 6980
1766 561 1825 622 215
1875 565 1929 616 Aa.
1942 565 1972 615 0.
1995 565 2063 618 1839

292 701 399 756 curata
427 693 539 754 notitia
568 692 743 771 praesentis
772 689 857 754 illius
887 688 1038 750 ecclesiae
1095 687 1215 750 litteras
1240 690 1299 752 hoc
1321 691 1390 769 ipso
1412 692 1463 754 die
1492 693 1576 756 datas
1598 694 1631 755 in
1653 693 1843 772 Delegatum

292 794 392 848 statas
418 787 582 858 habeatur,
606 803 640 847 ac
662 793 749 848 certo
775 790 898 846 constet
923 781 1038 858 qulbus
1095 781 1190 842 etiam
1213 780 1432 860 Apostolicam
1455 801 1512 864 prc
1528 784 1742 848 Orientalibus
1759 787 1792 848 in
1807 788 1844 850 il-

293 880 397 942 modis
422 885 510 942 recto
537 879 693 958 spirituali
722 877 858 941 nationis
887 873 1038 952 regimini
1095 872 1132 934 lis
1154 874 1342 951 regionibus
1373 877 1535 956 eligimus,
1564 879 1788 942 constituimus
1811 889 1844 944 et

294 973 429 1051 prospici
452 973 561 1050 possit,
585 973 625 1034 de
647 987 743 1057 vena.
762 971 898 1033 fratrum
914 973 1039 1030 nostro·
1095 965 1295 1043 deputamur.

292 1082 366 1126 rum
390 1065 421 1127 S.
436 1066 471 1128 n.
485 1066 521 1126 E.
534 1065 750 1128 Cardinalium
773 1062 910 1140 negotiis
925 1062 1038 1140 Propa—
1134 1062 1152 1134 ἓ
1173 1061 1202 1122 2.
1218 1061 1401 1126 Mandamus
1414 1073 1583 1143 propterea
1596 1067 1627 1128 in
1642 1067 1762 1129 virtute
1774 1085 1843 1130 sarr-

293 1159 413 1234 gandae
435 1157 522 1222 Fidei
544 1158 800 1237 praepositorum
822 1153 1039 1226 consiliati·
1095 1157 1161 1213 ctae
1184 1152 1383 1218 obedientiae
1416 1157 1564 1220 omnibus
1594 1167 1626 1220 et
1646 1160 1783 1236 singulis
1805 1163 1841 1222 ad

291 1250 456 1312 sitatorem
469 1249 688 1329 apostolicum
700 1249 797 1312 totius
810 1247 1038 1326 patriarchatus
1095 1259 1174 1321 quos
1196 1255 1315 1324 spectat
1336 1267 1369 1310 ac
1391 1251 1546 1327 spectabit
1562 1252 1596 1313 in
1612 1260 1790 1330 posterum,
1808 1261 1843 1318 ut

291 1343 523 1406 Chaldaeorum
545 1345 731 1421 eligendum
747 1342 927 1412 statuimus,
944 1348 1039 1417 atque
1096 1344 1127 1400 te
1149 1340 1186 1400 ad
1209 1341 1345 1404 cilicium
1364 1343 1507 1421 Delegati
1522 1344 1694 1424 apostolici
1710 1363 1767 1426 pro
1784 1349 1842 1410 de-

292 1438 477 1500 huiusmodi
489 1453 608 1500 munus
621 1437 676 1498 tibi
688 1435 954 1498 committendum
967 1450 1039 1496 ceu·
1096 1441 1193 1509 stato
1215 1442 1247 1496 et
1269 1433 1382 1497 Arabia
1403 1437 1489 1500 iuxta
1513 1441 1728 1516 praesentium
1753 1449 1841 1505 teno-

292 1531 427 1592 sulmus.
451 1530 601 1604 Quocirca
623 1529 775 1606 peculiari
797 1527 1038 1590 tehenevolen-
1095 1540 1165 1586 rem
1198 1527 1355 1605 excipiant
1385 1537 1416 1592 et
1443 1532 1624 1604 admittant,
1658 1534 1781 1612 tibique
1808 1536 1841 1598 in

292 1623 333 1684 tia
355 1624 507 1702 prosequi
529 1623 675 1684 volentes
698 1629 758 1684 eta.
784 1629 814 1683 te
834 1622 921 1682 hisce
936 1620 1038 1682 literis
1096 1618 1262 1688 omnibus,
1293 1635 1374 1696 quae
1401 1623 1437 1684 ad
1468 1623 1652 1687 huiusmodi
1680 1627 1843 1704 pertinent

291 1716 479 1778 auctoritate
500 1717 607 1778 nostrl
636 1715 806 1793 apostolica
828 1716 866 1777 ad
891 1720 1037 1775 nostrum
1095 1711 1245 1784 cilicium,
1263 1721 1389 1789 praesto
1404 1715 1467 1778 sint
1488 1724 1583 1793 atque
1599 1718 1758 1792 obediant,
1775 1729 1842 1782 tua-

291 1816 387 1886 atque
410 1810 505 1872 buius
527 1808 726 1887 Apostolicae
754 1807 843 1872 Sedis
869 1807 1037 1870 arbitrium
1094 1817 1157 1879 que
1179 1805 1317 1867 salubria
1340 1808 1459 1870 monita
1481 1815 1513 1872 et
1528 1811 1673 1872 mandata
1688 1827 1842 1876 reveren-

291 1904 325 1964 in
348 1902 553 1964 visitatorem
575 1901 795 1979 Apostolicum
823 1900 920 1962 totius
942 1899 1037 1961 Patri·
1096 1901 1144 1956 ter
1159 1897 1332 1974 suscipiant
1346 1907 1440 1977 atque
1456 1902 1624 1966 efficaciter
1636 1905 1840 1984 adimpleant,

291 1997 438 2059 archatus
465 1995 711 2066 Chaldaeorum,
735 2011 808 2056 cum
835 1993 984 2055 omuibus
1007 1999 1038 2054 et
1094 1989 1235 2066 alioquin
1247 1994 1440 2056 sententiam
1452 2012 1509 2058 seu
1522 2013 1657 2074 poenam
1673 2014 1768 2076 quam
1781 2003 1841 2064 rite

291 2086 1035 2166 singulislacultatibus,iuribusetprivilegiis,
1094 2083 1207 2144 tuleris
1235 2085 1268 2145 in
1297 2087 1436 2150 rebelles
1465 2105 1522 2150 seu
1552 2093 1711 2165 statueris,
1742 2101 1841 2156 ratam

292 2199 375 2260 quae
396 2183 552 2244 eiusmodi
579 2181 707 2259 propria
728 2188 804 2242 suut
826 2179 929 2252 officii,
953 2179 1037 2242 salva
1094 2177 1297 2250 habebimus,
1331 2186 1363 2241 et
1390 2179 1543 2244 lactemus
1573 2190 1757 2248 auctorante
1783 2188 1842 2250 Dc-

293 2283 400 2338 tamen
428 2291 558 2352 semper
585 2275 618 2335 in
640 2273 822 2352 praemissis
852 2272 1038 2334 auctoritate
1094 2269 1182 2330 minc
1204 2273 1365 2348 usquead
1387 2275 1633 2340 satisfactionem
1649 2281 1840 2358 condignam

291 2368 558 2447 Congregationis
574 2367 763 2430 eorumdem
775 2366 990 2430 cardinalium
1006 2382 1038 2427 e·
1093 2361 1323 2426 inviolabiliter
1344 2366 1520 2429 observari.

292 2463 434 2539 ligimus,
449 2460 673 2524 constituimus
688 2467 721 2522 ot
735 2460 937 2537 deputamus.
954 2459 1037 2521 illau-
1133 2457 1151 2530 ἓ
1173 2455 1202 2516 3.
1219 2455 1290 2520 Non
1305 2457 1503 2522 obstantibus
1515 2463 1797 2528 constitutionibus
1810 2476 1842 2531 et
1880 2483 2018 2528 contrariis
2033 2483 2072 2528 ue-

292 2557 404 2618 damas
426 2559 595 2632 propterea
616 2559 678 2616 ete.
702 2552 901 2628 caeterisque
916 2560 1037 2614 contra·
1093 2550 1310 2613 sauctiouibus
1332 2553 1523 2630 apostolicis,
1547 2559 1746 2636 caeterisque
1768 2578 1840 2626 aon·
1861 2539 1941 2591 regar.

292 2649 347 2710 riis
370 2647 638 2725 quibuscamque.
1093 2642 1198 2704 trariis
1220 2644 1487 2722 quibuscumque.

332 2743 445 2804 Datum
468 2740 587 2802 Romae
609 2740 691 2818 apud
714 2737 746 2800 S.
763 2739 894 2801 Petrum
910 2739 970 2800 sub
985 2755 1037 2800 an·
1133 2736 1247 2800 batum
1262 2738 1391 2812 Romae,
1409 2742 1491 2818 apud
1509 2740 1539 2804 S.
1557 2743 1689 2807 Petrum
1710 2749 1770 2810 sub
1789 2767 1842 2812 an-

293 2836 371 2898 uulc
385 2835 496 2896 Piscat.
513 2833 564 2895 die
581 2849 694 2895 nuvru.
711 2833 786 2894 maii
800 2849 1036 2905 dccccxxxix„
1094 2830 1171 2892 nulo
1186 2831 1297 2892 Piscat.
1314 2832 1366 2896 die
1382 2851 1495 2896 xxvrn.
1513 2837 1587 2898 maii
1603 2854 1839 2916 abacorum„

294 2917 493 3009 pontificatus
515 2929 616 2989 nostri
637 2943 721 2988 anno
742 2944 786 2988 rx.
1095 2923 1296 2998 pontificatus
1319 2926 1421 2988 nostri
1443 2944 1527 2990 anuo
1548 2946 1592 2992 nr.

898 571 1074 617 GREGORIUS
1095 571 1146 616 ΡΡ.
1172 573 1236 618 XVl.

550 3087 787 3097 ..d-—

599 3207 731 3272 CXLIX.
1440 3208 1501 3272 GL.

294 3397 478 3476 Datapatara
501 3395 637 3474 Apoatal.
662 3410 721 3474 pra
746 3393 881 3473 Aeppptc
908 3399 937 3454 ct
958 3395 1038 3456 Ara-

332 3487 385 3552 bia
406 3487 583 3557 constitnit,
607 3487 707 3566 ipsias
727 3486 866 3566 regionis
891 3485 954 3548 Via.
979 3486 1037 3566 Ap.

332 3581 428 3644 latini
448 3582 533 3642 ntae
554 3579 610 3659 (l).

1095 3389 1312 3470 depretiatam
1327 3393 1518 3458 Farnandez
1539 3395 1576 3458 da
1594 3395 1741 3463 Cardaba
1756 3402 1844 3482 eligit

1134 3484 1338 3564 Praefectura
1359 3487 1572 3567 Apcataiiaarn
1594 3490 1793 3564 missionem,
1814 3500 1843 3556 at

1134 3579 1337 3658 collegiorum
1367 3579 1630 3662 Gangrapatianir
1658 3583 1694 3645 aa
1723 3584 1843 3666 Propa-

1134 3670 1243 3750 gandd
1274 3671 1352 3734 Fida
1379 3673 1415 3734 in
1445 3673 1593 3737 Amaricd
1624 3674 1841 3750 Maridianali,

1136 3765 1189 3826 cai
1208 3764 1382 3844 foeditates
1404 3764 1519 3830 tribuit
1540 3766 1764 3833 Commisaaric
1789 3771 1843 3834 Ga-

1134 3859 1240 3920 narali
1260 3857 1430 3922 ludicram
1451 3860 1580 3924 concedi
1600 3863 1723 3932 salitas,
1740 3879 1843 3942 qaant-

1135 3966 1193 4028 qaa
1213 3951 1254 4013 ad
1276 3949 1333 4012 baa
1354 3951 1421 4014 ianr
1441 3953 1693 4018 renunciaverat
1715 3955 1843 4020 Arabia·

1132 4043 1295 4124 piaccpara
1317 4043 1535 4108 ditationaarn.

294 3768 412 3835 Dilecta
442 3767 506 3833 tilia
539 3765 691 3849 Perpetua
722 3781 740 3829 a
772 3764 880 3831 Satara
912 3765 1038 3832 tratrcn

334 3861 403 3928 ort.
434 3859 578 3927 lticcrun
608 3855 641 3923 S.
674 3857 830 3925 francisci
860 3858 896 3924 de
926 3859 1038 3926 Obser-

333 3955 441 4034 tantia,

463 4135 680 4205 altecomus
704 4137 764 4202 ΡΡ.
790 4134 863 4202 avt.

1096 4227 1213 4296 attacta
1234 4229 1299 4296 tilia
1321 4231 1499 4312 prasinam
1522 4231 1690 4316 Augustino
1706 4234 1840 4303 fernan-

1135 4322 1191 4388 dez
1218 4323 1252 4388 de
1276 4321 1411 4390 Gelduba
1441 4323 1565 4392 baceno
1594 4325 1756 4395 Ecclesiae
1779 4330 1840 4396 hle-

1134 4415 1336 4500 trcpclitaaae
1358 4418 1394 4483 de
1417 4415 1512 4496 Plata,

570 4325 687 4392 Dilecta
710 4323 762 4402 tili,
819 4325 822 4332 “

326 4423 507 4490 salutemet
529 4419 727 4502 apostolicam
751 4417 1003 4484 benedictionem.

333 4615 352 4688 ς
370 4611 397 4672 l.
410 4609 492 4672 Gum
504 4607 774 4672 christifidelibus
786 4607 917 4670 Rituum
929 4605 1038 4670 Orien-

293 4706 404 4767 talium
418 4703 511 4764 valde
527 4700 733 4779 prolatarum
748 4700 936 4762 noverimus
948 4699 1038 4762 llele-

294 4804 402 4876 gatam
424 4793 643 4873 apostolicum
665 4809 723 4870 pro
745 4792 891 4870 Aegypto
914 4799 945 4854 et
963 4791 1038 4854 hra-

294 4891 343 4954 bia
357 4888 504 4952 constitui
521 4889 557 4948 ad
574 4902 721 4948 normam
735 4885 833 4958 illius,
850 4885 905 4964 qui
920 4885 1038 4948 iamdiu

294 4986 325 5046 in
348 4983 488 5044 Mentem
511 4979 667 5041 Libanum
682 4978 765 5040 mitti
781 4980 961 5042 consuevit:
980 4995 1038 5041 nos

294 5078 333 5139 de
354 5075 421 5138 VV.
438 5073 496 5135 FF.
513 5072 579 5134 NN.
598 5071 629 5134 S.
643 5073 678 5135 R.
693 5072 728 5133 Ε.
745 5071 961 5134 Gardiualium
984 5089 1038 5136 ne-

295 5169 388 5246 gotiis
416 5168 639 5246 Propagandae
668 5165 755 5228 Fidei
783 5167 1038 5244 praepositorum

293 5251 426 5324 consflio
448 5261 605 5324 eiusmodi
629 5277 746 5321 munus
766 5260 823 5321 tibi
838 5261 1039 5322 committen-

294 5355 370 5416 dum
386 5355 581 5424 censuimus,
596 5371 631 5416 ea
644 5352 786 5430 prolecto
801 5369 857 5430 spe
869 5353 942 5415 freti
957 5353 1037 5425 lore,

294 5455 329 5509 ut
343 5463 401 5524 pro
416 5455 469 5509 tua
484 5446 640 5524 singulari
656 5447 782 5524 pietate,
797 5446 951 5520 doctrina,
966 5463 1039 5524 pru-

294 5541 399 5604 dentia
431 5558 465 5602 ac
496 5540 662 5616 religionis
694 5541 917 5618 propagandae
949 5542 1037 5613 zelo,

294 5650 412 5696 munus
443 5634 547 5712 ipsum
581 5633 742 5695 cumulate
774 5633 815 5694 sis
838 5634 1038 5710 expleturus.

293 5727 442 5802 Quocirca
459 5735 500 5801 te,
517 5742 614 5804 quem
637 5744 694 5806 per
715 5727 837 5789 similes
853 5727 1040 5806 apostolicas

333 5943 363 5995 tl)
379 5943 415 5986 Ex
430 5943 492 5997 Rag.
508 5939 630 5986 bravium
646 5941 694 5987 vol.
711 5943 760 5997 lv„
775 5955 797 5998 p.
813 5944 859 5986 28⁷.

1267 4600 1488 4670 adsecutus
1512 4603 1573 4670 ΡΡ.
1596 4604 1669 4672 ttttt.

1373 4791 1491 4858 ttitecte
1516 4793 1570 4872 liti,

1128 4887 1256 4954 aetutem
1279 4891 1310 4953 et
1331 4885 1529 4970 apostolicam
1554 4887 1806 4956 benedictionem.

1135 5075 1284 5138 Universi
1301 5077 1458 5138 Dominici
1475 5077 1583 5154 gregis
1598 5078 1683 5140 salus
1698 5079 1789 5142 nobis
1804 5081 1842 5142 ab

1094 5170 1164 5247 ipsc
1186 5169 1351 5230 Pastorum
1379 5169 1524 5247 Principe
1548 5177 1579 5232 et
1600 5170 1756 5250 Episcopo
1778 5174 1842 5234 ani-

1096 5277 1221 5324 marum
1254 5263 1406 5324 divinitus
1439 5263 1608 5324 commissa
1639 5266 1778 5342 postulat
1799 5274 1842 5327 at-

1096 5369 1160 5431 que
1182 5355 1342 5431 efflagitat,
1365 5361 1402 5415 ut
1423 5355 1502 5416 nibil
1529 5371 1671 5433 unquam
1693 5358 1842 5420 inausum

1096 5448 1241 5524 nihilque
1273 5448 1479 5525 inexpertum
1512 5449 1743 5526 relinquamus,
1778 5467 1842 5528 qao

1095 5541 1220 5602 summa
1242 5555 1315 5602 cam
1335 5541 1541 5603 contentione
1557 5543 1702 5604 omnium
1717 5543 1843 5604 christi-

1095 5634 1239 5697 fidelium
1270 5635 1353 5695 bono
1382 5641 1477 5710 atque
1504 5634 1633 5697 utilitati
1660 5635 1842 5714 quibusque

1096 5729 1192 5791 rebus
1208 5728 1423 5790 consulamus.
1441 5727 1520 5790 lliuc
1534 5729 1658 5807 paterni
1673 5729 1771 5792 animi
1787 5747 1842 5792 nc-
