4864 6994
97 613 150 662 nn.
167 611 201 662 C·
225 609 294 662 1831
933 621 1107 670 cncoonuts
1128 623 1178 668 rr.
1203 621 1267 668 xvr.
1817 605 1855 667 27
1906 607 1958 658 An·
1974 607 2004 656 0·
2026 606 2093 659 1831

349 742 376 804 7.
400 742 530 808 Festum
551 745 764 810 Ascensionis
1131 756 1204 802 cum
1226 741 1326 819 possit
1346 739 1525 813 transferri,
1548 741 1697 803 translata
1719 739 1815 800 etiam
1830 739 1875 799 vi-

348 835 377 897 8.
462 857 479 898 s
557 840 771 904 Pentecostes.
1132 835 1206 911 gilla
1221 851 1292 896 cum
1309 833 1429 896 ieiunio
1441 835 1477 896 ad
1490 835 1679 896 sabbathum
1692 833 1875 894 immediate

348 928 378 990 9.
396 930 468 992 Fer.
482 948 545 994 sec.
563 933 775 996 Pentecostes.
1131 928 1336 1005 praecedens,
1354 935 1386 990 et
1401 928 1557 1006 publicata
1572 927 1742 1004 quotannis
1757 925 1876 1004 populo

332 1019 378 1084 lb.
404 1021 595 1086 Solemnitas
616 1025 766 1105 Corporis
785 1025 914 1087 Christi.
1132 1037 1171 1081 ert
1184 1020 1274 1081 altari
1285 1021 1470 1082 huiusmodi
1486 1028 1554 1082 tum
1566 1019 1695 1096 vigiliae
1715 1025 1782 1080 tum
1804 1018 1876 1080 testi

332 1115 379 1176 lt.
403 1115 535 1179 Festum
558 1117 613 1180 SS.
638 1118 746 1197 Apost.
771 1119 857 1180 Petri
883 1124 915 1178 et
937 1115 1034 1177 Pauli.
1132 1113 1350 1186 translatione,
1367 1122 1409 1186 et,
1426 1116 1451 1175 si
1475 1115 1545 1175 lieri
1572 1119 1677 1190 queat,
1701 1113 1797 1174 etiam
1820 1127 1877 1190 per

333 1209 379 1270 12.
464 1229 482 1271 »
560 1211 710 1274 Omnium
733 1211 933 1274 Sanctorum.
1133 1207 1272 1268 edictum
1302 1209 1476 1286 publicum,
1508 1207 1560 1269 vel
1582 1207 1643 1268 alio
1672 1208 1767 1268 modo
1795 1207 1876 1268 sole-

335 1301 381 1362 l3.
465 1322 483 1362 s
561 1305 786 1384 Contentionis
809 1305 842 1366 B.
868 1305 907 1364 ll.
934 1302 969 1364 V.
1134 1301 1261 1370 maiori,
1279 1301 1356 1362 lacta
1376 1317 1504 1379 semper
1520 1301 1685 1362 mentione
1700 1299 1833 1361 huiusce
1848 1317 1876 1360 a·

335 1395 380 1456 ll.
465 1417 483 1456 s
561 1398 739 1460 Nativitatis
761 1399 796 1460 D.
821 1397 858 1459 N.
882 1397 905 1458 l.
929 1396 963 1458 C.
1134 1393 1417 1471 postoliciindulti.
1432 1393 1769 1469 Deindequantumad
1782 1408 1877 1470 opera

335 1487 380 1548 te.
465 1508 483 1546 »
562 1489 593 1551 S.
618 1491 770 1570 Stephani
792 1500 930 1570 protom.
1132 1487 1261 1547 servilia
1283 1486 1536 1564 pauperioribus
1560 1486 1647 1546 iuxta
1669 1492 1738 1547 tuas
1753 1502 1876 1564 preces,

1135 1578 1293 1656 aliquibus
1316 1578 1428 1641 diebus
1444 1579 1532 1640 iestis
1549 1579 1774 1656 permittenda,
1792 1579 1879 1640 beni-

692 1681 727 1742 ΙΙ,
1136 1687 1198 1749 gne
1221 1672 1434 1744 concedimus,
1458 1679 1494 1733 ut
1514 1679 1621 1734 autem
1644 1673 1677 1732 in
1696 1678 1878 1733 sanctorum

1137 1765 1221 1827 Petri
1244 1772 1276 1827 et
1293 1766 1381 1827 Pauli
1395 1767 1610 1844 apostolorum
1628 1765 1720 1837 testo,
1738 1772 1820 1826 sarta
1836 1771 1881 1825 te-

106 1864 317 1968 [marita-notre-
375 1863 393 1937 5
414 1861 443 1922 3.
469 1863 699 1928 Transierenda
722 1867 754 1927 in
777 1865 968 1928 dominicam
989 1875 1081 1938 supe·
1136 1865 1249 1936 ctaque
1271 1866 1422 1920 consueta
1444 1859 1494 1920 die
1516 1859 1672 1935 vigesima
1697 1875 1781 1920 nona
1802 1859 1881 1921 iunii

94 1932 317 2020 sse‘ss'd'ossussfm'
337 1955 455 2016 riorem
479 1963 532 2018 aut
552 1959 699 2036 proxime
721 1960 961 2036 insequentem:
1137 1952 1351 2014 celebratione
1380 1959 1412 2012 et
1438 1952 1628 2013 sacrosancti
1654 1952 1767 2012 missae
1789 1952 1882 2013 sacri-

741 2113 743 2116 ,
1138 2046 1199 2108 dcii
1230 2045 1397 2106 assistendi
1427 2045 1620 2121 obligatione
1649 2045 1764 2106 divinis
1796 2052 1883 2107 ante-

339 2141 365 2200 l.
390 2141 518 2202 Festum
541 2141 718 2206 Natiuitatis
730 2145 761 2208 S.
780 2143 903 2206 loannis
915 2141 1080 2220 Baptistae.
1138 2138 1321 2200 meridianis
1343 2137 1506 2206 absolutis,
1530 2139 1673 2216 permitti
1692 2138 1883 2216 pauperibus

336 2234 365 2294 2.
449 2253 467 2294 e
546 2236 779 2316 Assumptionis
800 2238 834 2298 B.
853 2237 893 2298 M.
911 2236 948 2298 V.
1138 2233 1267 2310 possint.
1299 2230 1443 2306 Denique
1476 2230 1594 2292 testum
1624 2230 1730 2293 Sancti
1760 2231 1884 2292 Martini

337 2327 366 2388 3.
449 2347 467 2387 »
545 2328 722 2392 Natiuitatis
743 2331 778 2391 Β.
796 2331 835 2392 Μ.
852 2329 890 2391 V.
1139 2324 1285 2402 Episcopi
1307 2340 1364 2402 pro
1388 2323 1457 2384 loro
1472 2323 1674 2400 abrogamus,
1692 2326 1826 2385 servatis
1842 2331 1884 2385 ta-

337 2421 367 2480 l.
451 2439 469 2480 »
547 2423 684 2486 Dedicat.
710 2424 741 2486 S.
766 2423 925 2485 Michaelis
947 2421 1041 2483 llrch.
1140 2433 1214 2480 men
1243 2419 1281 2478 iis
1310 2417 1443 2479 caeteris
1472 2417 1717 2488 conditionibus,
1749 2419 1884 2494 quaein

337 2514 367 2574 tt.
385 2514 475 2576 Festa
491 2513 546 2576 SS.
564 2517 775 2579 Patronorum
795 2517 1000 2579 ecclesiarum
1017 2513 1085 2590 qui·
1139 2517 1391 2572 commemorato
1413 2511 1585 2588 apostolico
1604 2511 1650 2571 Pii
1665 2510 1742 2573 lllll.
1760 2512 1885 2574 indulto

398 2608 456 2668 bus
477 2609 510 2670 in
532 2609 608 2670 locis
631 2610 797 2688 hucusque
819 2610 977 2672 celebrata
998 2613 1082 2667 sunt.
1141 2605 1279 2666 adiectae
1301 2609 1387 2674 sunt,
1412 2611 1444 2664 et
1465 2605 1632 2664 contrariis
1655 2621 1719 2665 non
1735 2605 1886 2666 obstanti-

339 2701 368 2761 li.
392 2700 619 2764 Celebritatem
643 2721 701 2782 pro
722 2705 922 2766 incremento
952 2701 1084 2776 frugum
1140 2699 1199 2758 bns
1223 2697 1490 2774 quibuscumque.

399 2793 432 2854 in
454 2794 567 2856 leriam
590 2796 762 2858 secundam
785 2797 997 2856 Pentecostes.
1180 2791 1294 2852 Datum
1316 2790 1434 2851 Romae
1456 2790 1538 2866 apud
1561 2788 1591 2851 S.
1613 2790 1744 2852 Petrum
1759 2792 1819 2853 suh
1834 2809 1887 2852 an-

1142 2885 1219 2948 nulo
1241 2881 1407 2945 Piscator'rs
1430 2883 1480 2944 die
1496 2899 1576 2943 xxrr.
1594 2899 1668 2944 nor.
1686 2901 1885 2946 dccccxxxi.

691 2982 740 3044 lll.
1142 2978 1342 3057 pontificatus
1365 2976 1465 3036 nostri
1486 2992 1569 3037 anno
1592 2994 1613 3036 r.

105 3179 322 3280 ,ffiffltssffiffi'
381 3169 450 3244 §la
473 3169 534 3231 Pro
556 3169 626 3232 loro
650 3171 781 3232 omnino
802 3169 1039 3247 abrogandum:
1399 3176 1637 3186 Ἣ

342 3355 471 3418 Festum
499 3354 530 3417 S.
559 3357 683 3418 Martini
708 3357 854 3436 Episcopi
879 3373 936 3435 per
962 3357 1089 3435 provin·
1475 3353 1555 3417 xxl.

404 3449 464 3510 cias
487 3449 641 3510 dioecesis
667 3449 874 3512 Hildesiensis
896 3449 1091 3511 archi-dioe-

405 3543 467 3604 cesi
479 3542 684 3618 Moguntinae
701 3544 832 3606 antehac
845 3543 1001 3604 subiectas
1016 3543 1091 3603 huc·
1146 3541 1423 3622 Archiepiscopcm
1445 3538 1669 3604 Duhliaeuaem
1694 3541 1892 3606 l'isitctorem

403 3651 506 3712 usque
527 3636 632 3696 solum
654 3635 862 3698 celebratum.
1186 3634 1293 3714 Apost.
1318 3635 1485 3695 constituit
1506 3636 1694 3698 ocococterti
1715 3635 1746 3696 S.
1768 3635 1893 3697 liuciae

693 3781 733 3844 W
1187 3727 1223 3788 de
1254 3725 1359 3790 Cadra
1390 3725 1520 3788 Ordinis
1549 3727 1578 3789 S.
1604 3727 1775 3798 Dominici,
1796 3745 1893 3808 prope

1187 3819 1371 3882 Dobtictcm.

144 3939 188 3996 ne,
199 3933 328 3988 operibus
387 3921 406 3995 ς
426 3919 455 3980 ὃ.
470 3916 571 3996 Opera
583 3917 712 3979 servilia
724 3918 926 3996 pauperibus,
941 3919 996 3995 qui
1008 3919 1093 3979 diur-

106 3989 329 4102 ῗξὶἶῖξῇἓᾟζῐῇῗῑὲἰ
347 4030 390 4075 no
411 4012 521 4073 labore
549 4011 672 4071 victum
699 4010 758 4072 sibi
786 4018 980 4088 comparant,
1004 4027 1093 4072 sacro
1148 4007 1224 4074 ven.
1241 4007 1329 4073 tratri
1348 4005 1462 4072 Danieli
1480 4006 1718 4094 Archiepiscopo
1736 4009 1892 4075 Duhlinen.

105 4108 147 4140 ⁵¹⁵·
348 4105 467 4176 audito,
491 4110 524 4164 et
545 4103 661 4164 divinis
689 4103 950 4165 antemeridianis
972 4105 1095 4166 absolu-

348 4200 398 4270 tis,
422 4197 544 4258 festivis
565 4196 676 4257 diebus
699 4196 846 4258 omnibus
868 4198 1093 4274 permittenda,
1322 4191 1541 4259 statuemus
1565 4193 1625 4258 ΡΡ.
1650 4193 1722 4260 xvt.

349 4290 490 4369 exceptis
512 4295 618 4350 tamen

1364 4379 1553 4447 Venerabilis
1574 4381 1682 4460 trater,

352 4477 379 4538 l.
403 4475 495 4536 Festo
516 4473 693 4536 Nativitatis
715 4474 750 4536 D.
774 4473 811 4537 N.
836 4475 857 4536 l.
879 4475 913 4538 C.
1186 4474 1315 4540 salutern
1338 4477 1370 4539 et
1393 4474 1592 4557 apostoticam
1616 4474 1865 4542 benedictionem.

350 4569 379 4630 2.
443 4587 460 4626 s
515 4566 727 4628 Ascensionis.

351 4662 380 4722 3.
444 4678 462 4720 s
517 4657 667 4722 Omnium
691 4659 891 4732 Sanctorum,
913 4669 945 4723 et
959 4663 1098 4739 denique
1192 4664 1261 4738 §l
1279 4663 1383 4736 Quum
1399 4662 1532 4725 dilectae
1547 4663 1718 4726 inChristo
1735 4665 1817 4727 filiae
1833 4681 1899 4727 mo·

353 4754 381 4814 h.
406 4752 523 4815 Diebus
546 4753 712 4814 dominicis
734 4769 791 4831 per
813 4770 943 4816 annum.
1154 4756 1252 4817 niales
1274 4754 1348 4817 Drd.
1368 4753 1398 4816 S.
1416 4755 1571 4817 Dominici
1587 4758 1774 4819 monasterii
1791 4757 1821 4819 S.
1840 4759 1899 4819 lla·

1155 4849 1219 4910 riae
1242 4849 1281 4910 de
1302 4847 1401 4910 Cabra
1423 4863 1522 4926 prope
1538 4848 1736 4922 Duhlinium,
1755 4850 1900 4928 pluribus

393 4940 411 5013 ἓ
432 4937 461 5000 6.
476 4938 539 5000 Nos
551 4939 662 5015 igitur,
677 4939 732 5015 qui
745 4940 890 5002 divinum
906 4941 1028 5002 cultum
1041 4957 1099 5019 pro
1155 4949 1187 5003 et
1208 4942 1338 5018 quidem
1361 4942 1511 5018 gravibus
1532 4944 1684 5005 adductae
1710 4944 1898 5015 rationibus,

354 5031 476 5092 viribus
491 5047 685 5109 promovere
701 5039 733 5092 et
748 5047 867 5108 augere
884 5033 1049 5106 debemus,
1063 5035 1100 5095 ris
1156 5035 1287 5096 omnino
1310 5051 1438 5096 necesse
1457 5052 1525 5096 esse
1540 5037 1750 5114 exposuerint
1764 5039 1801 5099 ad
1817 5043 1901 5099 tran-

356 5124 515 5196 omnibus,
532 5140 613 5200 quae
630 5127 771 5203 exposita
786 5133 871 5198 sunt,
889 5134 1014 5188 mature
1031 5143 1101 5204 per·
1155 5128 1347 5205 quillitatem
1370 5129 1633 5206 recuperandam,
1658 5131 1695 5191 ad
1717 5131 1902 5192 monasterii

355 5217 473 5296 pensis,
498 5217 705 5280 Hildesiensis
728 5225 760 5280 et
781 5217 1035 5296 Osnaburgensis
1055 5237 1101 5280 ca·
1156 5221 1364 5304 disciplinam,
1389 5228 1421 5282 et
1443 5221 1587 5283 eiusdem
1614 5224 1827 5301 temporalem
1852 5240 1902 5285 re-

358 5311 467 5372 tholici
483 5312 592 5388 gregis
607 5313 776 5374 commodo
792 5313 976 5391 prospicere
991 5314 1101 5375 volen-
1157 5315 1326 5393 parandam
1338 5315 1657 5389 administrationem,
1671 5319 1902 5379 monasterium

358 5411 416 5476 tes,
447 5405 595 5482 precibus
616 5405 765 5481 votisque
792 5405 854 5466 tuis
880 5405 1021 5483 benigne
1050 5423 1102 5468 an·
1156 5408 1262 5486 ipsum
1279 5413 1352 5469 tuae
1366 5408 1578 5470 iurisdictioni
1592 5409 1715 5480 subiici,
1733 5427 1790 5472 nos
1806 5411 1903 5472 rebus

358 5505 507 5569 nuentes‚
530 5499 717 5560 auctoritate
739 5505 848 5560 nostra
869 5501 1038 5577 apostolica
1057 5501 1103 5562 in·
1159 5501 1307 5562 omnihus
1328 5508 1454 5563 mature
1482 5503 1658 5580 perpensis,
1683 5504 1903 5565 consideratis-

359 5589 542 5667 dulgemus,
567 5597 602 5652 ut
623 5591 742 5653 lestum
764 5592 798 5653 B.
817 5593 856 5654 ll.
875 5593 911 5654 V.
929 5593 962 5655 in
977 5594 1103 5656 coelum
1159 5609 1222 5671 que
1245 5595 1436 5656 testimoniis
1458 5596 1628 5657 veritatem
1650 5597 1746 5658 totius
1769 5599 1817 5658 rei
1831 5615 1904 5660 con-

361 5691 499 5756 evectae,
525 5685 584 5746 etsi
607 5685 659 5746 vel
684 5686 823 5746 maximo
850 5692 1046 5763 optaremus
1069 5693 1105 5747 ut
1159 5687 1371 5759 firmantibus,
1386 5689 1591 5750 earumrotis
1606 5689 1746 5765 henigne
1761 5707 1905 5752 annuere

361 5777 422 5850 die,
447 5793 510 5854 quo
540 5777 577 5839 ab
605 5778 757 5839 universa
786 5779 937 5840 catholica
966 5778 1105 5841 Ecclesia
1159 5781 1359 5855 censuimus3
1383 5798 1440 5842 nos
1462 5783 1561 5858 igitur
1584 5799 1694 5843 omnes
1717 5790 1749 5844 et
1762 5786 1905 5862 singulos

361 5871 477 5946 agitur,
491 5870 722 5942 celebraretur,
740 5877 847 5932 tamen
863 5871 900 5932 ad
916 5873 1106 5949 praeceden-
1161 5873 1276 5951 quibus
1288 5873 1347 5934 hae
1364 5873 1488 5936 litterae
1506 5875 1624 5948 lavent,
1642 5877 1795 5955 peculiari
1810 5879 1906 5940 bene-

364 5970 427 6025 ten
449 5965 502 6026 rel
524 5964 561 6025 ad
582 5964 835 6054 subsequentem
858 5964 943 6026 diem
973 5965 1107 6027 domini·
1162 5966 1288 6028 licentia
1310 5967 1460 6044 prosequi
1482 5966 1640 6041 volentes,
1665 5975 1697 6030 et
1711 5987 1728 6030 a
1743 5970 1907 6048 quibusvis
