4770 6982
903 654 1078 700 canabinas
1099 656 1150 700 PP.
1174 654 1240 700 xvh

295 769 420 833 Ciliciae
436 767 657 836 Armenorum
673 790 730 854 per
745 789 843 836 vena.
857 773 973 836 fratres
989 791 1044 836 no·

295 871 378 927 stros
393 863 566 946 Episcopos
583 869 754 932 catholicos
768 869 905 930 nationis
917 869 1043 931 Ciliciae

295 956 513 1023 armenorum
530 961 653 1036 tactam,
668 963 707 1024 de
719 977 816 1024 vena.
839 977 968 1040 quoque
984 961 1044 1024 lra-

296 1059 382 1114 trum
399 1061 586 1118 nostrorum
600 1054 632 1118 S.
643 1055 678 1118 ll.
688 1056 724 1118 E.
739 1055 957 1118 Cardinalium
970 1073 1043 1118 con-

295 1146 367 1208 silio
389 1149 559 1226 apostolica
580 1149 769 1211 auctoritate
784 1151 996 1228 approbantes
1013 1159 1045 1212 et

295 1241 535 1314 confirmantes,
553 1249 650 1320 teque
665 1260 681 1304 a
696 1244 827 1306 vinculo
843 1259 906 1322 quo
922 1245 1044 1306 archie-

295 1333 446 1414 piscopali
468 1335 621 1398 ecclesiae
636 1335 809 1400 Caesareae
828 1337 880 1400 cui
895 1353 1043 1416 praeeras

295 1429 456 1490 tenebaris
472 1429 510 1492 de
525 1430 623 1492 simili
645 1431 778 1493 consilio
800 1449 833 1494 ac
853 1431 1043 1510 apostolicae

295 1523 460 1599 potestatis
482 1523 684 1600 plenitudine
706 1525 922 1598 absolventes,
954 1533 984 1588 te
1005 1529 1043 1589 ad

294 1615 540 1694 patriarchalem
557 1618 724 1680 ecclesiam
747 1621 933 1683 huiusmodi
955 1628 1043 1684 certo

294 1716 371 1772 tunc
385 1726 539 1789 expresso
558 1713 654 1774 modo
667 1714 802 1790 pastoris
818 1715 932 1776 solatio
948 1716 1043 1778 desti-

294 1809 406 1876 tutam,
430 1805 518 1866 iuxta
540 1806 708 1868 decretum
731 1808 764 1868 in
783 1807 1043 1886 Congregatione

294 1899 484 1960 eorumdem
511 1899 648 1961 fratrum
677 1907 864 1964 nostrorum
889 1902 920 1964 S.
944 1903 979 1965 R.
1005 1905 1040 1966 Ε.

293 1992 509 2056 Cardinalium
527 1994 664 2071 negotiis
680 1995 719 2058 de
742 1997 945 2075 Propaganda
967 1998 1043 2061 Fide

293 2088 551 2167 praepositorum
574 2089 713 2167 desuper
735 2099 918 2152 emanatura
938 2099 970 2154 et
985 2109 1043 2172 per

293 2198 351 2243 nos
373 2181 596 2260 approbatum,
621 2182 660 2243 de
679 2183 746 2260 pari
768 2184 902 2245 consilio
918 2193 1042 2264 aposto-

292 2275 351 2338 lica
374 2275 563 2337 auctoritate
579 2275 737 2354 praedicta
761 2275 856 2339 hodie
872 2281 1043 2342 transtule-

293 2369 406 2442 rimus,
425 2376 521 2446 teque
536 2369 596 2448 ipsi
612 2369 764 2432 ecclesiae
779 2371 812 2432 in
828 2371 1040 2438 Patriarcham

291 2464 541 2541 praefecerimus
551 2471 881 2542 etpastor·em‚curam
893 2470 1042 2545 regimen

292 2565 325 2618 et
336 2557 647 2620 administrationem
660 2559 877 2636 patriarchalis
891 2563 1043 2626 ecclesiae

293 2651 479 2712 huiusmodi
501 2651 557 2712 tibi
579 2652 613 2712 in
634 2653 855 2730 spiritualibus
873 2661 905 2716 et
920 2663 1043 2735 tempo-

292 2747 413 2808 ralibus
443 2747 585 2825 plenarie
617 2749 861 2822 committendo,
886 2760 982 2829 prout
1009 2755 1042 2816 ia

293 2841 411 2901 nostris
433 2841 507 2902 inde
523 2840 675 2902 conlectis
692 2841 807 2904 litteris
823 2843 950 2922 plenius
969 2863 1042 2910 oon-

292 2933 425 3008 tinetur3
439 2953 473 2997 ac
485 2936 690 3012 postmodum
704 2936 846 3014 pallium,
857 2938 984 3015 insigne
997 2943 1042 3002 vi·

293 3028 409 3090 delicet
427 3028 635 3106 plenitudinis
653 3030 842 3106 pontificalis
862 3033 966 3104 officii,
984 3049 1042 3112 pro

292 3125 382 3198 parte
398 3127 450 3181 tua
466 3120 564 3182 luerit
579 3121 670 3182 nobis
694 3121 790 3184 hodie
811 3139 867 3201 per
889 3115 1041 3188 dilectum

293 3213 396 3278 filium
418 3213 569 3282 Carolum
592 3213 764 3277 armellini
790 3223 918 3278 nostrae
941 3221 1042 3281 consi-

292 3307 431 3368 storialis
446 3307 536 3368 aulae
551 3308 740 3370 advocatum
757 3326 791 3370 ea
808 3325 868 3386 qua
884 3311 1042 3374 decuitre-

291 3401 436 3461 verentia
459 3401 671 3478 postulatum:
696 3418 754 3463 nos
773 3405 1041 3481 postulationibus

293 3493 480 3555 huiusmodi
501 3501 692 3568 annuentes,
717 3496 849 3574 pallium
873 3499 978 3576 ipsum
1002 3502 1041 3562 de

293 3604 428 3666 corpore
450 3587 534 3650 beati
549 3588 635 3649 Petri
656 3597 825 3670 sumptum
842 3601 873 3653 et
888 3609 945 3670 per
961 3595 1041 3657 duos

291 3697 391 3744 vena.
415 3681 530 3743 tratres
552 3688 680 3744 nostros
701 3681 966 3764 archiepiscopos
988 3689 1041 3751 vel

292 3775 466 3856 Episcopos
488 3777 521 3839 in
540 3776 609 3837 istis
625 3779 768 3855 partibus
787 3779 954 3856 degentes,
972 3797 1041 3858 gra-

292 3870 368 3932 tiam
392 3876 499 3932 tamen
522 3879 554 3933 et
575 3872 838 3934 communionem
852 3873 942 3936 Sedis
960 3875 1041 3954 Apo-

292 3965 423 4027 stolicae
435 3964 602 4037 habentes,
617 3965 674 4027 tibi
686 3967 913 4042 assignandum
926 3984 984 4047 per
997 3971 1041 4032 di-

292 4061 413 4123 lectum
430 4075 559 4138 quoque
572 4060 675 4123 tilium
688 4059 837 4123 loannem
852 4063 957 4142 'lopus
971 4081 1041 4143 pre-

293 4155 461 4233 sbyterum
493 4153 627 4217 Armeni
655 4156 736 4217 ritus
765 4157 919 4218 nuncium
950 4165 1040 4222 tuum

294 4249 445 4311 duximus
467 4248 704 4321 destinandum,
728 4255 764 4310 ut
791 4250 888 4312 iidem
910 4252 1041 4315 archie-

293 4343 414 4422 piscopi
430 4342 482 4404 vel
497 4341 644 4420 Episcopi
661 4349 714 4404 aut
736 4359 849 4405 eorum
865 4345 946 4406 alter
961 4346 1041 4410 illud

292 4437 350 4498 tibi
372 4437 431 4498 sub
453 4436 636 4515 intrascipta
664 4435 766 4499 lorma
795 4439 960 4516 assignent
987 4441 1041 4504 vel

293 4533 431 4609 assignet
443 4537 504 4592 eta
521 4537 551 4592 te
566 4535 677 4592 nostro
700 4540 731 4592 et
753 4531 912 4594 Romanae
934 4533 1041 4596 Eccle-

293 4626 357 4688 siae
372 4625 504 4686 nomine
519 4624 578 4686 suh
592 4623 692 4688 altera
707 4625 803 4686 etiam
819 4627 1040 4703 praesentibus

293 4721 412 4782 inserta
439 4719 541 4781 lorma
569 4718 730 4781 fidelitatis
756 4719 880 4782 debitae
908 4721 1040 4782 solitum

293 4815 511 4876 iuramentum
533 4813 687 4892 recipiant
700 4829 757 4874 seu
772 4813 903 4892 recipiat
924 4813 972 4894 (tu
988 4832 1040 4877 au-

293 4915 358 4970 tem
382 4907 496 4968 eodem
516 4905 611 4984 pallio
625 4905 709 4967 intra
730 4907 975 4984 patriarchalem
991 4925 1040 4970 ec-

293 5001 422 5064 clesiam
454 5001 641 5062 huiusmodi
673 4999 736 5062 illis
770 5006 892 5062 tantum
927 5004 1039 5066 diebus

292 5096 404 5168 uteris,
422 5095 478 5172 qui
493 5095 637 5174 expressi
659 5095 692 5155 in
707 5095 807 5172 ipsius
824 5097 1039 5174 patriarchalis

293 5189 443 5252 ecclesiae
455 5187 632 5266 privilegiis
647 5188 877 5268 continentum:
892 5196 929 5251 ut
940 5191 1040 5268 igitur

292 5280 422 5360 signum
444 5299 509 5344 non
531 5282 691 5360 discrepet
705 5299 721 5344 a
736 5282 870 5360 signato,
885 5285 941 5345 sed
954 5285 1038 5361 quod

294 5377 379 5454 geris
399 5377 554 5447 'exterius
582 5377 718 5438 interius
741 5392 852 5438 serves
868 5378 901 5438 in
917 5385 1036 5451 mente,

292 5471 524 5534 fraternitatem
538 5481 625 5532 tuam
641 5485 811 5532 monemus
828 5479 859 5532 et
870 5471 1039 5534 hortamur

292 5571 422 5637 attente,
435 5572 591 5641 quatenus
601 5564 816 5626 humilitatem
830 5571 862 5626 et
873 5565 1036 5639 iustitiam,

292 5659 386 5720 dante
408 5658 544 5720 Domino
561 5659 615 5736 qui
632 5659 683 5720 dat
705 5658 845 5736 praemia
857 5666 889 5720 et
903 5675 1039 5722 munera

292 5753 465 5829 elargitur,
497 5753 668 5828 observare
690 5751 817 5814 studeas
840 5767 920 5828 quae
943 5769 1038 5814 suum

291 5853 422 5908 servant
433 5853 465 5907 et
477 5852 669 5924 promovent
684 5852 894 5916 servatorem,
909 5863 943 5908 ac
955 5863 1039 5908 eam-

292 5939 366 6001 dem
388 5939 631 6021 patriarchalem
654 5937 820 6000 ecclesiam
839 5938 967 6001 Ciliciae
982 5941 1038 6001 hr-

291 6047 641 6116 menorumpsponsam
664 6037 750 6093 tuam
779 6047 873 6093 cures
902 6032 1039 6096 sollicite

1100 780 1230 836 auctore
1252 773 1389 836 Domino
1410 774 1621 852 spiritualiter
1643 781 1676 838 et
1689 781 1849 853 tempora-

1100 867 1174 929 liter
1197 883 1329 945 augere.

1139 960 1290 1036 Quocirca
1322 963 1470 1042 praelatis
1506 964 1760 1044 archiepiscopis
1796 963 1847 1026 vel

1100 1055 1263 1134 Episcopis
1291 1073 1348 1134 per
1377 1059 1549 1136 apostolica
1577 1059 1695 1138 scripta
1723 1059 1849 1121 manda-

1101 1165 1184 1220 mus,
1209 1157 1367 1227 quateaus
1390 1152 1450 1230 ipsi
1475 1153 1526 1214 vel
1557 1169 1671 1214 eorum
1694 1153 1775 1214 alter
1804 1153 1848 1214 di·

1100 1249 1186 1304 ctum
1201 1244 1331 1321 pallium
1343 1247 1431 1306 iuxta
1444 1245 1698 1324 subsequentem
1711 1247 1847 1309 formam

1099 1336 1157 1398 tihi
1179 1343 1294 1399 curent
1307 1339 1360 1400 vel
1376 1345 1468 1401 curet
1488 1339 1651 1416 assignare
1668 1347 1700 1402 et
1714 1358 1730 1402 a
1746 1347 1777 1402 te
1793 1358 1849 1402 no·

1100 1437 1167 1492 stro
1190 1437 1223 1491 et
1244 1431 1389 1494 eiusdem
1413 1431 1444 1494 S.
1462 1433 1496 1494 ll.
1515 1433 1550 1494 E.
1569 1434 1701 1496 nomine
1723 1435 1783 1497 sub
1799 1452 1848 1498 re·

1100 1523 1184 1602 liqua
1207 1525 1309 1587 lorma
1331 1527 1515 1590 huiusmodi
1539 1529 1700 1591 fidelitatis
1723 1530 1848 1593 debitae

1098 1618 1229 1680 solitum
1242 1620 1460 1698 recipiautseu
1474 1621 1605 1700 recipiat
1615 1622 1846 1696 iuramentum,

1100 1709 1311 1788 eiusdemque
1337 1713 1418 1774 sica
1445 1721 1476 1775 te
1503 1715 1648 1792 praestiti
1673 1715 1849 1779 iuramenti

1100 1803 1237 1864 lormam
1260 1805 1352 1866 nobis
1375 1807 1414 1868 de
1442 1807 1544 1868 verba
1566 1808 1602 1868 ad
1629 1807 1768 1870 verbum
1790 1825 1863 1888 perw

1099 1903 1168 1958 tuas
1190 1904 1334 1976 patentes
1357 1899 1480 1961 litteras
1502 1907 1558 1960 tuo
1580 1901 1688 1977 sigillo
1708 1903 1848 1966 munitas

1100 2007 1157 2070 per
1171 1993 1337 2070 proprium
1353 1993 1505 2056 nuncium
1523 1995 1737 2071 quantocitius
1754 1997 1849 2058 desti-

1100 2101 1176 2147 aare
1198 2101 1363 2164 procures.
1388 2087 1502 2149 Forma
1516 2095 1622 2150 autern
1639 2104 1700 2167 qua
1716 2089 1849 2168 praelati

1099 2179 1339 2258 archiepiscopi
1360 2181 1414 2242 vel
1435 2181 1583 2260 Episcopi
1604 2182 1638 2244 ia
1656 2183 1849 2259 assignando

1099 2273 1156 2334 tibi
1169 2273 1252 2336 dicto
1265 2273 1362 2334 Pallio
1375 2279 1519 2347 utentur,
1537 2275 1613 2337 haec
1625 2283 1687 2338 est:
1702 2277 1777 2340 «Ad
1794 2277 1849 2340 ho-

1099 2383 1213 2429 norem
1232 2365 1468 2446 Omnipoteatis
1484 2369 1540 2432 Dei
1563 2387 1596 2432 ac
1615 2369 1711 2432 Betae
1734 2371 1849 2434 Mariae

1099 2460 1242 2536 Virginis
1263 2477 1297 2524 ac
1324 2460 1511 2523 Sanctorum
1541 2461 1770 2541 Apostolorum
1794 2465 1849 2527 Pe-

1101 2553 1140 2615 tri
1153 2561 1185 2616 et
1199 2554 1287 2615 Pauli
1308 2571 1343 2616 ac
1364 2553 1491 2616 bomini
1513 2557 1614 2618 nostri
1629 2557 1757 2620 Domini
1772 2559 1848 2622 Gre-

1100 2648 1180 2725 gorii
1210 2648 1266 2710 PP.
1282 2648 1371 2711 alth.
1400 2655 1432 2710 et
1454 2648 1484 2712 S.
1502 2650 1538 2712 il.
1556 2651 1605 2724 Ε.,
1630 2667 1689 2714 nec
1711 2669 1776 2714 non
1798 2669 1849 2732 pa·

1100 2742 1276 2804 triarchalis
1302 2742 1453 2804 ecclesiae
1478 2742 1606 2806 Ciliciae
1629 2744 1848 2808 armenorum

1101 2835 1154 2898 tibi
1171 2836 1370 2908 commissae,
1393 2837 1548 2899 tradimus
1573 2838 1628 2900 tibi
1651 2839 1786 2901 Pallium
1809 2841 1848 2902 de

1099 2945 1234 3007 corpore
1255 2929 1341 2991 Beati
1364 2931 1449 2992 Petri
1475 2939 1654 3010 sumptum,
1676 2933 1849 3010 plenitudi-

1100 3037 1174 3083 nem
1192 3022 1344 3084 videlicet
1357 3023 1547 3101 pontificalis
1561 3025 1666 3096 officii,
1680 3033 1716 3088 ut
1731 3043 1769 3087 eo
1780 3035 1849 3088 uta-

1098 3115 1141 3178 ris
1161 3115 1244 3176 intra
1266 3115 1432 3178 ecclesiam
1449 3124 1536 3179 tuam
1552 3119 1648 3180 certis
1664 3119 1777 3182 diebus
1794 3121 1849 3197 qui

1099 3207 1327 3284 exprimuntur
1348 3208 1381 3270 in
1403 3209 1581 3288 privilegiis
1603 3212 1632 3273 ei
1655 3211 1692 3273 ab
1715 3212 1849 3293 Aposto-

1099 3300 1157 3362 lica
1179 3299 1261 3363 Sede
1283 3303 1481 3365 concessis.»
1502 3304 1616 3367 Forma
1638 3312 1745 3368 autem
1766 3307 1849 3368 iura-

1099 3395 1200 3456 menti
1226 3396 1312 3472 quod
1335 3397 1520 3475 praestabis,
1548 3399 1626 3462 haec
1652 3406 1716 3462 est:
1746 3402 1848 3479 «Ego

1099 3487 1231 3550 Michael
1254 3488 1574 3554 Der-hsdnazadrian
1598 3493 1778 3556 Patriarcha
1800 3495 1849 3557 Ci-

1098 3581 1188 3644 liciae
1210 3582 1430 3648 armenorum
1456 3585 1596 3659 electus,
1627 3587 1665 3650 ab
1687 3588 1745 3650 hac
1770 3589 1849 3651 hora

1098 3678 1131 3740 in
1159 3685 1250 3740 antea
1282 3680 1386 3742 fidelis
1415 3687 1448 3742 et
1476 3681 1631 3744 obediens
1664 3699 1721 3744 ero
1752 3683 1849 3746 Beato

1098 3771 1192 3834 Petro
1227 3775 1381 3852 apostolo
1417 3773 1615 3854 Sanctaeque
1647 3777 1849 3855 apostolicae
1910 3794 1916 3808 ’

1097 3866 1257 3930 Romanae
1279 3868 1438 3931 Ecclesiae
1461 3877 1494 3932 et
1510 3870 1647 3933 Domino
1663 3879 1775 3934 nostro
1790 3873 1849 3933 Do-

1098 3962 1186 4024 mino
1218 3963 1376 4040 Gregorio
1409 3964 1466 4025 PP.
1501 3964 1582 4026 XVI.
1611 3966 1747 4043 eiusque
1779 3982 1849 4028 suc-

1098 4058 1278 4120 cessoribus
1300 4059 1451 4120 canonice
1472 4059 1678 4122 intrantibus.
1699 4059 1770 4122 Non
1792 4075 1849 4122 ero

1098 4152 1130 4212 in
1153 4151 1286 4214 consilio
1309 4159 1362 4212 aut
1384 4168 1543 4214 consensu
1566 4154 1619 4215 vel
1642 4153 1724 4216 tacto
1745 4161 1782 4215 ut
1802 4155 1849 4216 vi-

1097 4253 1161 4308 tam
1184 4245 1320 4324 perdant
1341 4245 1392 4307 vel
1416 4245 1613 4318 membrum,
1643 4263 1700 4310 seu
1726 4249 1849 4326 capian-

1099 4345 1151 4400 tur
1173 4339 1255 4402 mala
1277 4340 1435 4418 captione.
1460 4339 1637 4403 Consilium
1660 4357 1740 4404 vero
1763 4344 1850 4420 quod

1098 4434 1178 4494 mihi
1207 4433 1361 4496 credituri
1382 4441 1458 4494 sunt
1486 4451 1543 4512 per
1564 4451 1598 4496 se
1627 4441 1681 4496 aut
1708 4435 1849 4499 Nuacios

1097 4543 1155 4590 seu
1168 4528 1300 4599 litteras,
1314 4528 1350 4588 ad
1365 4543 1478 4590 eorum
1495 4529 1649 4590 damnum
1662 4545 1714 4592 me
1728 4530 1849 4592 sciente

1097 4621 1220 4682 nemini
1233 4622 1379 4698 pandam.
1394 4622 1545 4700 Papatum
1558 4621 1738 4684 Romanum
1755 4630 1788 4685 et
1799 4640 1850 4685 re-

1098 4714 1179 4791 galia
1202 4713 1307 4776 Sancti
1329 4713 1415 4776 Petri
1438 4715 1564 4776 adiutor
1594 4716 1638 4777 eis
1661 4732 1716 4778 ero
1739 4718 1776 4780 ad
1799 4734 1849 4779 re·

1097 4809 1267 4870 tiaendum
1284 4814 1316 4870 et
1331 4807 1571 4871 defendendum
1591 4817 1701 4872 contra
1718 4827 1848 4874 omnem

1098 4901 1276 4963 hominem.
1298 4901 1455 4978 Legatum
1477 4901 1679 4982 hpostolicae
1702 4905 1793 4968 Sedis
1815 4907 1849 4969 in

1097 4996 1204 5058 eundo
1227 5001 1259 5056 et
1280 4995 1448 5057 redeundo
1462 4995 1641 5060 honorifice
1661 4999 1801 5062 tractabo
1817 5007 1850 5062 et

1096 5091 1129 5152 in
1141 5091 1206 5151 suis
1221 5089 1466 5152 necessitatibus
1478 5090 1645 5153 adiuvabo.
1661 5092 1798 5155 Vocatus
1810 5093 1847 5155 ad

1095 5185 1255 5263 synodum
1277 5183 1418 5255 veniam,
1442 5183 1503 5246 nisi
1527 5184 1731 5263 praepeditus
1754 5187 1848 5249 luero

1096 5278 1245 5340 canonica
1273 5277 1527 5357 praepeditione.
1557 5277 1785 5356 Apostolorum
1811 5281 1848 5344 li-

1096 5373 1182 5435 mina
1210 5371 1347 5449 singulis
1372 5372 1603 5450 quinquenniis
1632 5375 1764 5436 visitabo
1793 5384 1849 5439 aut

1096 5483 1154 5548 per
1173 5483 1225 5528 me
1240 5475 1294 5528 aut
1308 5483 1366 5545 per
1383 5483 1493 5529 meum
1509 5467 1681 5540 Nunnium,
1699 5469 1759 5530 nisi
1774 5487 1847 5549 apo·

1095 5563 1204 5624 stolica
1217 5563 1363 5624 absolvar
1379 5562 1517 5624 licentia.
1532 5563 1752 5626 Possessiones
1767 5580 1847 5629 vero

1096 5659 1133 5722 ad
1156 5674 1300 5720 mensam
1326 5675 1432 5722 meam
1460 5659 1657 5736 pertinentes
1680 5675 1744 5720 non
1770 5677 1848 5722 ven-

1096 5753 1168 5815 dam
1198 5768 1305 5830 aeque
1334 5753 1458 5815 donabo
1487 5767 1593 5829 neque
1622 5753 1847 5830 impignorabo

1096 5863 1203 5924 neque
1219 5847 1258 5910 de
1274 5863 1357 5908 novo
1373 5845 1546 5908 infeudabo
1559 5845 1612 5908 vel
1627 5846 1734 5924 aliquo
1751 5849 1847 5911 modo

1096 5941 1240 6003 alienabo
1263 5939 1445 6002 inconsulto
1467 5940 1610 6002 Romano
1626 5941 1789 6003 Pontifice.
1807 5942 1848 6004 Et

1095 6033 1359 6096 constitutionem
1386 6048 1484 6112 super
1512 6031 1730 6112 prohibitione
1756 6035 1846 6098 inve-

1771 632 1830 696 309
1880 634 1934 686 an.
1948 636 1978 688 C.
2001 635 2068 688 1843
