4770 6982
923 605 1098 650 masconius
1121 606 1170 650 Pl‘.
1197 609 1260 652 xvt.

357 715 473 780 ditioni
498 717 590 800 Regia
613 720 713 802 Belpii
741 722 842 802 (Paesi
866 711 1063 801 oassttseb-

355 819 443 884 sont,
466 831 578 892 cosroe
599 816 673 878 orrit
697 817 873 880 oicoriotoi
893 817 1062 898 apostolico

356 908 477 972 Bredas
498 909 553 989 (l).

487 1081 705 1148 caesonius
730 1083 790 1148 ΡΡ.
816 1083 886 1150 liiii.

433 1203 468 1268 ad
492 1219 545 1284 per
568 1209 666 1268 etnam
693 1205 735 1269 rei
762 1206 941 1270 memoriam.

89 1383 273 1428 immanium·
352 1377 501 1439 Universi
523 1378 674 1440 dominici
687 1381 795 1456 gregis
810 1380 893 1442 salus
910 1381 1001 1441 nobis
1017 1381 1061 1442 di-

314 1471 432 1532 vinitus
453 1473 621 1534 commissa
642 1479 738 1552 atque
750 1475 931 1536 concredita
954 1481 1060 1553 postu-

312 1565 355 1625 lat
376 1573 408 1626 et
430 1565 591 1643 efflagitat,
610 1573 645 1626 ut
661 1567 757 1628 nullis
779 1583 886 1644 neque
907 1568 1057 1638 consiliis,

312 1674 417 1736 neque
439 1660 541 1731 curie,
566 1675 672 1738 neque
696 1661 857 1722 laboribus
881 1677 1056 1740 parcamus,

311 1759 405 1828 atque
417 1769 453 1814 ea
469 1754 574 1815 omnia
589 1754 782 1832 perficienda
797 1771 958 1826 curemus,
973 1771 1054 1833 quae

310 1845 342 1906 iu
365 1847 520 1908 maiorem
536 1845 799 1910 christifidelium
816 1847 987 1910 utilitatem
1009 1864 1057 1910 re-

311 1941 453 2002 dundare
475 1957 567 2020 posse
589 1942 822 2018 cognoscimus.

348 2034 367 2108 ,ξ
392 2033 418 2094 f.
441 2032 633 2111 Compositis
655 2034 762 2111 itaque
779 2049 837 2112 per
857 2035 979 2097 similes
1003 2053 1057 2096 no-

310 2131 388 2188 stras
410 2128 595 2205 apostolicas
616 2127 725 2189 literas
747 2129 798 2189 die
820 2145 855 2190 n.
872 2128 951 2190 iunii
973 2146 1056 2192 anno

307 2220 464 2298 superiori
488 2237 648 2282 uoccoxt.
665 2220 751 2282 datas
767 2222 986 2284 ecclesiasticis
1002 2239 1057 2284 ne-

310 2313 404 2390 gotiis
427 2330 537 2376 earum
560 2315 743 2390 regionum,
759 2330 840 2392 quae
863 2331 902 2377 ex
918 2332 1056 2378 conven-

310 2409 396 2469 tione
418 2425 433 2470 a
448 2407 620 2485 Belgarum
637 2425 740 2485 regno
754 2409 895 2470 seiuncta
918 2411 1055 2471 serenis-

307 2501 379 2562 simi
400 2501 513 2579 Belgii,
537 2501 637 2578 vulgo
666 2501 757 2564 Pueri
779 2502 884 2572 Bessi,
907 2503 1000 2580 Regis
1021 2520 1055 2564 ac

310 2596 416 2672 magni
432 2595 653 2672 Lunemburgi
669 2613 703 2658 ac
718 2594 885 2672 Limburgi
899 2597 992 2658 Ducis
1011 2597 1055 2658 di-

309 2691 394 2751 tione
407 2690 573 2752 restitutae
588 2689 732 2760 fuerunt,
747 2707 871 2751 necnon
884 2690 1055 2766 designatis

308 2784 516 2846 vicariatuum
531 2785 565 2844 in
586 2783 700 2844 eodem
724 2799 827 2860 regno
846 2783 1054 2844 existentium

305 2893 361 2940 seu
382 2883 574 2960 jerectorum
604 2875 778 2948 limitibus,
807 2893 880 2938 cum
910 2877 1053 2938 eiusdem

306 2971 504 3032 serenissimi
525 2970 612 3046 regis
630 2971 712 3048 apud
735 2986 791 3031 nos
815 2977 847 3032 et
871 2971 950 3034 banc
972 2972 1053 3052 Apo-

305 3065 446 3127 stolicam
461 3063 577 3127 Sedem
595 3070 702 3126 orator
718 3064 808 3126 nobis
824 3066 1052 3142 exponendum

306 3159 477 3232 curaverit,
491 3159 542 3220 vel
560 3158 697 3220 maxime
716 3173 897 3236 congruum
910 3159 966 3238 ipsi
984 3162 1053 3238 regi

90 2035 168 2086 begis
189 2037 288 2090 petitio.

306 3253 408 3315 videri
432 3253 564 3330 eiusque
586 3252 617 3314 in
642 3252 723 3313 votis
749 3267 827 3324 esse,
851 3259 887 3313 ut
908 3253 980 3314 illae
1003 3271 1053 3332 pa-

305 3348 395 3420 riter,
410 3362 491 3424 quae
503 3347 605 3407 adbuc
620 3345 757 3406 subsunt
769 3361 842 3406 ven.
858 3345 962 3408 fratris
974 3348 1053 3410 Gan-

305 3441 452 3504 dovensis
474 3439 618 3518 Episcopi
645 3439 841 3512 auctoritati,
871 3441 1052 3518 provinciae

305 3535 470 3597 zelandiae
488 3533 650 3612 paroeciae
665 3549 737 3594 cum
754 3533 819 3594 suis
834 3533 976 3608 adnexis,
994 3553 1051 3598 seo

304 3627 1051 3700 contactnaliearumdemterritorio,abeaidem

303 3719 501 3785 (landavensi
516 3719 653 3782 dioecesi
674 3719 834 3784 seiunctae
855 3729 886 3784 et
901 3723 1052 3786 dismem-

305 3818 411 3880 bratae
438 3814 605 3876 vicariatus
624 3813 786 3890 apostolici
803 3813 936 3877 Bredani
954 3818 1051 3878 adrni-

304 3907 483 3971 uistratoris
505 3905 717 3968 iurisdictioni
741 3907 965 3986 subiiciuntur;
993 3929 1050 3974 nos

304 4004 401 4066 rebus
424 4001 573 4064 omnibus
597 4007 722 4063 maturo
744 4003 891 4064 examine
915 4021 1050 4083 perpen-

302 4099 355 4169 sis,
372 4103 405 4158 et
419 4096 557 4173 inspecta
574 4095 761 4172 praesertim
782 4097 903 4158 maiore
918 4099 1049 4161 Christi-

303 4191 446 4253 iidelium
469 4187 554 4250 iniis
571 4187 646 4249 locis
668 4187 887 4265 disiungenuts
909 4207 1049 4254 commo·

303 4287 400 4348 ditate
421 4291 516 4360 atque
531 4279 680 4354 utilitate,
697 4288 791 4359 atque
808 4291 935 4362 accepto
950 4286 1048 4364 ipsius

301 4395 376 4440 ven.
400 4377 505 4440 fratris
524 4375 737 4437 (landavensis
753 4375 897 4454 Episcopi
919 4395 1046 4444 assensu

302 4491 335 4534 ac
357 4471 523 4533 voluntate
550 4484 608 4547 pro
631 4468 814 4530 huiusmodi
842 4471 1048 4536 dismembra-

302 4557 400 4636 tidne‚
415 4564 453 4626 de
465 4579 563 4625 venn.
574 4561 710 4624 fratrum
723 4569 908 4625 nostrorum
923 4563 954 4628 S.
964 4565 1000 4629 a.
1010 4569 1045 4630 E.

301 4659 517 4723 Cardiualium
546 4657 684 4734 negotiis
712 4657 934 4735 Propagandae
960 4662 1047 4724 Fidei

302 4754 555 4833 praepositorum
585 4749 728 4822 consilio,
752 4750 838 4814 bisce
865 4754 1048 4830 postulatio-

301 4848 394 4910 nibus
416 4845 623 4908 annuendum
645 4843 840 4906 censuimus.

339 4941 407 5016 52.
431 4937 645 5013 Quamobrem
677 4944 766 4998 motu
796 4941 937 5016 proprio,
962 4943 1047 5004 certa

299 5033 441 5106 scientia,
457 5033 579 5094 matura
594 5031 836 5104 deliberatione,
855 5033 959 5110 sieque
974 5051 1046 5113 apo-

299 5129 428 5191 stolicae
466 5133 593 5188 nostrae
630 5127 792 5203 potestatis
828 5125 1044 5204 plenitudino,

302 5223 386 5284 bisce
409 5221 510 5282 literis
532 5235 584 5280 eas
606 5219 772 5280 zelandiae
792 5219 974 5296 provinciae
996 5237 1046 5298 pa-

300 5315 421 5377 roecias
435 5329 509 5376 cum
524 5311 637 5374 actuali
659 5313 846 5374 earumdem
870 5313 1044 5386 territorio,

301 5426 380 5487 quae
404 5410 556 5470 bacteuus
577 5406 774 5468 (landavensi
796 5405 950 5484 Episcopo
973 5407 1046 5469 sub-

301 5505 398 5566 iectae
420 5501 564 5570 fuerant,
589 5499 626 5562 ab
648 5500 713 5576 ipsa
742 5498 938 5561 Gandavensi
961 5501 1046 5563 dioe-

300 5597 363 5659 cesi
385 5601 541 5675 perpetuo
563 5593 749 5663 auferimus,
764 5593 979 5664 distrahimus
1002 5593 1046 5655 di·

300 5691 461 5761 vellimus,
484 5689 631 5767 ipsasque
654 5701 726 5748 cum
750 5687 901 5748 vicariatu
923 5694 1046 5764 aposto-

299 5785 359 5846 lico
381 5785 525 5846 Bredano
547 5781 784 5858 coniungimus,
808 5789 840 5842 et
861 5781 996 5843 Bredani
1013 5783 1044 5842 in

102 4945 229 5005 petitionis
245 4955 282 4989 ao·

77 5002 185 5050 vrpldltn,

339 6001 368 6054 (li
385 5998 446 6042 i'ide
460 6009 541 6054 snpra
559 6000 601 6038 libi
618 6001 794 6040 torto-arsuris..

1791 597 1849 660 267
1900 599 1953 650 An.
1968 601 1998 653 0.
2021 603 2087 654 1841

1119 728 1266 802 tempore
1289 727 1443 804 praesulis
1454 727 1568 790 iisdem
1591 729 1624 791 in
1639 729 1716 792 locis
1731 732 1869 794 existen·

1121 817 1158 878 tis
1180 819 1358 882 auctoritati
1374 827 1406 882 et
1420 821 1633 885 iurisdictioni
1649 825 1781 887 omnino
1795 827 1868 888 sub-

1118 909 1243 972 iioimus
1266 930 1300 974 ao
1322 913 1463 976 subiecta
1485 929 1553 976 esse
1575 917 1771 979 mandamus.

1158 1005 1176 1079 ἓ
1198 1005 1226 1066 3.
1252 1003 1357 1082 toque
1373 1013 1408 1069 ut
1424 1007 1609 1072 huiusmodi
1625 1026 1676 1072 res
1690 1027 1784 1073 sunm
1799 1027 1867 1073 sor·
1910 1027 2100 1081 ascentor-rmo-

1118 1097 1215 1158 tiatur
1237 1099 1398 1172 effectum,
1416 1101 1448 1162 in
1464 1101 1579 1164 buum
1602 1101 1770 1166 literarum
1793 1121 1866 1166 exe·
1886 1077 1942 1122 ⁸²⁰¹·

1118 1195 1290 1266 quotorem
1314 1192 1503 1271 deputamus
1525 1209 1601 1257 veo.
1614 1195 1747 1260 fratrem
1769 1195 1866 1260 Anto-

1118 1281 1207 1343 nium
1231 1281 1408 1348 Antonucci
1431 1285 1624 1366 Episcopum
1640 1289 1863 1364 Feretranum,

1118 1383 1281 1452 gestorem
1298 1379 1505 1454 negotiorum
1522 1380 1617 1443 buius
1631 1381 1661 1444 S.
1677 1381 1767 1448 Sedis
1783 1386 1864 1463 apud

1117 1481 1406 1534 commemoratum
1427 1475 1669 1538 serenissimum
1693 1477 1866 1556 Belgiille·

1117 1579 1202 1640 gem,
1217 1583 1250 1627 ac
1264 1565 1571 1646 Vico-Superiorem
1587 1570 1674 1632 illius
1686 1571 1779 1648 regni
1793 1573 1865 1634 mis-

1115 1656 1253 1728 sionum,
1278 1675 1350 1721 cum
1374 1661 1523 1724 omnibus
1540 1669 1571 1724 et
1585 1663 1721 1740 singulis
1737 1664 1865 1728 faculta-

1117 1747 1200 1810 tibus
1221 1753 1406 1814 necessariis
1425 1761 1521 1832 atque
1537 1756 1737 1834 opportunis,
1752 1757 1862 1820 eadem

1115 1855 1245 1918 prorsus
1262 1846 1395 1920 ratione,
1414 1854 1511 1926 prout
1526 1850 1702 1927 exequutio
1724 1865 1863 1912 comme-

1115 1943 1311 2000 moratarum
1327 1948 1510 2003 nostrarum
1533 1942 1777 2020 apostolicarum
1795 1944 1863 2006 lite·

1114 2042 1222 2090 rarum
1245 2031 1277 2092 in
1293 2033 1390 2095 simili
1406 2033 1508 2096 forma
1524 2034 1635 2102 Brevis
1652 2035 1714 2096 diei
1731 2053 1766 2096 n.
1783 2036 1862 2098 iunii

1113 2124 1288 2200 superioris
1311 2127 1386 2189 anni
1408 2145 1568 2190 uncccxo.
1593 2130 1653 2206 ipsi
1675 2130 1862 2192 demandata

1113 2215 1183 2278 fuit.

1152 2311 1221 2385 §4-
1246 2311 1327 2375 llaec
1352 2314 1514 2387 volumus,
1539 2318 1717 2389 statuimus,
1736 2319 1862 2380 manda-

1113 2419 1183 2466 mus
1206 2407 1427 2478 decernentes,
1459 2409 1513 2470 bas
1536 2421 1718 2487 praesentes
1740 2411 1858 2486 literas,

1112 2505 1144 2558 et
1165 2501 1196 2558 in
1220 2500 1264 2560 eis
1286 2507 1434 2563 contenta
1457 2518 1690 2580 quaecumque,
1710 2505 1804 2567 etiam
1821 2523 1861 2568 ex

1112 2609 1149 2654 eo
1172 2595 1256 2670 quod
1274 2593 1305 2666 ii,
1323 2611 1463 2672 quorum
1486 2597 1622 2659 interest
1636 2605 1690 2660 aut
1704 2599 1861 2663 interesse

1112 2693 1218 2764 posset
1238 2688 1271 2749 in
1300 2688 1466 2762 futurum,
1490 2691 1593 2753 vocati
1616 2699 1648 2754 et
1669 2692 1767 2754 auditi
1796 2711 1861 2757 non

1111 2779 1242 2852 fuerint,
1257 2789 1311 2843 ant
1333 2784 1512 2860 praemissis
1535 2784 1630 2845 etiam
1648 2801 1712 2846 non
1727 2803 1860 2850 consen-

1110 2874 1222 2945 seriut,
1237 2875 1326 2936 nullo
1349 2891 1500 2954 umquam
1525 2884 1672 2956 ternpore
1695 2879 1734 2940 de
1749 2882 1860 2943 subre-

1111 2968 1227 3046 ptionis
1245 2969 1297 3030 vel
1321 2969 1519 3048 obreptionis
1538 2977 1593 3032 aut
1611 2970 1766 3034 nullitatis
1782 2974 1860 3036 vitio

1110 3077 1167 3123 seu
1180 3063 1368 3125 intentionis
1384 3073 1512 3127 nostrae
1529 3065 1656 3127 defectu
1673 3067 1787 3140 notari,
1802 3068 1860 3129 im-

1111 3156 1246 3232 pugnari
1258 3157 1310 3219 vel
1322 3159 1355 3220 in
1368 3159 1622 3220 controversiam
1635 3160 1742 3221 vocari
1756 3175 1857 3238 posse,

1108 3249 1163 3312 sed
1186 3260 1343 3329 perpetuo
1366 3252 1484 3324 firmas,
1508 3252 1626 3316 validas
1662 3259 1694 3315 et
1719 3255 1859 3317 efficaces

1109 3344 1247 3405 existere
1270 3351 1303 3406 et
1324 3345 1405 3417 lore,
1422 3361 1562 3423 suosque
1579 3345 1740 3425 plenarios
1756 3355 1788 3410 et
1813 3349 1859 3411 iu-

1111 3441 1217 3513 tegros
1230 3437 1360 3501 effectus
1372 3439 1482 3501 sortiri
1491 3446 1523 3502 et
1535 3440 1693 3516 obtinere3
1703 3441 1813 3519 sicque
1825 3443 1858 3505 in

1109 3532 1290 3608 praemissis
1313 3549 1370 3611 per
1392 3549 1614 3611 quoscumque
1635 3533 1756 3596 iudices
1774 3537 1857 3598 ordi-

1110 3623 1213 3685 narios
1236 3632 1268 3686 et
1289 3626 1464 3704 delegatos,
1493 3627 1588 3690 etiam
1616 3642 1783 3688 causarum
1806 3645 1856 3706 pa·

1108 3717 1173 3778 latii
1206 3719 1370 3796 apostolici
1399 3720 1573 3790 auditores,
1606 3717 1695 3781 Sedis
1725 3717 1857 3798 Aposto-

1107 3809 1855 3884 mmmmmmbbEfflffimmmm

1107 3905 1146 3966 de
1167 3905 1268 3967 latere
1298 3906 1443 3984 Legatos,
1467 3906 1590 3968 sublata
1619 3907 1664 3968 eis
1687 3913 1853 3970 eteorum

1106 3999 1238 4062 cuilibet
1260 4001 1371 4078 quavis
1401 4001 1493 4064 aliter
1514 4001 1674 4064 iudicandi
1703 4009 1736 4064 et
1756 4003 1854 4066 inter-

1106 4095 1251 4171 pretaudi
1276 4093 1424 4157 facultate
1447 4101 1479 4156 et
1500 4095 1699 4168 anctoritate,
1723 4095 1855 4160 iudicari

1105 4193 1137 4248 et
1159 4187 1285 4260 definiri
1308 4189 1438 4260 debere,
1456 4205 1489 4250 ac
1510 4187 1640 4249 irritum
1657 4194 1689 4250 et
1704 4189 1809 4264 inane,
1827 4193 1853 4253 si

1104 4297 1196 4343 secus
1219 4298 1316 4360 super
1339 4283 1387 4344 bis
1408 4300 1424 4343 a
1444 4297 1605 4359 quoquam
1622 4283 1732 4360 quavis
1749 4291 1854 4348 ancto-

1103 4375 1197 4438 ritate
1224 4377 1363 4437 scienter
1385 4376 1438 4437 vel
1464 4375 1653 4452 ignoranter
1681 4378 1855 4456 contigerit

1103 4470 1261 4531 attentari.

1143 4565 1212 4639 §fa
1242 4563 1312 4626 Non
1339 4563 1539 4626 obstantibus
1567 4565 1684 4626 nostris
1714 4571 1747 4627 et
1775 4567 1852 4630 Can·
1894 4587 2082 4632 contrariare-

1104 4658 1249 4720 cellariae
1262 4658 1460 4736 apostolicae
1476 4658 1599 4734 regulis
1616 4657 1655 4720 de
1671 4659 1742 4722 iure
1758 4676 1852 4738 quae·
1874 4643 1952 4694 ‘⁰²³²'

1103 4753 1164 4812 sito
1187 4765 1251 4812 non
1281 4751 1423 4814 tollendo
1446 4758 1478 4814 ot
1502 4752 1541 4814 de
1570 4751 1745 4816 unionibus
1767 4771 1852 4818 com-

1105 4845 1268 4906 mittendis
1283 4844 1320 4906 ad
1337 4851 1453 4923 partes,
1468 4845 1587 4908 vocatis
1600 4861 1740 4922 quorum
1753 4849 1852 4911 inter-

1104 4944 1160 5008 est,
1178 4955 1237 4999 neo
1253 4953 1318 5000 non
1334 4935 1555 5000 lateranensis
1571 4937 1706 5002 Concilii
1721 4941 1852 5004 novissi-

1104 5049 1155 5093 me
1172 5032 1321 5094 celebrati
1338 5033 1476 5094 uniones
1489 5039 1670 5112 perpetuas,
1685 5035 1744 5098 nisi
1759 5033 1792 5098 iu
1804 5055 1851 5100 ca·

1101 5126 1187 5188 sibus
1202 5143 1218 5187 a
1234 5126 1304 5187 inre
1320 5126 1492 5204 permissis,
1508 5127 1577 5188 beri
1593 5128 1849 5205 prohibentibus,

1102 5219 1235 5296 aliisque
1263 5219 1443 5297 apostolicis
1469 5227 1564 5298 atque
1588 5221 1622 5282 in
1645 5222 1850 5299 generalibus

1103 5313 1416 5391 provincialibusque
1439 5321 1471 5375 et
1486 5314 1692 5393 synodalibus
1708 5317 1850 5379 conciliis

1102 5407 1195 5468 editis
1219 5407 1424 5483 generalibus
1447 5406 1499 5468 vel
1522 5407 1712 5484 specialibus
1734 5409 1850 5472 consti·

1103 5500 1279 5562 tutionibus
1303 5500 1624 5574 coordinationibus,
1649 5502 1745 5564 etiam
1767 5503 1850 5564 iura-

1102 5601 1223 5665 mento,
1237 5593 1479 5656 confirmatione
1491 5595 1661 5672 apostolica
1673 5596 1726 5658 vel
1738 5599 1849 5674 quavis

1101 5688 1251 5750 firmitate
1268 5688 1325 5749 alia
1341 5687 1508 5758 roboratis,
1525 5705 1650 5750 necnon
1673 5689 1799 5753 statutis
1818 5701 1850 5754 et

1100 5781 1387 5844 consuetudinibus
1401 5798 1434 5843 ac
1449 5781 1707 5859 quibuscumque
1719 5799 1849 5846 concor-

1909 2333 2048 2378 braccolum.
