4770 6982
300 571 353 622 Ao.
369 573 398 622 0.
422 570 487 620 18⁴2
538 565 598 630 286
1039 584 1104 629 run.
1129 583 1221 630 roua.
1246 585 1286 628 nn
1308 585 1337 629 r.
1362 585 1390 629 r.
1416 585 1499 630 runs
1521 587 1542 630 1.

521 703 670 764 omnibus
700 711 732 765 et
752 703 887 780 singulis
917 704 955 766 ad
983 719 1063 781 quos
1092 709 1266 782 spectatae
1322 702 1486 764 stituimus
1509 703 1730 780 deligendum,
1755 718 1818 780 quo
1841 702 1874 763 in
1894 707 1978 764 tanta
1993 707 2072 762 tem-

519 797 552 858 in
574 798 721 858 laturum
742 797 906 874 spectabit,
923 804 959 859 ut
979 797 1265 875 praedictisdispo-
1323 813 1438 874 porum
1467 815 1501 859 ao
1530 797 1675 860 locorum
1709 797 1894 859 difficultate
1925 797 1962 858 ad
1992 811 2072 858 onus

519 891 689 952 sitionibus
719 891 836 953 nostris
865 907 900 952 se
930 891 1108 962 subiiciunt,
1132 890 1267 967 illasque

520 990 664 1046 accurate
680 985 796 1060 exequi
811 990 964 1061 satagant.
985 985 1199 1046 decernentes
1213 985 1267 1044 iras

520 1084 704 1156 praesentes
733 1079 855 1141 litteras
881 1080 1000 1151 sirmas,
1024 1079 1143 1139 ualidas
1170 1084 1202 1139 et
1224 1077 1268 1139 el-

519 1174 629 1234 licaees
659 1173 798 1234 existere
828 1178 860 1234 et
881 1172 961 1243 lore,
993 1187 1133 1249 suosque
1162 1172 1267 1250 plena-

519 1269 584 1326 rios
606 1272 639 1328 et
659 1267 804 1342 integros
831 1267 963 1328 allectus
992 1265 1101 1327 sortiri
1130 1273 1162 1327 et
1188 1266 1268 1328 obti-

519 1376 609 1426 nere,
634 1377 668 1422 ae
689 1359 727 1421 ab
749 1360 899 1422 omnibus
919 1360 956 1420 ad
971 1375 1052 1437 quus
1069 1359 1219 1438 pertinet,
1237 1366 1270 1422 et

520 1453 695 1530 pertinebit
715 1453 959 1530 quomodolibet
985 1455 1018 1514 in
1040 1453 1197 1525 laturum,
1222 1453 1268 1514 iu-

519 1547 714 1610 violabiliter
730 1548 905 1619 observari,
921 1564 954 1609 ae
969 1547 1098 1608 irritum
1114 1553 1146 1608 et
1161 1547 1266 1619 inane,

520 1643 546 1702 si
567 1659 660 1704 secus
682 1659 779 1721 super
803 1642 851 1704 bis
873 1660 889 1704 a
912 1658 1072 1719 quoquam
1090 1641 1201 1719 quavis
1216 1659 1269 1703 au·

520 1737 666 1798 ctoritate
678 1737 818 1798 scienter
829 1736 882 1798 vel
897 1725 1086 1813 ignoranter
1097 1735 1270 1812 eontigerit

520 1831 678 1892 attentari.
700 1829 769 1892 Non
786 1829 983 1892 obstantibus
999 1830 1266 1907 quibuscumque.

561 1924 674 1986 Datum
697 1925 814 1986 Itomae
837 1923 919 2004 apud
943 1922 1126 1986 SaPetrum
1142 1923 1201 1984 sub
1217 1940 1269 1984 an-

521 2019 598 2080 nulo
625 2019 791 2080 Piscatoris
813 2019 864 2080 die
886 2035 964 2080 xvn.
989 2018 1057 2078 dee.
1081 2033 1267 2088 trucconis,

521 2114 721 2191 pontificatus
744 2113 847 2174 nostri
868 2128 951 2174 anno
975 2129 1017 2172 xr.

843 2393 945 2458 CCIV.

523 2583 761 2662 Arctteptscopo
788 2580 928 2644 Primoti
954 2580 1090 2642 dtaneuo
1117 2581 1270 2645 Constan-

562 2676 773 2755 tinopolitano
797 2674 838 2736 od
860 2692 940 2736 onas
968 2673 1143 2754 episcopale
1166 2676 1270 2755 [erca-

561 2771 637 2830 dum
666 2769 882 2831 coadiutorem
908 2769 1080 2848 promittit,
1109 2769 1258 2848 rirelet'tpt'

561 2880 689 2943 scopum
712 2869 740 2923 et
761 2868 883 2941 petatem
908 2861 1119 2922 Arrrtenorera
1132 2869 1271 2940 paterae

562 2957 728 3020 dilectione
748 2973 780 3017 se
799 2955 946 3036 prosequi
967 2955 1092 3034 fatetur
1112 2955 1168 3036 (1)ss

543 3143 615 3209 len.
631 3143 718 3208 iretri
744 3141 837 3208 Paulo
861 3140 993 3206 blarusci
1014 3139 1250 3222 drcbiepiscopo

576 3237 696 3304 Primati
721 3237 849 3301 Armeno
873 3233 1218 3315 constantinopolitano,

696 3420 916 3490 essecutus
941 3421 1001 3486 ΡΡ.
1026 3419 1097 3487 xvi.

737 3612 926 3680 Venerabilis
949 3611 1060 3690 irater,

555 3712 683 3779 salutem
708 3715 738 3774 et
765 3707 961 3791 apostolicam
986 3705 1236 3772 benedictionem.

563 3904 698 3966 Litteras
714 3909 783 3964 tuas
799 3901 884 3962 datas
901 3899 960 3959 sub
976 3897 1027 3960 die
1041 3913 1118 3957 nvn.
1133 3903 1271 3975 septem-

522 3999 587 4060 bris
611 3997 708 4075 elapsi
730 3995 805 4056 anni
827 3993 956 4055 tradidit
978 3991 1069 4053 nobis
1086 3991 1221 4053 dilectus
1238 3993 1271 4052 n-

522 4093 584 4155 lius
606 4091 761 4152 Arsenius
784 4087 999 4164 nngtaranian
1017 4085 1193 4147 nrorraelrus
1210 4084 1272 4147 An-

522 4186 670 4248 tonianas
694 4184 740 4244 tui
762 4179 888 4244 Ordinis
910 4180 992 4257 apud
1010 4195 1067 4240 nos
1084 4185 1271 4256 procurator

524 4279 694 4358 generalis,
718 4277 810 4353 isque
839 4274 936 4337 simul
969 4273 1177 4334 fraternitatis
1200 4280 1271 4335 tuae

523 4375 654 4437 nomine
676 4371 788 4434 retulit
817 4371 918 4448 plura,
943 4367 1059 4445 quibus
1082 4383 1157 4428 sane
1179 4369 1272 4429 intel-

1324 891 1522 970 episcopatus
1538 891 1707 953 ferendum
1726 891 1899 952 adiuveris.
1917 890 1987 952 Erit
2001 905 2073 968 por-

1324 1001 1360 1045 ro
1383 984 1495 1047 Sacrae
1517 984 1785 1062 congregationis
1808 986 1847 1046 de
1870 985 2073 1062 Propaganda

1325 1077 1400 1139 Fide
1428 1079 1539 1140 inanes
1569 1095 1700 1157 prorsus
1723 1096 1739 1140 a
1761 1084 1792 1140 te
1818 1084 1989 1155 conceptos
2012 1078 2072 1139 dis-

1325 1171 1446 1249 pellere
1464 1173 1607 1244 timores
1625 1173 1707 1234 circa
1722 1172 1818 1234 huius
1835 1170 1967 1233 Sanctae
1983 1170 2073 1233 Sedis

1324 1265 1357 1326 in
1380 1272 1410 1326 te
1440 1265 1663 1342 Armenosque
1689 1272 1760 1328 tuos
1792 1265 2071 1341 benevolentiam,

1324 1366 1371 1420 ast
1393 1359 1472 1422 illud
1496 1360 1550 1421 tibi
1572 1366 1677 1422 ratum
1700 1361 1762 1422 iam
1781 1376 1866 1421 nune
1882 1365 2073 1436 certumque

1324 1453 1486 1524 volumus,
1514 1469 1571 1514 nos
1594 1460 1626 1515 et
1647 1454 1882 1515 iraternitatem
1905 1461 2003 1525 tuam,
2021 1469 2074 1514 cu-

1325 1546 1373 1606 ius
1397 1547 1547 1607 eximiam
1581 1547 1773 1622 religionem
1803 1547 2073 1624 prudentiamque

1327 1640 1408 1702 baud
1431 1641 1652 1716 ignoravimus
1668 1657 1822 1718 unquam,
1841 1647 1873 1702 et
1888 1642 2073 1702 universam

1325 1733 1542 1796 armenorum
1567 1739 1695 1811 gentem
1722 1735 1874 1812 peculiari
1896 1750 2025 1812 semper
2040 1751 2074 1796 ae

1326 1835 1455 1906 paterna
1487 1828 1658 1890 dilectione
1690 1845 1760 1889 esse
1782 1835 1980 1906 prosecutos,
2004 1835 2073 1889 tum

1326 1922 1432 1982 omnia
1447 1923 1560 1998 quovis
1576 1929 1722 2000 tempore
1735 1930 1900 2000 exoptasse
1913 1937 1993 1998 quae
2005 1923 2073 1984 sive

1325 2016 1363 2076 ad
1380 2016 1424 2076 tui
1436 2016 1654 2088 commodum,
1669 2017 1737 2077 sive
1753 2016 1789 2077 ad
1803 2015 1973 2078 utilitatem
1990 2032 2074 2078 com-

1326 2110 1414 2170 missi
1433 2110 1490 2171 tibi
1507 2111 1615 2186 gregis
1632 2109 1844 2188 pertinerent.
1863 2109 2019 2186 Equidem
2038 2110 2073 2170 il-

1325 2204 1379 2266 lud
1403 2204 1493 2266 nobis
1516 2221 1643 2266 summo
1671 2204 1786 2281 gaudio
1815 2211 1910 2280 atque
1938 2205 2074 2266 incredi-

1326 2298 1381 2359 bili
1396 2298 1514 2360 laetitia
1530 2299 1600 2370 luit,
1618 2300 1702 2375 quod
1719 2299 1851 2376 epistola
1868 2298 2074 2360 fraternitatis

1327 2399 1398 2453 tuae
1421 2392 1533 2454 retulit
1554 2408 1658 2471 nuper
1673 2392 1783 2471 plures
1798 2391 1949 2454 videlicet
1964 2393 2075 2456 baere-

1328 2487 1403 2547 ticos
1433 2487 1591 2547 Armenes
1622 2486 1659 2546 ad
1681 2485 1853 2550 catholicae
1881 2485 2012 2546 unitatis
2034 2487 2074 2546 si-

1326 2563 1404 2640 n'urn
1421 2579 1565 2650 recliisse,
1584 2597 1617 2639 ac
1633 2579 1698 2640 Deo
1715 2578 2009 2640 misericordiarum
2025 2595 2075 2656 pa-

1327 2674 1366 2733 tri
1388 2673 1586 2734 immortales
1609 2661 1735 2749 egimus
1752 2672 1879 2748 gratias,
1897 2673 2073 2748 quoddam

1325 2767 1437 2828 intima
1466 2768 1701 2828 conficerernur
1727 2766 1941 2828 amaritudine
1968 2767 2007 2828 ob
2030 2768 2074 2828 in-

1327 2875 1476 2922 numeras
1505 2860 1583 2928 lere,
1616 2860 1730 2936 quibus
1758 2859 1897 2921 Ecclesia
1926 2866 2072 2934 vexatur,

1326 2954 1529 3026 calamitates,
1546 2960 1668 3015 tantum
1684 2953 1776 3016 nubis
1792 2953 2015 3015 consolationis
2027 2970 2075 3013 ar-

1327 3053 1520 3123 gumentum
1543 3047 1739 3108 exhibuerit.
1762 3046 1827 3109 Nee
1848 3061 1927 3108 vero
1948 3047 2074 3108 nullum

1328 3141 1419 3202 nobis
1447 3141 1587 3203 suboriri
1617 3141 1751 3202 dubium
1781 3147 1896 3219 potest,
1928 3141 2005 3218 quin
2027 3148 2073 3213 tu,

1327 3251 1402 3296 ven.
1426 3233 1535 3306 irater,
1561 3251 1618 3313 pro
1641 3251 1689 3304 eo,
1708 3249 1772 3310 quo
1794 3235 1944 3296 incensus
1967 3251 2010 3305 es,
2029 3251 2075 3296 ca-

1327 3327 1464 3389 tholicae
1486 3327 1654 3404 religionis
1673 3328 1894 3406 propagandae
1910 3328 2016 3390 studio
2031 3329 2076 3390 di-

1327 3420 1420 3481 vinae
1442 3421 1664 3497 providentiae
1685 3421 1824 3482 consiliis
1845 3420 2073 3494 obsecundans,

1329 3529 1451 3586 omnes
1476 3521 1635 3592 quotquot
1656 3521 1741 3586 sunt,
1759 3521 1903 3594 errantes
1919 3514 2076 3577 Ecclesiae

1328 3606 1421 3679 filios,
1446 3607 1555 3684 quiin
1585 3607 1669 3669 ovile
1701 3607 1821 3690 Gbristi
1852 3615 2074 3678 revertuntur,

1329 3707 1461 3780 paterno
1482 3701 1523 3762 sis
1545 3702 1659 3763 allecta
1682 3701 1920 3779 complexurus.
1944 3701 2076 3763 interim

1328 3811 1406 3856 vero
1425 3796 1526 3857 Deum
1543 3793 1707 3872 Optimum
1724 3794 1898 3856 blasimam
1914 3796 2008 3857 enixe
2025 3797 2077 3857 de-

1330 3897 1494 3967 precantes
1517 3895 1553 3950 ut
1574 3889 1606 3950 in
1629 3896 1659 3950 te
1682 3896 1776 3965 atque
1804 3889 1837 3950 in
1859 3889 1950 3950 istam
1977 3890 2077 3952 domi-

1328 3985 1390 4046 nici
1414 3985 1521 4062 gregis
1545 3985 1678 4046 electam
1700 3989 1824 4061 partem
1844 3983 1968 4045 divitias
1984 3985 2077 4044 mise-

1328 4079 1484 4141 ricordiae
1506 4095 1581 4139 suae
1597 4077 1750 4154 dignetur
1766 4077 1944 4150 effundere,
1962 4085 1994 4139 et
2008 4077 2076 4138 Tibi

1328 4173 1422 4249 atqde
1445 4171 1616 4233 universae
1635 4169 1853 4232 Arrnenornm
1870 4171 2021 4233 ecelesiae
2037 4171 2076 4232 de

1328 4265 1481 4328 eatlrolica
1512 4265 1671 4342 religione
1702 4264 1822 4342 optime
1850 4265 1984 4326 meritae
2005 4281 2077 4343 apo-

1327 4361 1470 4422 stolicam
1499 4357 1758 4420 benedictionem
1789 4365 1991 4435 peramanter
2019 4359 2077 4419 im-

523 4463 673 4540 luximus,
691 4472 769 4542 quot
784 4464 976 4540 quantisque
992 4460 1210 4522 arumnorum
1226 4461 1272 4522 in·
1313 4456 1496 4534 opat-timor.

524 4564 630 4639 digeat
642 4561 784 4631 ecelesia,
799 4559 981 4635 quibusque
997 4555 1152 4632 angustiis
1169 4555 1201 4616 in
1218 4556 1272 4616 tri-

523 4657 661 4718 stissima
691 4656 749 4716 irae
778 4668 888 4714 rerum
918 4649 1102 4712 conditione
1129 4650 1269 4726 tuipse,

524 4768 597 4813 ven.
621 4751 731 4818 irater,
757 4746 905 4808 tenearis.
924 4743 1008 4818 Quae
1024 4743 1155 4820 quidem
1171 4757 1272 4819 quum

523 4848 565 4908 ita
577 4861 648 4907 esse
660 4840 930 4911 intellexerimus,
945 4853 1033 4898 sacro
1046 4836 1178 4898 consilio
1191 4836 1272 4897 obri-

453 4917 459 4934 ’
523 4939 626 5001 stiano
658 4935 781 4999 nomini
814 4932 1018 5012 propagando
1051 4929 1272 4991 commisimus

524 5033 642 5102 statim,
666 5037 703 5091 ut
724 5045 805 5106 quae
826 5047 842 5088 a
858 5033 889 5088 te
906 5025 1057 5104 patefacta
1077 5029 1153 5085 sunt
1167 5023 1270 5096 nobis,

524 5131 651 5190 curaret
672 5139 767 5201 quam
790 5122 945 5192 solerter;
963 5119 1019 5180 tibi
1035 5133 1126 5189 vero,
1144 5133 1272 5193 qnema

524 5222 600 5282 sede
621 5220 680 5280 ista
703 5217 763 5279 tuis
792 5216 949 5277 illustrata
971 5213 1145 5303 virtutibus
1168 5228 1273 5272 reino-

525 5323 592 5377 tum
609 5327 810 5390 nequaquam
826 5309 989 5378 volumus,
1004 5306 1193 5368 adiutricem
1210 5317 1272 5365 ma-

524 5425 602 5472 num
626 5405 879 5484 componendam
903 5401 1118 5472 decrevimus,
1143 5399 1273 5460 lintisti-

525 5511 590 5566 tem
614 5500 762 5562 videlicet
783 5497 840 5558 tibi
857 5495 999 5574 apprime
1015 5493 1185 5571 probatum
1201 5508 1274 5553 eon-

565 5731 592 5788 (1)
609 5735 644 5775 Ex
661 5733 722 5786 Reg.
740 5729 862 5774 brevium
879 5727 927 5772 vol.
944 5730 979 5780 v„
996 5737 1018 5782 p.
1034 5727 1067 5769 tvl.

565 5803 594 5854 (2)
611 5803 647 5842 Ex
661 5799 751 5842 'l’alml
770 5798 900 5842 [lutariae.

476 5905 477 5910 ,
564 5873 592 5912 ln
606 5866 763 5912 consistorio
774 5871 875 5910 secreto
886 5875 932 5920 pro
944 5864 992 5907 irae
1002 5859 1203 5906 conilrmatioue
1214 5862 1275 5902 Pon-

524 5936 587 5980 tii'ex
602 5934 697 5979 babuit
712 5933 909 5986 allocutionem,
928 5941 1007 5986 qua-tm
1026 5927 1230 5973 transcribimus
1245 5937 1275 5968 ex

524 6002 613 6048 Tabul.
629 5999 826 6046 consistoriali:
1086 5999 1087 6002 ’

1369 4550 1481 4610 ilatum
1504 4549 1622 4610 Romae
1644 4549 1725 4625 apud
1751 4547 1781 4609 S.
1800 4548 1931 4608 Petrum
1953 4547 2077 4608 sultan-

1329 4643 1406 4706 nulo
1428 4643 1605 4714 Piscatoris,
1631 4642 1682 4704 die
1704 4659 1772 4702 xxx.
1797 4641 1857 4702 ian.
1876 4657 2075 4712 uocccxun„

1328 4739 1530 4818 pontificatus
1553 4735 1656 4798 nostri
1678 4752 1760 4796 anno
1783 4749 1839 4795 xn.

1658 5017 1747 5080 CCV.

1330 5206 1477 5271 lucebunt
1500 5206 1597 5268 licias
1621 5204 1658 5268 ab
1684 5205 1845 5285 Episcopi-s
1862 5206 2005 5266 trationis
2021 5205 2078 5265 Ar-

1369 5317 1535 5363 uernorum
1559 5301 1592 5360 ia
1615 5299 1845 5362 Patrioreltem
1871 5297 2001 5360 Ciliciae
2023 5299 2078 5360 ele-

1370 5401 1455 5456 ctum
1487 5411 1542 5454 seu
1572 5394 1771 5472 postulatum
1801 5393 1836 5453 in
1865 5411 1902 5454 ea
1924 5392 2080 5472 dignitate

1370 5489 1538 5570 eortfirmut
1558 5489 1614 5566 (ἓ).

1399 5637 1569 5645 ....—.-——--—

1438 5721 1625 5763 Vnurrnannms
1641 5720 1773 5771 Etmanes,

1371 5855 1503 5898 lterredieti
1518 5857 1579 5898 xiv.
1596 5851 1805 5910 gloriosissimae
1820 5850 1964 5896 nierrroriae
1977 5851 2080 5906 praede·

1331 5922 1443 5967 cessoris
1465 5921 1549 5966 nostri
1571 5921 1734 5976 temporibus
1758 5917 1879 5974 aequalis
1900 5920 1940 5961 est
1958 5917 2079 5962 catholici

1332 5991 1438 6036 ciliciae
1453 5988 1652 6046 patriarchatus
1667 5987 1749 6043 origo.
1766 5987 1803 6030 nb
1818 5997 1848 6032 eo
1863 5985 1987 6030 Pontiflce
2002 5985 2081 6030 Abra-
