4770 6982
88 587 140 636 An.
156 587 187 637 Ο.
212 583 279 637 1841

87 1665 224 1710 Electionis
234 1679 290 1712 riut-

76 1721 186 1762 ditiones

89 5132 204 5194 Omnibus
217 5145 285 5189 pirae-

84 5189 133 5238 uprt
155 5187 179 5230 in
207 5192 285 5241 poste·

86 5248 129 5296 mm
160 5241 284 5285 ttltetllett-

85 5292 133 5335 inm
151 5296 200 5338 Vir.

919 603 1093 650 benenatus
1116 607 1165 650 ΡΡ.
1191 597 1255 651 Xlll.

314 721 374 781 tuis
402 720 588 800 impositum
618 721 762 784 bumeris
789 731 935 801 prompta
963 723 1079 808 animi·

312 815 484 876 devotione
506 815 711 892 amplectens,
731 831 851 888 curam,
877 823 908 877 et
929 815 1061 878 admini-

311 907 499 969 strationem
524 909 732 987 praescriptas
754 909 795 971 ita
810 911 938 972 studeas
961 910 1060 972 fideli-

313 1007 361 1062 ter
393 1002 637 1079 prudenterque
665 1017 827 1074 exercere,
862 1009 898 1063 ut
930 1003 1060 1066 ecclesia

311 1098 469 1174 praedicta
491 1099 625 1174 gaudeat
640 1113 674 1159 se
694 1099 829 1176 provido
852 1097 1058 1175 gubernatori

311 1204 343 1251 et
365 1191 530 1254 fructuoso
552 1192 803 1253 administratori
826 1208 895 1254 esse
912 1193 1059 1253 commis-

311 1301 389 1356 sam,
408 1293 439 1346 et
462 1293 506 1356 tu,
525 1293 652 1362 praeter
674 1291 822 1347 aeternae
838 1285 1059 1348 retributionis

310 1379 501 1456 praemium,
516 1385 657 1440 nostram
680 1393 808 1456 quoque
825 1385 857 1440 et
872 1378 961 1440 Sedis
977 1379 1058 1458 Xpo-

310 1471 440 1533 stolicae
458 1472 590 1534 uberius
605 1475 720 1536 exinde
736 1474 887 1550 consequi
907 1474 1058 1536 merearis

309 1563 565 1629 benedictionem
589 1575 621 1630 et
643 1570 786 1644 gratiam.

349 1661 368 1734 ἓ
390 1660 418 1720 l.
433 1661 600 1724 Praeterea
614 1662 681 1732 tibi,
695 1669 730 1724 ut
741 1665 777 1725 ad
791 1663 955 1726 ecclesiam
970 1677 1058 1738 prae·

310 1753 436 1825 dictam,
448 1757 588 1831 quandiu
601 1756 639 1818 ab
651 1757 835 1818 infidelibus
847 1755 1055 1826 detinebitur,

310 1849 460 1911 accedere
473 1855 505 1910 et
516 1850 597 1928 apud
612 1867 679 1912 eam
691 1850 903 1928 personaliter
915 1848 1057 1912 residere

310 1941 445 2004 minime
467 1944 616 2016 tenearis,
635 1945 716 2006 dicta
737 1945 924 2006 atrctoritate
946 1960 1057 2006 conce-

309 2035 414 2096 dimus
427 2042 460 2097 et
471 2037 691 2114 indulgemus
705 2037 858 2099 Getarum
871 2038 907 2099 ad
926 2054 960 2098 ea
977 2053 1057 2114 quae

308 2129 340 2188 in
365 2136 435 2190 tuae
448 2130 562 2192 cedere
579 2138 718 2208 possunt
732 2131 966 2192 commoditatis
982 2147 1057 2208 ang-

309 2229 456 2284 mentum
469 2223 689 2284 favorabiliter
704 2224 924 2302 respicientes
940 2225 1007 2296 tibi,
1021 2231 1058 2286 ut

308 2333 324 2376 a
346 2331 567 2394 quocumque,
595 2331 692 2394 quem
716 2317 879 2388 malueris,
901 2318 1056 2380 catbolico

307 2425 471 2470 sacrorum
494 2391 656 2480 Antistite,
674 2409 805 2472 Sanctae
821 2416 947 2472 nostrae
966 2409 1055 2472 Sedis

310 2502 440 2578 gratiam
459 2510 491 2564 et
506 2503 768 2565 communionem
785 2504 933 2575 habente,
951 2505 1055 2566 accitis

309 2603 341 2658 et
356 2597 388 2658 in
401 2597 503 2660 bocci
518 2595 739 2660 assistentibus
762 2597 887 2658 duobus
902 2598 970 2659 aliis
984 2598 1056 2676 Epi-

309 2691 422 2769 scopis,
439 2692 503 2764 vel,
521 2699 679 2768 quatenus
696 2691 720 2750 si
736 2693 905 2753 commode
920 2695 1055 2770 reperiri

309 2801 373 2846 non
389 2792 553 2864 poterunt,
569 2785 693 2847 duobus
710 2801 823 2846 eorum
839 2785 910 2848 loco
926 2789 1056 2868 presby-

309 2879 386 2940 teris
408 2878 624 2941 saecularibus
647 2878 699 2940 vel
719 2879 951 2957 cuiuscumque
973 2884 1055 2944 ordi-

309 2971 368 3042 nis,
393 2971 650 3049 congregationis
680 2979 712 3033 et
737 2972 874 3035 instituti
900 2976 1055 3050 regulari-

308 3065 378 3136 bus,
401 3066 541 3127 similem
564 3065 741 3143 praedictae
764 3066 859 3127 ltuius
875 3067 963 3130 Sedis
987 3085 1055 3146 gra-

307 3161 382 3222 tiam
396 3165 429 3221 et
440 3160 703 3222 communionem
719 3159 923 3234 habentibus,
938 3179 1055 3226 munus

308 3253 556 3316 consecrationis
569 3254 715 3332 recipere
727 3254 829 3316 libere
842 3261 874 3316 et
885 3255 970 3318 licite
986 3274 1055 3335 pos-

306 3349 348 3409 sis
371 3355 404 3410 et
424 3349 547 3424 valeas3
570 3365 604 3409 ac
626 3348 730 3410 eidem
748 3347 900 3421 Xntistiti,
918 3356 954 3410 ut
968 3365 1055 3412 rece-

299 3441 369 3519 ptis
384 3458 399 3501 a
416 3447 445 3503 te
461 3441 549 3518 prius
571 3441 744 3503 catholicae
760 3442 833 3503 fidei
856 3442 1055 3520 professione

306 3535 395 3596 iuxta
416 3534 567 3596 articulos
590 3533 714 3611 pridem
731 3551 746 3594 a
761 3535 837 3596 sede
859 3543 968 3598 nostra
984 3553 1055 3615 pro-

306 3627 437 3705 positos,
461 3645 495 3689 ac
524 3633 635 3689 nostro
657 3634 689 3688 et
709 3627 868 3689 Romanae
895 3629 1054 3692 Ecclesiae

305 3722 438 3784 nominc
467 3721 627 3782 fidelitatis
649 3721 773 3783 debitae
801 3721 983 3784 iuramento
1006 3741 1055 3786 so-

306 3815 375 3888 lito,
406 3815 604 3894 praedictum
634 3829 752 3876 munus
781 3815 838 3876 tibi
866 3818 1054 3882 auctoritate

306 3917 417 3972 nostrat
437 3911 625 3988 impendere
642 3909 728 3970 licite
743 3910 856 3984 valeat,
875 3912 985 3974 eadem
1001 3930 1054 3974 au-

306 4005 451 4065 ctoritate
473 4004 600 4082 plenam
624 4009 656 4064 et
676 4002 810 4064 liberam
833 4005 948 4068 barum
971 4007 1054 4069 serie

306 4096 480 4158 tribuimus
497 4095 688 4158 facultatem.
713 4094 869 4158 Volumus
886 4103 992 4160 tamen
1005 4117 1054 4160 ea-

307 4189 446 4265 demque
462 4189 649 4250 auctoritate
665 4189 876 4267 praecipimus
891 4197 986 4267 atque
1002 4193 1054 4253 de-

306 4283 481 4354 cernimus,
495 4289 541 4353 ut,
556 4281 617 4344 nisi
632 4283 768 4360 receptis
783 4300 799 4343 a
814 4289 846 4344 te
862 4284 950 4362 prius
965 4301 1054 4363 prae-

307 4375 425 4438 dictum
437 4376 610 4437 antistitem
624 4375 804 4437 iuramento
817 4384 849 4437 et
857 4377 1054 4454 professione

307 4469 380 4531 fidei
402 4469 598 4540 huiusmodi,
616 4469 684 4547 ipse
700 4469 829 4530 antistes
844 4473 1054 4533 consecratio-

306 4563 355 4623 nis
376 4579 495 4624 munus
525 4563 579 4624 tibi
609 4563 813 4640 impendere,
846 4571 945 4640 tuque
973 4565 1052 4626 illud

305 4658 449 4735 recipere
477 4657 773 4735 praesumpseritis,
805 4657 888 4718 idem
912 4657 1053 4720 Antistes

305 4767 321 4811 a
343 4749 532 4829 pontificalis
555 4751 647 4812 officii
670 4750 824 4812 exercitio
846 4758 878 4812 ct
901 4758 963 4812 tam
986 4753 1053 4830 ipse

304 4857 398 4920 quam
429 4849 462 4905 tu
485 4861 501 4904 a
529 4843 689 4919 regimine
718 4850 751 4904 et
778 4845 1053 4906 administratione

305 4937 513 4998 ecclesiarum
543 4943 726 4997 vestrarum
748 4937 893 5014 suspensi
923 4937 991 4997 sitis
1015 4953 1053 5000 eo

304 5047 383 5108 rpso.

344 5125 412 5199 55.
438 5124 581 5201 Denique
611 5125 760 5186 omnibus
790 5131 822 5186 ct
850 5125 987 5202 singulis
1015 5128 1052 5189 ad

304 5233 384 5294 quos
412 5224 534 5295 spectat
560 5217 613 5298 vel
634 5217 789 5295 spectabit
818 5218 1050 5296 inposterum,

304 5312 503 5381 mandamus,
518 5317 554 5372 ut
568 5311 625 5372 tibi
641 5317 802 5388 tamqnam
818 5311 1052 5376 Gocbincbinae

304 5403 429 5466 Vicario
441 5403 625 5481 Apostolico
637 5405 777 5481 prompti
791 5411 920 5482 pareant
935 5413 967 5467 et
980 5407 1053 5468 obe·

304 5499 401 5570 diant,
426 5504 544 5574 tuaque
565 5497 703 5559 salubria
725 5499 846 5560 monita
862 5505 894 5559 ct
908 5499 1051 5562 mandata

232 5651 233 5655 ,
305 5591 472 5652 humiliter
494 5591 665 5669 suscipiant
686 5598 717 5653 et
742 5591 904 5670 implenda
925 5600 1050 5665 curent,

303 5685 445 5762 alioquin
476 5685 668 5746 sententiam
702 5701 758 5747 seu
792 5701 926 5762 poenam
956 5701 1051 5763 quarn

305 5765 492 5842 ritetuleris
506 5795 562 5841 seu
579 5779 728 5840 statueris
739 5780 772 5841 in
788 5779 937 5852 rebelles,
952 5787 1051 5842 ratam

303 5872 492 5946 babebimus
505 5879 537 5935 et
547 5872 701 5935 faciemus
717 5879 901 5935 auctorante
916 5872 1052 5936 Domino

303 5967 458 6044 usquead
474 5965 720 6030 satisfactionem
744 5967 933 6042 condignam
951 5967 1052 6028 invio-

408 6111 459 6156 fnr,
480 6111 547 6157 f'ont.
565 6111 595 6156 de
612 6111 683 6169 ι’νομ.
701 6111 762 6157 ride
778 6115 857 6156 t'artis
874 6115 890 6155 l.
909 6113 949 6154 vot
977 6116 994 6154 ι’

1119 722 1257 786 labiliter
1280 725 1454 786 observari.
1477 722 1548 786 Non
1571 723 1768 786 obstantibus
1793 738 1865 800 apo·
1960 749 1961 764 ι

1117 817 1235 879 stolicis
1258 825 1352 896 atque
1373 819 1406 880 in
1429 817 1664 880 universalibus
1689 815 1864 896 provincia-

1118 911 1266 990 libusque
1296 919 1329 974 et
1352 911 1557 990 synodalibus
1589 911 1738 975 Conciliis
1771 909 1865 972 editis

1119 1005 1322 1080 generalibus
1344 1006 1397 1066 vel
1418 1003 1606 1083 specialibus
1632 1003 1865 1066 constitutioni-

1117 1096 1175 1158 bus
1206 1106 1238 1160 et
1260 1098 1524 1169 ordinationibus,
1556 1113 1615 1160 nec
1647 1113 1712 1158 non
1735 1096 1865 1173 quibus-

1116 1192 1175 1262 vis,
1200 1192 1294 1254 etiam
1318 1193 1511 1264 iuramento,
1533 1190 1777 1252 confirmatione
1793 1205 1865 1266 apo-

1115 1286 1235 1357 stolica,
1254 1286 1307 1347 vel
1320 1286 1434 1362 'quavis
1453 1285 1605 1346 firmitate
1621 1283 1680 1344 alia
1695 1283 1862 1355 roboratis,

1114 1381 1238 1441 statutis
1251 1379 1587 1450 etconsuetudinibus,
1598 1377 1775 1456 privilegiis
1787 1393 1863 1454 quo·

1115 1489 1190 1550 que,
1199 1474 1331 1536 indultis
1344 1479 1375 1534 et
1387 1473 1503 1534 litteris
1514 1471 1692 1550 apostolicis
1701 1471 1733 1532 in
1742 1478 1864 1534 contra·

1114 1568 1198 1629 rium
1216 1567 1464 1646 praemissorum
1481 1565 1725 1643 quomodolibet
1738 1581 1864 1626 conces-

1113 1663 1165 1732 sis,
1182 1661 1378 1724 contirmatis
1394 1667 1427 1722 et
1441 1661 1615 1724 innovatis:
1631 1659 1746 1736 quibus
1763 1659 1864 1720 omni-

1115 1757 1173 1818 bus
1195 1763 1227 1817 et
1249 1756 1384 1832 singulis
1405 1756 1537 1818 illorum
1564 1761 1694 1816 tenores
1717 1769 1864 1831 praesen-

1116 1851 1199 1912 tibus
1222 1866 1280 1928 pro
1302 1850 1398 1926 plene
1420 1855 1452 1910 et
1474 1849 1671 1910 sufficienter
1693 1849 1861 1925 expressis,

1114 1961 1148 2006 ac
1171 1944 1209 2004 de
1225 1943 1326 2005 verbo
1342 1944 1377 2005 atl
1398 1941 1536 2004 verbum
1548 1941 1681 2004 insertis
1697 1942 1861 2014 babentes,

1114 2037 1176 2098 illis
1199 2037 1272 2098 alias
1294 2037 1327 2097 in
1348 2053 1406 2096 suo
1433 2036 1550 2097 robore
1573 2035 1801 2112 permansuris,
1826 2035 1862 2096 ad

1115 2129 1363 2208 praemissorum
1396 2129 1544 2190 effectum
1569 2129 1626 2190 bac
1648 2129 1718 2190 vice
1741 2129 1864 2190 dumta-

1114 2229 1167 2284 xat
1197 2223 1377 2302 specialiter
1406 2229 1438 2284 et
1470 2237 1620 2299 expresse
1650 2222 1860 2299 derogamus,

1113 2317 1293 2393 ceterisque
1316 2315 1483 2377 contrariis
1506 2314 1774 2392 quibuscumque.

1154 2409 1266 2470 Datum
1289 2409 1408 2470 Romae
1430 2408 1510 2485 apud
1536 2406 1566 2468 S.
1588 2407 1720 2470 Petrum
1735 2409 1795 2470 sub
1810 2425 1863 2470 an-

1114 2503 1191 2564 nulo
1207 2502 1382 2572 Piscatoris,
1397 2501 1448 2562 die
1465 2517 1552 2562 xxvr.
1572 2499 1652 2562 febr.
1674 2517 1861 2573 dccccxxx,

1113 2596 1315 2674 pontificatus
1335 2593 1437 2656 nostri
1460 2610 1543 2656 anno
1566 2610 1610 2655 xr.

1393 2875 1584 2940 CLXXXIX.

1116 3064 1253 3127 Vicnrio
1269 3065 1326 3145 Ap.
1363 3063 1524 3142 Tnnqnini
1550 3062 1760 3128 Occidentalis
1782 3083 1861 3126 cotn-

1154 3157 1253 3219 mittit
1276 3158 1388 3238 eligere
1403 3163 1433 3219 et
1448 3173 1635 3219 consecrare
1656 3175 1773 3218 nonum
1799 3157 1859 3219 Vic.

1153 3252 1210 3332 Ap.
1238 3250 1483 3320 Cocbincbinae,
1506 3251 1534 3311 ai
1560 3249 1620 3312 Vic.
1645 3251 1703 3332 Ap.
1717 3258 1747 3314 et
1765 3251 1862 3316 Cond-

1153 3347 1240 3408 iutor
1262 3346 1344 3408 diem
1364 3361 1548 3426 supremum
1571 3343 1694 3407 obeant.

1113 3531 1282 3597 Venerabili
1298 3530 1385 3596 fratri
1400 3529 1551 3613 Episcopo
1568 3530 1603 3595 de
1621 3531 1736 3596 licente
1753 3533 1780 3596 in
1793 3549 1860 3615 par-

1150 3627 1231 3691 tibus
1255 3623 1416 3690 infidelium
1439 3623 1559 3689 vicario
1580 3623 1758 3707 apostolico
1782 3621 1860 3690 Tun-

1153 3719 1231 3801 quini
1255 3717 1469 3794 Occidentalis,

1284 3903 1506 3972 educemus
1530 3905 1589 3970 ΡΡ.
1616 3903 1686 3970 Xlll.

1325 4091 1514 4160 Venerabilis
1536 4093 1644 4171 frater,
1710 4117 1713 4127 2

1144 4190 1326 4256 salutemet
1349 4187 1547 4269 apostolicam
1573 4185 1824 4252 benedictionem.

1152 4384 1170 4457 ἓ
1195 4381 1220 4441 l.
1246 4380 1289 4440 De
1311 4377 1569 4440 Gonebincbinae
1593 4377 1749 4440 Missionis
1775 4378 1859 4442 bono

1111 4474 1324 4536 veliementer
1347 4471 1485 4542 solliciti,
1511 4485 1567 4548 per
1588 4470 1709 4532 similes
1735 4479 1859 4534 nostras

1110 4566 1296 4646 apostolicas
1319 4565 1441 4626 litteras
1456 4564 1612 4624 bodierno
1635 4563 1685 4624 die
1707 4563 1793 4626 datas
1815 4566 1859 4626 di-

1111 4660 1230 4722 lectum
1264 4659 1366 4720 filium
1397 4657 1623 4735 presbyterum
1656 4657 1859 4722 Dominicum

1111 4753 1269 4814 Lefebvre
1298 4752 1330 4812 in
1363 4750 1524 4812 Vicarium
1553 4767 1609 4811 seu
1639 4766 1858 4814 successorem

1111 4845 1303 4908 venerabilis
1317 4843 1422 4906 fratris
1438 4843 1590 4922 Stepbani
1603 4843 1761 4906 Theodori
1779 4845 1858 4908 Gue-

1111 4947 1167 5000 not
1188 4939 1334 5016 Episcopi
1357 4936 1621 5014 ltietellopolitani
1640 4935 1754 4998 Vicarii
1777 4938 1858 5016 Apo-

1110 5033 1213 5094 stolici
1229 5030 1487 5094 Concbincbinae
1504 5030 1756 5107 designavimus,
1770 5047 1859 5092 eum-

1110 5127 1250 5203 demque
1274 5125 1500 5203 presbyterum
1519 5123 1787 5201 lsauropolitanae
1802 5126 1858 5187 Ec-

1110 5219 1224 5280 clesiae
1246 5219 1280 5278 in
1304 5216 1445 5294 partibus
1467 5216 1647 5278 infidelium
1664 5215 1857 5295 Episcopum

1110 5311 1388 5381 renuntiavimus,
1424 5309 1549 5386 quoties
1586 5317 1857 5372 commemoratus

1109 5420 1183 5466 ven.
1209 5403 1307 5465 frater
1323 5403 1498 5482 Episcopus
1518 5403 1807 5481 Metellopolitanus
1827 5411 1858 5466 et

1110 5497 1252 5560 Vicarius
1269 5514 1355 5560 nunc
1370 5496 1571 5575 Apostolicus
1586 5495 1854 5568 Goncbincbinae,

1110 5608 1174 5654 non
1197 5592 1362 5668 designato
1378 5589 1438 5652 sibi
1453 5589 1647 5661 coadiutore,
1666 5606 1706 5652 ex
1722 5590 1779 5652 bac
1793 5591 1857 5652 vita

1109 5688 1275 5763 migraret.

1149 5781 1167 5856 ἓ
1188 5781 1217 5840 2.
1235 5778 1316 5841 Cum
1331 5787 1438 5843 autem
1455 5781 1587 5842 evenire
1603 5780 1711 5858 possit,
1726 5787 1772 5852 ut,
1790 5797 1856 5843 sae-

1108 5874 1217 5936 viente
1247 5874 1350 5936 adbuc
1372 5874 1434 5935 illis
1464 5875 1496 5936 in
1519 5874 1596 5936 locis
1618 5875 1853 5952 persecutione,

1110 5974 1172 6028 tam
1190 5967 1364 6044 Episcopus
1378 5967 1665 6044 Metellopolitanus
1677 5983 1772 6043 quarn
1788 5967 1856 6030 eius

1723 6118 1748 6155 :tt

1787 576 1846 650 265
1896 589 1994 641 ane.
2018 586 2083 640 ron
2174 617 2178 624 -
