4864 6994
922 583 1097 630 annuemus
1119 585 1168 631 er.
1193 587 1258 634 xvi.
1808 571 1845 632 at
1896 571 1949 626 nn.
1964 577 1994 626 0.
2017 577 2084 628 1832

316 705 349 760 et
367 699 592 778 Conceptionis
614 703 649 764 B.
667 703 706 765 Μ.
725 704 761 766 V.
786 705 846 766 Pro
876 704 987 765 diebus
1009 718 1061 763 au·
1088 703 1090 721 '
1118 699 1285 770 Venerabili
1309 703 1398 770 tratri
1422 704 1550 770 Antania
1579 704 1719 788 ilurigian
1743 702 1864 770 brebie-

317 799 381 854 tem
410 793 672 858 sollemniorihus
701 797 895 870 Nantuatis,
927 780 1090 886 epipha-i
1157 798 1280 879 p'soapo
1304 797 1417 880 primati
1441 798 1570 864 ermeno
1590 797 1864 880 constantinapoli-

315 887 396 958 niae,
420 885 688 962 circumcisionis,
712 890 877 963 Pascbatis,
899 888 1061 952 nscensio-
1088 891 1090 951 l
1156 892 1238 968 iano,

315 980 363 1042 nis
385 986 417 1042 et
437 978 588 1059 Corporis
610 981 754 1054 Christis,
778 984 857 1046 item
879 1000 938 1062 pro
960 983 1060 1044 dorni-
1087 976 1090 1025 t

315 1073 384 1134 nica
411 1073 624 1146 Pentecostes,
649 1092 682 1137 ac
704 1092 762 1154 pro
790 1077 871 1138 testo
901 1075 1061 1138 Trinitatis

315 1166 488 1243 Augustae,
512 1167 591 1228 item
607 1182 665 1246 pro
685 1169 820 1246 siugulis
842 1170 937 1231 etiam
960 1169 1061 1230 mino·
1087 1216 1089 1271 1

314 1259 403 1320 ribus
418 1259 505 1321 lestis
520 1259 631 1322 diebus
653 1261 687 1320 B.
706 1261 745 1322 n.
764 1261 814 1332 V..
839 1263 917 1323 item
933 1263 965 1324 in
981 1261 1061 1322 testo
1087 1278 1089 1335 ι
1329 1263 1517 1329 Venerabilis
1539 1263 1650 1340 irater,

316 1352 371 1415 SS.
395 1351 622 1431 Apostolorum
651 1353 736 1416 Petri
760 1362 792 1416 et
817 1355 916 1426 Pauli,
941 1361 973 1416 et
995 1370 1060 1416 om·
1087 1372 1089 1383 ¹
1149 1355 1278 1421 aetutem
1302 1360 1333 1421 et
1354 1345 1554 1438 epistolicam
1578 1355 1828 1423 benedictionem.

315 1447 406 1508 nium
429 1445 635 1518 Sanctorum,
659 1465 693 1510 ac
714 1448 747 1510 in
770 1449 866 1510 tertio
892 1448 1062 1510 cuiuslibet
1087 1452 1089 1535 ξ

315 1541 434 1603 mensis
455 1542 506 1602 die
529 1541 688 1603 dominico
701 1541 936 1618 indulgentiam
953 1541 1061 1602 Plena-

1291 1073 1510 1143 enecantes
1534 1077 1596 1144 ΡΡ.
1621 1075 1690 1143 bVl.

1156 1546 1173 1619 ᾗ
1197 1545 1223 1606 l.
1247 1544 1333 1606 lnter
1357 1544 1556 1620 gravissimas
1583 1545 1699 1622 quibus
1721 1547 1864 1622 undique
1905 1557 2073 1602 Prooemium.

315 1635 406 1706 riam,
421 1649 501 1710 quae
522 1649 581 1712 pro
603 1635 760 1696 defunctis
783 1634 930 1712 applicari
953 1635 1059 1711 possit,
1116 1637 1295 1715 premimur
1323 1637 1554 1700 sollicitudines
1576 1638 1609 1700 in
1634 1655 1785 1716 suprema
1807 1639 1863 1701 Eo·

313 1727 532 1805 impertimur,
557 1726 732 1788 dummodo
755 1733 787 1788 et
805 1727 991 1804 praestituta
1013 1742 1061 1787 re·
1116 1731 1229 1792 clesiae
1250 1731 1378 1808 specula
1403 1731 1496 1808 positi
1516 1731 1710 1794 infirmitatis
1738 1738 1865 1793 nostrae

314 1821 420 1882 citatio
442 1820 584 1897 quotidie
606 1821 719 1881 saltem
742 1835 800 1898 per
822 1836 977 1890 mensem,
1003 1819 1061 1880 nisi
1118 1839 1278 1884 memores
1299 1839 1392 1901 saepe
1405 1823 1442 1884 ad
1456 1830 1487 1884 te
1509 1831 1633 1885 nostros
1646 1825 1865 1886 convertimus

315 1914 473 1990 legittima
501 1930 591 1974 causa
620 1913 690 1990 quis
720 1914 817 1974 luerit
845 1913 1059 1991 praepeditus,
1088 1936 1090 1945 ¹
1117 1915 1236 1986 oculos,
1260 1924 1295 1976 ut
1317 1915 1374 1976 tibi
1398 1931 1565 1993 novaeque
1586 1917 1637 1978 isti
1656 1917 1865 1995 archiepisco·

313 2007 426 2069 sedulo
446 2013 619 2083 sancteque
641 2007 859 2084 praecesserit,
884 2025 918 2067 ac
940 2023 1062 2068 memo·
1088 2050 1090 2061 .
1117 2009 1177 2087 pali
1198 2009 1266 2070 sedi
1287 2009 1320 2069 in
1343 2008 1491 2070 omnibus
1514 2017 1639 2086 praesto
1660 2010 1770 2082 simus,
1796 2011 1864 2086 qui·

314 2099 390 2162 ratis
423 2099 534 2162 diebus
565 2107 760 2162 sacramenta
788 2099 1001 2162 Confessiouis
1031 2107 1063 2161 et
1088 2073 1090 2189 ξ
1117 2103 1175 2164 bus
1196 2102 1329 2164 Armeni
1345 2101 1491 2164 catholici
1513 2118 1617 2180 nuper
1632 2103 1751 2164 summi
1766 2103 1865 2181 impe-

314 2191 558 2254 Communionis
570 2191 691 2254 inerint
705 2199 850 2270 suscepta
863 2199 895 2254 et
907 2191 975 2270 piae
992 2208 1062 2269 pre·
1088 2196 1090 2273 l
1117 2196 1214 2257 rantis
1230 2195 1427 2272 benignitate
1444 2195 1481 2256 ab
1503 2194 1708 2258 inimicorum
1731 2212 1865 2258 suorum

269 2325 278 2341 .
316 2305 367 2351 ces
392 2288 426 2348 in
454 2285 559 2363 aliqua
589 2286 720 2349 ecclesia
750 2286 847 2348 tactae
875 2286 955 2359 sint;
987 2301 1062 2362 quas
1088 2292 1090 2365 l
1118 2289 1263 2350 manibus
1286 2287 1389 2366 erepti
1411 2289 1443 2348 in
1466 2288 1604 2366 puritate
1634 2288 1708 2350 fidei
1730 2296 1762 2350 et
1783 2289 1866 2352 cbri-

316 2388 424 2442 tamen
450 2379 667 2456 indulgentias
695 2396 748 2441 eos
782 2379 876 2440 etiam
909 2377 1063 2439 edicimus
1089 2370 1091 2453 i
1115 2383 1234 2444 stianae
1256 2381 1416 2443 charitatis
1438 2381 1593 2443 exercitio
1621 2387 1801 2444 constantes
1822 2382 1865 2444 ita

316 2473 445 2543 lucrari,
463 2471 517 2549 qui
533 2472 586 2532 vel
602 2487 642 2533 ex
661 2472 788 2534 infirma
809 2471 994 2532 valetudine
1010 2471 1062 2532 vel
1089 2500 1091 2523 ι
1117 2477 1149 2536 in
1164 2475 1273 2537 salutis
1289 2475 1373 2536 viam
1395 2474 1584 2550 dirigantur,
1603 2481 1638 2536 ut
1653 2473 1735 2537 bona
1751 2491 1865 2537 eorum

316 2567 397 2628 iusta
418 2566 523 2642 aliqua
550 2581 640 2627 causa
662 2565 791 2626 distenti
816 2580 885 2625 sese
915 2563 1063 2625 conterre
1089 2586 1091 2613 ι
1117 2567 1317 2630 conversatio
1346 2568 1442 2628 decus
1471 2567 1630 2628 Ecclesiae
1658 2567 1699 2627 sit
1720 2575 1752 2628 et
1775 2584 1865 2629 orna-

316 2659 350 2720 in
372 2659 537 2721 ecclesiam
559 2663 731 2734 nequeant,
749 2657 810 2718 alio
831 2657 918 2718 iuxta
935 2656 1063 2718 Conles-
1118 2668 1275 2731 mentum,
1301 2666 1334 2722 et
1355 2665 1499 2720 errantes
1518 2666 1693 2720 vereantur
1716 2660 1797 2722 nihil
1813 2661 1865 2722 ha-

316 2753 390 2814 sarii
412 2751 648 2828 beneplacitum
672 2766 769 2829 opere
789 2750 973 2826 subrogato.
1118 2757 1230 2816 bentes
1260 2754 1380 2814 malum
1411 2753 1517 2814 dicere
1540 2753 1579 2814 de
1610 2752 1711 2814 nobis.
1742 2753 1812 2816 Non
1834 2761 1866 2816 te

116 2856 298 2918 insumemu-
356 2845 425 2920 52.
450 2843 572 2906 Verum
603 2859 642 2905 ea
671 2860 728 2905 nos
756 2844 1004 2916 contendentes,
1028 2849 1064 2904 ut
1118 2850 1196 2910 latet
1217 2848 1277 2908 boc
1300 2853 1424 2908 tantum
1446 2845 1586 2917 bonum,
1610 2845 1664 2906 Dei
1690 2847 1866 2924 opitulante

82 2921 135 3008 ii?
160 2909 297 2955 ⁰⁰⁰d¹¹¹⁰'
316 2939 422 3000 studio
444 2938 672 3009 uenerationis,
690 2938 817 3008 amoris,
831 2937 1000 3013 cultusque
1016 2953 1065 2997 er·
1120 2939 1472 3018 gratia,Episcopurum
1486 2939 1646 3016 exemplu,
1658 2939 1823 3016 vigilantia
1835 2947 1867 3001 et

319 3047 357 3108 ga
372 3030 540 3108 Virginem
556 3030 684 3091 blaciam
707 3029 902 3108 impensiore
919 3029 1064 3092 omnium
1090 3020 1092 3053 ¹
1119 3034 1280 3096 laboribus
1296 3031 1493 3110 promoveri,
1513 3031 1631 3092 borum
1647 3031 1734 3092 enim
1751 3039 1798 3093 est
1813 3033 1867 3094 do-

318 3123 415 3186 animi
447 3125 699 3194 inflammentur,
735 3123 960 3201 propositaque
993 3123 1064 3184 ideo

319 3217 470 3278 ditissima
491 3215 770 3292 Indulgentiarum
783 3215 932 3276 mercede
953 3215 1065 3276 stimu-

318 3313 365 3374 los
387 3311 439 3372 vel
461 3307 666 3371 currentibus
681 3309 854 3369 admovere
877 3309 953 3370 dunt
975 3325 1065 3370 corta·

318 3419 444 3474 namur,
461 3403 542 3465 illud
555 3402 652 3463 simul
673 3417 881 3480 summopere
895 3417 1062 3478 urgemus,

318 3505 354 3562 ut
382 3497 441 3559 alia
469 3511 599 3573 quoque
616 3495 817 3572 Religionis,
850 3495 1010 3556 alacritatis
1032 3513 1065 3557 ac

318 3593 476 3654 virtutum
499 3606 595 3668 opera
616 3591 740 3650 intente
763 3605 874 3649 omnes
897 3589 1063 3660 obeuntes,

319 3685 527 3760 moribusque
550 3682 797 3744 adCbristianae
819 3681 1002 3760 disciplinae
1018 3699 1065 3742 ra-

320 3780 438 3840 tionem
457 3775 673 3847 conformatis,
688 3776 826 3837 cariores
836 3791 870 3835 se
883 3775 973 3835 llatri
990 3775 1065 3836 San-

319 3872 474 3934 ctissimae
490 3870 673 3940 exhibeant,
689 3883 769 3946 quae
786 3875 948 3930 aeternam
966 3869 1064 3930 vitam

319 3983 373 4027 eos
395 3963 559 4025 habituros
581 3961 762 4040 pollicetur,
780 3961 834 4037 qui
853 3960 952 4038 ipsam
969 3961 1065 4023 eluci-

319 4059 393 4120 dare
407 4056 602 4118 studuerint.
618 4053 780 4116 Secundus
793 4055 852 4115 boc
868 4060 957 4131 pactu
970 4061 1064 4130 atque

320 4159 441 4230 optatos
453 4150 557 4211 exitus
569 4147 1064 4218 nanciscentur,consiliaetvota

320 4246 397 4306 baec
418 4249 540 4314 nostra,
565 4242 769 4318 faustumque
792 4247 824 4301 et
843 4239 982 4300 salutare
1005 4240 1065 4302 hoc

321 4353 398 4416 opus
419 4336 507 4398 fideli
522 4334 641 4413 popula
656 4333 803 4395 accidisse
819 4332 1062 4409 gratulabimur.

320 4431 536 4493 Decernentes
550 4428 604 4488 bas
620 4433 802 4504 praesentes
817 4426 923 4487 literas
937 4442 1065 4505 semper

320 4527 437 4594 firmas,
452 4521 569 4584 validas
584 4527 616 4581 ct
627 4519 768 4582 efficaces
784 4519 922 4580 existere
935 4526 967 4580 et
983 4519 1062 4592 lore,

319 4631 458 4692 suosque
474 4613 633 4692 plenarios
649 4619 681 4673 et
695 4612 839 4687 integrus
854 4613 985 4673 allectus
999 4629 1065 4674 sor-

320 4711 373 4772 tiri
401 4715 433 4770 et
461 4707 607 4770 obtinere
637 4705 766 4767 debere.
801 4705 836 4766 ln
868 4707 1065 4768 contrarium

321 4801 509 4865 iacientibus
537 4816 602 4862 non
631 4797 828 4860 obstantibus
861 4799 1065 4874 quibuscum-

321 4911 394 4972 que.
417 4891 640 4955 Praesentibus
662 4889 825 4968 perpetuis
848 4890 964 4954 tuturis
987 4897 1066 4952 tem-

320 4987 450 5066 poribus
472 4985 628 5048 valituris.

359 5081 473 5142 Datum
494 5079 613 5140 Romae
635 5077 718 5156 apud
738 5077 768 5139 S.
788 5078 919 5140 Petrum
940 5081 999 5142 sub
1015 5097 1066 5142 an-

321 5173 398 5235 nulo
419 5173 529 5234 Piscat.
555 5171 606 5233 die
625 5187 726 5231 xxvu.
752 5171 814 5233 ian.
839 5187 1064 5246 nocccxxxn„

321 5265 520 5343 pontificatus
542 5263 644 5326 nostri
665 5279 749 5325 anno
770 5281 791 5324 1.

645 5543 755 5606 XXVl.

321 5730 518 5811 deformatio
550 5731 818 5792 cansaetndinnm
850 5729 885 5790 in
917 5730 1068 5791 enercitia

360 5824 525 5904 religionis
557 5823 739 5886 Catboticac
760 5837 817 5902 pro
848 5823 993 5884 Arrrtcnis
1016 5841 1067 5886 ca-

361 5915 485 5979 tboticis
506 5914 596 5980 urbis
621 5915 1007 5995 Constantinopolitanae.

1119 3127 1230 3197 ctrina,
1256 3125 1504 3203 opportunitate,
1529 3130 1561 3184 et
1582 3124 1718 3186 veritate
1740 3125 1868 3186 infirma

1119 3221 1322 3290 confirmare,
1353 3217 1494 3295 disrupta
1523 3217 1732 3289 consolidare,
1758 3219 1867 3296 depra-

1120 3321 1190 3374 vata
1211 3317 1403 3374 convertere
1419 3317 1451 3370 et
1467 3309 1605 3370 verbum
1621 3310 1706 3371 vitae
1721 3310 1754 3370 in
1766 3317 1867 3372 aeter-

1119 3405 1225 3467 nitatis
1240 3403 1346 3466 cibum
1362 3403 1493 3464 alendae
1509 3401 1646 3464 familiae
1663 3402 1864 3480 dispendere,

1119 3505 1151 3560 et
1177 3513 1353 3578 speramus,
1379 3502 1411 3556 te
1440 3496 1488 3555 his
1519 3496 1668 3556 omnibus
1697 3495 1867 3574 implendis

1120 3608 1184 3654 non
1206 3591 1406 3653 defuturum.
1432 3587 1494 3650 Sed
1510 3605 1574 3650 non
1596 3605 1660 3651 una
1675 3595 1722 3650 est
1743 3590 1868 3650 eadem-

1120 3701 1182 3762 que
1198 3684 1344 3746 omnium
1360 3682 1479 3760 opinio,
1497 3687 1704 3758 quapropter,
1723 3683 1868 3757 quamvis

1120 3777 1343 3846 delationibus,
1376 3790 1456 3852 quae
1478 3774 1515 3834 ad
1545 3790 1601 3834 nos
1632 3780 1865 3851 pervenerunt,

1120 3872 1226 3934 faciles
1254 3886 1346 3931 aures
1376 3868 1509 3928 minime
1536 3865 1790 3944 praebuerimus
1815 3883 1872 3944 op-

1120 3971 1295 4044 portunum
1319 3969 1427 4023 tamen
1439 3975 1607 4022 censemus
1624 3966 1656 4020 et
1671 3959 1868 4022 benevolen-

1120 4060 1191 4130 tiae,
1209 4063 1317 4134 quate
1340 4055 1436 4116 etiam
1458 4055 1491 4114 in
1508 4053 1687 4114 minoribus
1703 4053 1868 4116 constituti

1120 4149 1308 4230 prosequuti
1330 4163 1451 4220 sumus,
1470 4153 1502 4208 et
1517 4146 1641 4224 paterni
1664 4146 1781 4208 amoris
1803 4163 1867 4224 quo

1119 4243 1286 4307 catholicas
1316 4257 1427 4302 omnes
1456 4239 1601 4302 ecclesias
1630 4239 1865 4316 amplectimur,

1120 4352 1202 4399 nava
1223 4335 1281 4396 tibi
1304 4333 1399 4396 bodie
1422 4333 1613 4394 documenta
1635 4331 1801 4410 praebere.

1159 4433 1178 4506 ἓ
1198 4431 1227 4490 2.
1245 4428 1324 4490 llinc
1339 4433 1397 4498 est,
1415 4425 1500 4502 quod
1516 4425 1698 4502 apostolico,
1717 4439 1781 4501 quo
1796 4425 1867 4486 iuu—
1886 4443 2100 4542 ctirggglrnmsuu-

1121 4523 1228 4600 gimur
1251 4520 1364 4590 afficio,
1390 4518 1497 4579 zelum
1513 4524 1605 4578 tuum
1627 4517 1814 4589 excitamus,
1831 4525 1868 4580 ut

1119 4631 1212 4678 cures
1233 4631 1273 4676 ne
1294 4614 1380 4674 iuter
1406 4625 1481 4672 oves
1502 4609 1559 4672 tibi
1589 4610 1772 4671 commissas
1793 4610 1868 4673 abu-

1119 4725 1171 4770 sus
1193 4704 1449 4774 introducantur,
1466 4702 1689 4764 contentiones
1710 4702 1865 4773 oriantur,

1121 4807 1174 4863 aut
1188 4796 1406 4877 displicentiae
1428 4811 1537 4858 causae
1553 4794 1782 4867 interveniant,
1800 4795 1869 4872 qui·

1121 4893 1219 4955 bussi
1234 4893 1321 4954 locus
1337 4891 1400 4960 siat,
1417 4887 1556 4966 partium
1580 4888 1792 4949 exardescunt
1805 4894 1867 4949 stu·

1121 4989 1181 5060 dia,
1212 4993 1244 5048 et
1275 4983 1445 5046 christiana
1477 4980 1621 5059 frigescit
1652 4981 1805 5054 charitas
1836 4999 1870 5044 aa

1122 5087 1287 5160 praeterea
1309 5089 1497 5155 persuasum
1519 5074 1576 5135 tibi
1599 5074 1696 5136 etiam
1724 5091 1792 5136 esse
1815 5075 1868 5137 de-

1121 5175 1176 5236 bet
1196 5173 1229 5234 in
1252 5169 1472 5250 praesentibus
1495 5173 1568 5230 tuae
1590 5182 1693 5229 novae
1714 5167 1797 5229 sedis
1819 5167 1871 5230 ad-

1121 5266 1236 5328 iunctis
1265 5264 1422 5339 malignos
1451 5261 1599 5322 homines
1625 5260 1757 5322 tortasse
1785 5260 1871 5322 inter

1122 5359 1292 5422 catholicos
1316 5370 1445 5434 quoque
1467 5370 1533 5416 non
1555 5351 1734 5426 deluturos,
1752 5353 1807 5429 qui
1822 5352 1870 5414 in·

1123 5453 1161 5515 de
1185 5450 1382 5513 occasionem
1404 5452 1532 5526 possent
1553 5445 1697 5524 arripere
1719 5452 1751 5506 te
1766 5444 1871 5507 crimi-

1123 5544 1218 5607 nandi
1240 5541 1437 5618 fovendique
1457 5539 1522 5600 suis
1537 5537 1729 5600 clamoribus
1743 5537 1870 5599 insidias

1123 5638 1372 5706 haereticorum,
1387 5633 1426 5694 de
1442 5632 1556 5710 quibus
1573 5630 1710 5692 dubitari
1725 5646 1790 5692 non
1803 5636 1871 5708 pot-

1123 5739 1180 5802 est,
1205 5729 1284 5806 quin
1304 5727 1407 5789 studia
1428 5724 1534 5786 omnia
1555 5729 1755 5794 convertant,
1779 5729 1817 5784 ut
1838 5722 1871 5783 in

1121 5837 1248 5884 summo
1269 5820 1448 5897 imperante
1471 5833 1524 5877 eos
1547 5816 1712 5876 destruant
1733 5830 1810 5891 erga
1825 5821 1869 5884 te,

1122 5914 1270 5977 Iacobum
1303 5909 1404 5982 Valle,
1435 5915 1467 5971 et
1494 5907 1665 5971 catholicos
1697 5908 1869 5982 armenos,
