4822 6986
935 541 1109 590 uendentes
1132 543 1182 588 ΡΡ.
1206 541 1273 594 xvt.

609 662 794 726 cccxvtn.

360 847 553 927 Africanum
575 849 776 912 territorium
798 851 884 912 iotcr
905 849 1049 930 definitos

329 941 445 1003 limites
467 943 501 1004 io
524 961 641 1005 monum
670 944 865 1006 vicariatum
888 960 939 1023 op.
971 944 1077 1024 eripit.

503 1140 722 1211 entecnius
747 1143 806 1209 ΡΡ.
833 1143 903 1209 tvl.

450 1304 485 1370 ad
510 1311 683 1387 perpetuam
710 1307 753 1372 rei
775 1305 956 1372 memoriam.

369 1508 418 1570 Ex
440 1508 548 1572 debito
570 1510 736 1588 pastoralis
767 1510 860 1572 officii
882 1507 1081 1571 inscrutabili

330 1602 528 1664 Deiconsilio
539 1603 683 1664 humeris
696 1603 813 1666 nostris
826 1603 966 1682 impositi
979 1605 1015 1666 ad
1030 1621 1081 1665 eas

331 1695 426 1757 etiam
450 1704 564 1774 gentes
593 1715 684 1759 curas
710 1707 835 1760 nostras
864 1699 1079 1768 extendimus,

331 1803 412 1866 quae
425 1797 515 1852 extra
527 1791 646 1853 Christi
663 1792 747 1854 ovile
763 1793 882 1854 misere
898 1798 1079 1862 versantur,

331 1889 367 1944 ut
392 1884 475 1944 intra
504 1883 632 1950 Domini
660 1885 765 1948 caulas
792 1886 939 1948 inductae
965 1886 1002 1947 33
1033 1902 1082 1947 ae-

333 1981 443 2038 ternae
476 1976 559 2039 vitae
588 1993 702 2056 pascua
735 1978 862 2040 valeant
895 1978 1079 2056 pervenire.

332 2069 395 2130 lam
418 2085 498 2132 vero
520 2086 620 2148 quum
648 2073 683 2132 ad
707 2072 894 2134 catholicam
917 2072 1012 2133 fidem
1035 2070 1082 2132 in-

334 2171 382 2224 ter
398 2164 533 2242 populos
548 2163 672 2227 Africae
688 2166 853 2227 interioris
869 2165 1082 2228 inducendam

335 2259 635 2336 propagandamque
657 2260 748 2321 nobis
775 2259 881 2320 visum
910 2259 1082 2322 13331133-

333 2349 455 2426 pedire‚
481 2351 570 2412 3113
592 2353 778 2414 vicariatum
804 2351 1013 2442 apostolicum
1037 2359 1082 2413 to-

334 2449 402 2504 tum
424 2443 504 2506 illud
529 2446 728 2508 territorium
751 2443 911 2522 erigatur,
936 2446 1023 2522 quod
1044 2447 1080 2507 ad

335 2536 494 2600 orientem
517 2537 636 2601 limites
662 2539 791 2616 attingit
818 2539 987 2600 vicariatus
1010 2553 1082 2617 apo-

333 2631 437 2693 stolici
459 2631 609 2710 Aegypti,
633 2639 728 2708 atque
754 2633 944 2711 apostolicae
966 2633 1082 2697 11131331-

334 2724 404 2785 3133
426 2725 656 2802 praefecturae,
680 2727 831 2803 quodque
851 2727 889 2789 ad
906 2727 1082 2789 occidenta-

334 2819 398 2880 lem
412 2820 536 2898 plagam
553 2820 744 2882 terminatur
756 2821 793 2884 ab
806 2821 976 2900 apostolica
993 2838 1081 2900 prae-

335 2911 456 2974 fectura
478 2913 685 2986 Guienarum,
704 2914 741 2975 ad
763 2915 1049 2992 septentrionalem
1066 2933 1082 2976 3

335 3007 535 3084 praefectura
558 3006 762 3086 Tripolitana,
787 3007 939 3070 vicariatu
959 3015 1083 3086 aposto-

334 3101 395 3162 lico
409 3101 518 3163 Taneti
534 3108 566 3164 et
581 3103 718 3165 dioecesi
737 3101 832 3164 lullae
847 3103 1031 3174 Caesareae,
1045 3104 1082 3166 ad

334 3195 580 3256 meridionalem
602 3210 682 3256 vero
704 3213 720 3256 a
743 3195 913 3267 llontibus,
931 3197 1080 3270 3131331,

334 3286 453 3360 Lunae,
465 3287 560 3349 salvis
578 3295 684 3350 tamen
698 3289 829 3350 omnino
842 3289 998 3353 limitibus
1011 3292 1083 3352 mis·

334 3382 462 3442 stonum
496 3387 528 3442 31
559 3381 816 3444 iurisdictionum
845 3383 908 3444 iam
938 3384 1082 3461 legitime

334 3475 554 3546 existentium,
586 3492 620 3536 ac
646 3483 820 3547 reservata,
852 3483 887 3538 ut
916 3477 995 3539 iuris
1022 3486 1080 3551 est,

334 3567 493 3640 facultate,
512 3576 608 3646 prout
623 3569 656 3630 in
679 3575 844 3647 postorum
867 3571 1013 3633 adiuncta
1029 3589 1082 3650 po-

333 3662 509 3736 stulabunt,
534 3661 751 3726 diversimode
781 3665 979 3740 praedictum
1001 3667 1083 3728 vica-

334 3756 451 3818 riatum
484 3757 784 3830 circumscribendi,
816 3765 870 3820 aut
901 3759 1078 3822 dividendi:

334 3865 392 3910 nos
409 3849 448 3911 de
463 3850 597 3912 consilio
611 3866 709 3912 venn.
735 3851 872 3914 fratrum
895 3860 1082 3916 nostrorum

335 3941 366 4004 S.
383 3943 419 4004 R.
437 3943 473 4004 Ε.
502 3943 718 4006 Cardinalium
741 3947 879 4023 negotiis
906 3946 1082 4026 Propagan-

335 4037 392 4098 dae
414 4037 502 4100 Fidei
524 4041 799 4116 praepositorum:
826 4031 915 4102 motu
939 4042 1080 4120 proprio,

335 4137 420 4192 certa
436 4131 567 4192 scientia
582 4149 615 4194 33
629 4139 751 4194 matura
769 4133 1011 4209 deliberatione,
1030 4137 1083 4198 33-

335 4239 398 4300 que
419 4225 610 4304 apostolicae
627 4227 790 4304 potestatis
808 4227 1019 4305 plenitudine,
1038 4231 1083 4291 di-

334 4324 422 4379 ctum
438 4318 562 4381 Africae
579 4320 779 4382 territorium
795 4321 882 4384 iuxta
897 4321 1016 4385 limites
1032 4339 1083 4386 su-

337 4411 444 4487 perius
455 4412 609 4474 indicatos
622 4413 654 4473 in
669 4411 856 4476 vicariatum
874 4416 1082 4492 apostolicum

336 4503 492 4582 erigimus
514 4513 546 4568 31
568 4507 804 4580 constituimus,
822 4526 838 4570 3
855 4508 980 4594 Vicario
1002 4510 1083 4589 Apo-

334 4599 447 4661 stolico
462 4600 500 4661 ad
523 4608 670 4662 nostrum
694 4608 726 4662 et
742 4600 772 4663 S.
793 4601 883 4664 Sedis
906 4603 1084 4684 beneplaci-

336 4698 404 4754 turn
421 4694 680 4770 gubernandum,
697 4696 792 4758 salvis
808 4703 926 4772 tamen,
945 4705 980 4760 ut
995 4716 1084 4778 prae-

335 4787 459 4858 dictum,
479 4795 537 4860 est,
552 4789 708 4852 limitibus
731 4791 921 4852 missionum
944 4799 976 4854 31
991 4793 1084 4854 13313-

335 4880 511 4943 dictionum
540 4883 603 4944 iarn
631 4884 776 4960 legitime
806 4885 1026 4959 existentium,
1050 4903 1084 4949 ac

334 4983 497 5038 reservata
520 4977 611 5040 nobis
634 4995 668 5040 ac
691 4976 822 5041 Sanctae
845 4981 919 5043 huic
946 4979 1019 5042 Sedi
1041 4979 1084 5042 f-

335 5069 463 5142 cultate,
481 5077 577 5148 prout
598 5071 637 5132 de
659 5071 742 5144 iure,
765 5080 979 5135 memoratum
1002 5073 1083 5136 vica-

335 5163 452 5224 riatum
474 5181 588 5226 recens
618 5171 762 5227 erectum
786 5167 1002 5229 diversimode
1024 5168 1082 5229 cir-

335 5257 570 5320 cumscribendi
611 5265 664 5320 aut
696 5259 881 5333 dividendi,
916 5261 1017 5322 veluti
1050 5261 1084 5323 in

335 5358 502 5428 posterum
524 5353 671 5415 adiuncta
686 5354 903 5431 postulabunt.
924 5354 1009 5416 Haec
1024 5361 1083 5416 sta·

336 5444 467 5518 tuimus,
482 5462 548 5507 non
570 5447 769 5509 obstantibus
792 5455 899 5510 nostra
916 5455 948 5510 et
963 5448 1083 5511 cancel-

335 5537 430 5601 lariae
453 5540 643 5618 apostolicae
665 5541 779 5618 regula
795 5543 834 5604 33
851 5543 921 5606 1333
938 5545 1083 5621 quaesito

335 5647 400 5692 non
422 5633 577 5707 tollendo,
594 5635 728 5711 aliisque
750 5635 1034 5699 constitutionibus
1051 5644 1083 5698 et

335 5725 589 5790 ordinationibus
604 5728 796 5806 apostolicis,
814 5729 1014 5806 caeterisque
1029 5746 1082 5792 ex-

335 5833 443 5895 pressa
464 5821 629 5884 mentione
646 5821 749 5899 dignis
765 5822 932 5884 contrariis
952 5823 1082 5899 qulbus-

334 5929 486 5992 cumque.
547 5905 550 5912 ’

440 6063 492 6109 tur.
511 6063 580 6108 Ponti
595 6063 626 6110 de
642 6065 714 6124 l'rop.
732 6064 793 6111 Fa'de
808 6065 888 6112 Partis
904 6069 921 6112 l.
938 6064 990 6110 Vol.
1006 6068 1032 6110 V.

1173 661 1287 724 Datum
1310 661 1438 734 Romae,
1463 663 1546 740 apud
1561 660 1592 724 S.
1610 662 1741 726 Petrum
1757 663 1816 725 suh
1829 679 1881 726 an-

1135 754 1213 816 nulo
1229 754 1395 816 Piscatoris
1416 755 1466 818 die
1483 772 1531 816 111.
1549 756 1657 836 aprilis
1673 773 1881 828 3333333333,

1134 848 1336 925 pontificatus
1359 848 1461 910 nostri
1484 865 1566 911 anno
1590 867 1653 912 333.

1437 1227 1595 1292 conxlx.

1137 1411 1331 1492 Africanum
1347 1417 1548 1478 territorium
1563 1417 1604 1480 od
1619 1417 1782 1480 meridiem
1798 1415 1885 1481 Abis-

1175 1506 1280 1568 aimioc
1302 1526 1322 1570 o
1342 1509 1468 1589 populis
1490 1509 1591 1573 Gallos
1611 1508 1757 1574 hobitum
1778 1511 1813 1572 in
1832 1528 1885 1572 mo·

1177 1616 1251 1661 oum
1273 1601 1373 1664 tricor.
1399 1603 1530 1683 apostol.
1554 1603 1659 1684 erigit.

1310 1771 1530 1840 essecutus
1556 1775 1615 1841 ΡΡ.
1640 1773 1710 1840 lllll.

1257 1893 1293 1958 33
1317 1900 1491 1978 perpetuam
1514 1896 1558 1961 rei
1582 1898 1762 1962 memoriam.

1177 2069 1195 2142 ἓ
1219 2068 1246 2130 t.
1270 2068 1438 2133 Pastoralis
1458 2071 1603 2134 muneris
1619 2071 1758 2134 officium
1781 2070 1885 2134 humi-

1138 2159 1218 2222 litati
1240 2169 1367 2225 nostrae
1389 2165 1597 2226 commissum
1623 2165 1756 2227 omnino
1778 2171 1886 2244 postu·

1138 2253 1190 2324 lat,
1214 2259 1251 2316 ut
1272 2255 1309 2316 ad
1332 2271 1384 2318 eas
1406 2257 1595 2334 praesertim
1619 2272 1695 2319 oves
1717 2273 1808 2319 curas
1831 2273 1886 2318 no-

1137 2353 1219 2408 stras
1242 2349 1464 2422 extendamus,
1483 2365 1564 2427 quae
1580 2349 1618 2412 ab
1635 2351 1691 2412 hac
1706 2349 1885 2428 Apostolica

1138 2439 1230 2512 Sede,
1246 2441 1418 2504 catholicae
1432 2443 1560 2504 unitatis
1573 2449 1695 2516 centro,
1711 2443 1886 2504 disiunctae

1137 2541 1223 2607 sunt,
1241 2537 1324 2597 utin
1339 2536 1479 2598 adventu
1502 2537 1639 2600 Pastoris
1660 2538 1782 2599 aeterni
1803 2538 1886 2599 intra

1137 2643 1254 2690 verum
1285 2627 1369 2690 ovile
1392 2635 1539 2707 repertae
1561 2631 1598 2692 ad
1625 2637 1773 2692 aeternae
1801 2631 1886 2693 vitae

1138 2737 1251 2799 pascua
1274 2723 1500 2800 perducantur.
1525 2723 1645 2800 ltaque,
1661 2739 1760 2800 quum
1778 2724 1817 2786 de
1833 2740 1886 2802 po-

1139 2815 1222 2892 pulis
1247 2813 1357 2879 Cottas
1378 2817 1416 2878 ad
1435 2815 1610 2878 3313313133
1631 2817 1802 2879 meridiem
1817 2817 1886 2878 sitis

1139 2910 1287 2972 canabis
1310 2911 1410 2972 relata
1431 2910 1570 2983 fuerint,
1594 2928 1675 2990 quae
1697 2928 1788 2990 spem
1814 2913 1887 2974 alfe-

1138 3011 1210 3066 rant
1233 3003 1301 3066 fore
1316 3011 1353 3066 ut
1374 3006 1563 3067 eorumdem
1588 3005 1752 3076 occasione
1768 3005 1887 3068 Christi

1140 3113 1219 3174 grex
1249 3107 1421 3175 augeatur,
1453 3116 1486 3160 33
1517 3099 1673 3176 spirituali
1696 3101 1886 3162 eorumdem

1138 3191 1223 3254 bono
1245 3193 1346 3270 possit
1361 3192 1536 3270 provideri,
1555 3208 1676 3254 novum
1698 3193 1741 3255 ibi
1758 3195 1888 3256 vicaria-

1139 3292 1208 3346 tum
1236 3285 1445 3364 apostolicum
1473 3286 1664 3364 erigendum
1695 3287 1887 3348 existimavi-

1140 3394 1222 3440 mus.

1178 3473 1247 3548 §tl
1271 3472 1334 3535 Nos
1362 3473 1462 3550 igitur
1485 3474 1525 3536 de
1547 3474 1680 3536 oonsilio
1705 3489 1802 3538 venn.
1828 3475 1887 3537 fra-

1139 3572 1225 3627 trum
1252 3574 1436 3629 nostrorum
1456 3567 1587 3630 Sanctae
1603 3569 1761 3631 Romanae
1781 3569 1887 3631 Eccle-

1138 3660 1202 3722 siae
1214 3660 1430 3723 Cardinalium
1447 3661 1589 3738 negociis
1602 3663 1825 3741 Propagandae
1838 3661 1886 3723 Fi-

1139 3753 1189 3814 331
1202 3753 1469 3831 praepositorum,
1488 3761 1577 3816 motu
1594 3756 1734 3834 proprio,
1750 3772 1790 3817 ex
1802 3764 1887 3819 certa

1138 3845 1280 3919 scientia,
1305 3864 1338 3908 ac
1360 3853 1483 3909 matura
1505 3847 1737 3911 deliberatione
1766 3855 1884 3922 nostra,

1139 3939 1243 4016 deque
1269 3941 1459 4018 apostolicae
1481 3943 1646 4020 potestatis
1673 3941 1884 4020 plenitudine,

1139 4048 1259 4094 novum
1282 4035 1470 4096 vicariatum
1496 4035 1719 4113 apostolicum,
1743 4036 1798 4112 qui
1821 4052 1887 4100 me-

1139 4134 1294 4189 moratam
1316 4129 1501 4190 universam
1521 4131 1691 4206 regionem
1713 4130 1746 4191 in
1769 4130 1887 4194 331331-

1139 4221 1190 4283 313
1211 4222 1459 4300 complectatur,
1491 4223 1645 4300 erigimus
1669 4230 1701 4286 et
1722 4225 1886 4287 constitui-

1138 4331 1211 4378 mus
1233 4333 1248 4377 a
1271 4315 1395 4379 Vioario
1417 4317 1600 4395 Apostolico
1625 4318 1662 4380 ad
1685 4325 1831 4381 nostrum
1856 4325 1888 4380 et

1139 4407 1171 4472 S.
1188 4410 1285 4472 huius
1301 4410 1500 4490 apostolicae
1518 4409 1608 4474 Sedis
1625 4411 1884 4489 gubernandum.

1178 4504 1247 4580 53.
1276 4505 1493 4568 Decernentes
1521 4506 1575 4567 has
1608 4506 1730 4567 litteras
1758 4507 1885 4580 firmas,

1139 4599 1257 4661 validas
1281 4606 1312 4661 et
1324 4599 1465 4662 efficaces
1489 4600 1678 4662 existerem
1699 4600 1779 4674 fore,
1798 4617 1887 4664 suos·

1139 4708 1203 4770 que
1225 4693 1385 4771 plenarios
1408 4700 1440 4756 31
1461 4695 1607 4771 integros
1630 4694 1762 4757 effectus
1778 4695 1887 4757 sortiri

1140 4792 1172 4848 et
1197 4785 1355 4859 obtinere,
1379 4787 1535 4865 dictisque
1556 4790 1590 4848 in
1613 4788 1761 4850 omnibus
1783 4794 1816 4850 et
1830 4785 1888 4868 pe'r

1140 4881 1246 4942 omnia
1279 4881 1463 4959 plenissime
1496 4881 1683 4959 suffragari,
1714 4881 1823 4959 sicque
1854 4883 1887 4943 in

1140 4975 1321 5053 praemissis
1344 4991 1402 5054 per
1418 4991 1639 5053 quoscumque
1661 4976 1782 5038 iudices
1805 4977 1888 5038 crdi-

1139 5069 1245 5132 333133
1258 5076 1290 5131 31
1302 5069 1475 5146 delegatos,
1491 5069 1586 5132 etiam
1599 5086 1766 5132 causarum
1782 5069 1888 5149 palatii

1138 5163 1301 5240 apostolici
1315 5163 1487 5235 auditores,
1501 5163 1632 5226 iudicari
1646 5171 1678 5226 et
1693 5164 1820 5228 definiri
1835 5165 1888 5226 de·

1139 5257 1227 5329 bere,
1246 5273 1280 5319 ac
1294 5257 1423 5320 irritum
1446 5265 1479 5320 et
1503 5257 1609 5331 inane,
1623 5259 1650 5320 si
1675 5275 1767 5322 secus
1791 5274 1888 5337 super

1139 5351 1188 5412 his
1204 5369 1220 5414 a
1237 5367 1400 5429 quoquam
1419 5353 1530 5429 quavis
1550 5353 1738 5414 auctoritate
1749 5353 1887 5415 scienter

1138 5445 1191 5507 vel
1218 5446 1405 5522 ignoranter
1427 5446 1601 5524 contigerit
1621 5447 1783 5510 attentari,
1816 5445 1887 5509 Non

1139 5539 1337 5602 obstantibus
1361 5546 1470 5602 nostra
1492 5547 1524 5601 et
1542 5541 1748 5603 cancellariae
1764 5546 1887 5619 aposto-

1139 5633 1216 5695 licae
1239 5632 1351 5710 regula
1375 5635 1413 5696 de
1433 5634 1504 5696 iure
1523 5635 1666 5710 quaesito
1686 5651 1751 5698 non
1774 5633 1888 5696 tollen-

1138 5727 1189 5800 do,
1207 5727 1341 5806 aliisque
1357 5729 1538 5807 apostolicis
1554 5728 1635 5791 acin
1651 5728 1887 5791 universalibus

1138 5822 1453 5901 provincialibusque
1476 5830 1508 5885 31
1522 5824 1729 5902 synodalibus
1745 5823 1887 5886 conciliis

1137 5917 1230 5978 editis
1247 5917 1451 5994 generalibus
1463 5917 1517 5980 vel
1529 5918 1720 5997 specialibus
1735 5919 1889 5982 constitu·

1755 6071 1781 6114 36

1803 517 1862 585 eol
1914 525 1967 576 aar.
1982 527 2012 578 o.
2036 523 2103 578 3343
