4788 6980
254 539 257 545 '
317 550 415 603 888.
439 552 506 604 reae

307 1057 464 1104 dissidentes
477 1069 519 1114 pa·

306 1113 426 1156 tronatus
445 1122 519 1166 prae-

307 1168 378 1208 textu
403 1163 518 1209 dissidii

307 1216 404 1262 nullam
425 1217 519 1264 babent

307 1270 440 1315 rationem.

340 3664 473 3712 Clausulas
494 3670 519 3711 et

306 3721 415 3764 8888888.
443 3719 519 3764 dero-

306 3773 376 3828 gatto

557 549 616 612 198
1052 567 1117 612 888.
1141 565 1232 610 nour.
1257 565 1297 610 88
1319 567 1348 610 8.
1373 565 1402 610 n.
1426 565 1510 612 nans
1531 567 1552 610 r.
2114 543 2315 596 8881888

538 682 651 760 ligioni
671 684 704 744 in
731 683 917 760 regionibus
938 682 1001 746 illis
1029 683 1225 760 provideret,
1250 687 1282 742 et

539 790 605 836 uon
626 783 734 854 posset
754 793 790 836 ea
805 781 957 851 stat-uere,
975 790 1067 852 quae,
1085 790 1143 853 pro
1159 782 1281 852 tempo-

539 883 612 930 rum
642 867 839 940 necessitate,
869 869 979 947 populi
1006 867 1170 930 cbristieni
1196 866 1281 928 salus

539 960 653 1021 luisset
672 960 880 1038 postulatura.

578 1053 597 1126 ἓ
617 1049 646 1111 9.
664 1052 825 1124 Putamus,
840 1068 894 1114 eos
907 1068 1036 1130 quoque
1047 1053 1169 1124 videre,
1184 1068 1282 1130 quan·

539 1149 651 1221 888888
672 1144 808 1208 diversis
830 1145 1028 1223 temporibus
1044 1153 1106 1208 eta
1122 1146 1281 1224 praesenti

538 1253 649 1298 rerum
671 1243 755 1300 statu
777 1237 945 1311 distinctis,
973 1238 1179 1317 privilegium
1201 1239 1281 1300 illud

538 1346 725 1393 concessum
744 1338 974 1409 servatumque
992 1332 1103 1393 luerit:
1123 1333 1282 1394 existima-

537 1438 609 1485 mus
631 1423 703 1486 illos
725 1425 821 1486 etiam
843 1425 976 1496 sentire,
993 1425 1143 1502 regiones
1165 1441 1228 1498 eas,
1245 1426 1280 1486 ad

538 1531 674 1593 quarum
687 1517 808 1579 bonum
821 1518 1059 1595 procurandum
1071 1525 1214 1580 mentem
1227 1534 1282 1579 uo-

537 1615 636 1670 stram
659 1610 896 1683 convertimus,
921 1626 986 1672 neu
1015 1610 1150 1688 amplius
1179 1611 1283 1672 veteri

538 1702 668 1779 politico
690 1703 841 1779 regimini
866 1703 1011 1774 subesse,
1035 1719 1100 1780 quo
1127 1702 1282 1764 Lusitanis

537 1795 678 1871 Regibus
701 1795 791 1858 lacile
813 1796 935 1858 eratin
957 1797 995 1856 iis
1022 1796 1209 1872 regionibus
1232 1812 1282 1874 pe-

540 1891 700 1948 88888888
724 1901 888 1958 exercere,
906 1886 962 1948 sed
984 1886 1054 1950 illas
1076 1887 1109 1947 in
1130 1887 1283 1962 petentis-

537 1977 611 2038 simi
632 1978 726 2056 Regis
748 1978 903 2042 ditionem
926 1978 1106 2050 devenisse,
1120 1979 1210 2039 cuius
1227 1995 1283 2055 gu-

538 2071 643 2132 bernii
666 2071 767 2134 torma
789 2079 885 2148 atquo
906 2071 1051 2132 instituta
1073 2071 1133 2132 boc
1149 2071 1284 2132 minime

538 2179 667 2240 passura
689 2181 770 2237 8888,
798 2164 889 2226 nobis
918 2163 1119 2241 exploratum
1143 2171 1201 2224 est.
1225 2163 1283 2224 lle-

537 2259 707 2320 cordamur
740 2259 889 2330 tandem,
924 2257 1082 2318 Romanos
1114 2256 1283 2318 Pontifices

538 2351 799 2428 praedecessores
822 2357 961 2420 nostres,
985 2366 1049 2410 non
1072 2350 1218 2411 obstante
1233 2366 1283 2428 pa-

538 2450 682 2506 tronatus
709 2443 931 2516 concessione,
956 2459 996 2504 ex
1023 2442 1222 2504 dioecesibus
1246 2457 1283 2504 eo

537 2535 709 2614 privilegio
730 2536 984 2614 comprehensis,
1002 2535 1180 2614 provincias
1196 2550 1283 2612 sepa-

537 2631 648 2692 randos
670 2629 852 2706 aliquando,
876 2635 908 2691 et
929 2627 1105 2690 vicariatus
1126 2626 1284 2704 apostoli-

537 2739 601 2794 cos,
618 2723 798 2800 provincias
814 2723 883 2784 illas
894 2721 1154 2799 complectentes,
1168 2721 1284 2782 consti-

538 2817 675 2877 tuendus
698 2831 768 2878 8888
790 2831 848 2894 pro
870 2814 1037 2891 religionis
1053 2813 1191 2875 utilitate
1211 2813 1283 2876 iure

538 2909 733 2970 decrevisse:
765 2923 865 2984 quare
891 2907 1098 2976 confidimus,
1127 2923 1199 2978 eos,
1228 2907 1283 2982 qui

538 3003 694 3064 dissidere
716 3003 869 3062 hactenus
892 3016 957 3062 non
979 2999 1176 3071 dubitarunt,
1194 2998 1284 3062 facile

538 3101 775 3172 perspecturus,
799 3093 977 3156 cavendum
992 3092 1052 3154 sibi
1075 3107 1155 3164 esse,
1174 3107 1214 3153 ne
1231 3092 1283 3153 de-

537 3187 634 3250 cretis
662 3187 792 3257 nostris,
822 3187 855 3248 18
881 3185 1043 3264 praesenti
1074 3200 1185 3246 rerum
1210 3201 1284 3246 con-

537 3280 659 3342 ditione
680 3279 761 3350 latis,
786 3284 970 3356 patronatus
992 3283 1161 3355 praetextu
1190 3292 1284 3354 repu-

538 3379 684 3449 gnantes,
709 3379 819 3450 aperte
841 3373 1019 3442 ostendant,
1044 3387 1078 3432 se
1101 3371 1222 3432 dissidii
1234 3372 1283 3432 sui

537 3465 670 3536 881188,
689 3465 749 3526 8181
770 3463 984 3527 inobedientis
1006 3464 1104 3526 animi
1126 3465 1282 3526 rationem

537 3558 652 3620 8118888
673 3573 778 3635 posse.

577 3654 596 3726 5
620 3649 667 3711 10.
691 3651 906 3714 118888888888
929 3651 984 3712 bas
1007 3658 1193 3728 praesentes
1214 3652 1284 3714 lite-

538 3759 588 3806 ras
615 3759 745 3820 semper
776 3744 903 3814 firmas,
934 3743 1052 3804 validas
1082 3750 1115 3805 et
1143 3745 1283 3806 efficaces

538 3835 677 3898 existere
692 3853 727 3896 ac
742 3835 821 3907 lore,
845 3850 986 3911 suosque
1008 3835 1169 3913 plenarios
1191 3843 1223 3896 et
1237 3837 1284 3897 in-

538 3935 648 4004 tegros
671 3928 801 3989 81188888
826 3928 936 3988 sortiri
958 3934 990 3989 et
1011 3928 1170 4000 88818888,
1193 3945 1227 3990 ac
1248 3928 1284 3989 il-

538 4020 586 4092 lis,
610 4021 750 4096 adquos
771 4026 892 4096 spectat
913 4026 945 4080 et
965 4020 1130 4096 spectabit,
1156 4021 1215 4082 boc
1236 4019 1284 4080 lu-

538 4114 685 4190 turisque
700 4113 910 4191 temporibus
927 4111 1114 4190 plenissime
1133 4113 1283 4190 suifraga-

538 4206 577 4266 ri.
596 4205 771 4268 Contrariis
786 4221 851 4267 non
867 4204 1067 4267 obstantibus
1078 4205 1283 4282 quibuscum-

537 4315 613 4375 que.

577 4393 692 4454 Datum
713 4392 843 4464 Romae,
861 4391 942 4469 apud
960 4391 991 4452 S.
1009 4391 1141 4452 Petrum
1156 4392 1216 4454 sub
1231 4407 1284 4452 an-

538 4484 616 4546 nulo
636 4485 746 4546 Piscat.
764 4485 815 4546 die
833 4501 922 4546 xxxv.
939 4499 1006 4562 apr.
1023 4501 1282 4550 nocccxxxvru..

538 4578 739 4656 pontificatus
762 4578 863 4639 nostri
886 4593 969 4639 anno
992 4593 1060 4638 8888.

832 5229 995 5292 cxxxiii.

539 5417 703 5498 ignatium
731 5417 899 5498 Peperine
921 5416 1198 5496 Arcbicpiscopum
1228 5414 1285 5476 118-

579 5513 650 5574 cles.
686 5510 876 5574 Turonensis
904 5510 1029 5572 888881
1057 5508 1201 5570 8188818
1227 5509 1285 5569 Ar-

578 5603 837 5776 88881815181881,
860 5603 899 5664 88
920 5600 1069 5684 portibus
1096 5601 1283 5681 infidelium,

578 5697 699 5778 eliget(
735 5745 742 5759 .

580 5910 610 5964 (l)
626 5911 662 5953 lix
677 5911 740 5965 Reg.
755 5909 876 5953 Brevium
891 5909 939 5952 vol.
956 5909 1005 5961 IV,
1019 5919 1076 5964 pag.
1092 5910 1138 5950 888.

1339 677 1455 746 bibulo
1482 679 1546 744 11118
1579 679 1756 762 presbytero
1789 675 1902 760 ignatio
1932 675 2080 759 Papariao

1378 771 1527 838 11888818
1550 771 1719 838 Antoniano
1735 769 1933 836 8888118188
1949 769 2081 850 1188888-

1378 865 1508 946 gationis
1531 865 1679 930 lauceae
1703 863 1972 941 iicebitariaticae,

1511 1047 1732 1120 edicentes
1754 1049 1815 1117 ΡΡ.
1839 1049 1912 1116 xvi.

1613 1238 1729 1306 [1118888
1751 1239 1809 1316 1111,

1372 1329 1504 1396 salutent
1526 1336 1558 1396 et
1579 1331 1774 1412 apostolicam
1798 1329 2047 1396 benedictionem

1379 1517 1583 1596 Apostolatus
1609 1517 1758 1588 officium,
1783 1516 1908 1578 meritis
1928 1515 2002 1578 licet
2024 1515 2082 1576 im·
2138 1531 2290 1577 uxoratum.

1339 1612 1479 1692 paribus,
1511 1611 1602 1672 nobis
1626 1627 1665 1672 ex
1687 1610 1750 1672 8188
1777 1611 1995 1676 commissum,
2019 1623 2082 1684 quo

1340 1705 1546 1767 ecclesiarum
1568 1704 1712 1764 omnium
1735 1703 1886 1778 regimini
1902 1702 2009 1764 divina
2024 1701 2083 1762 dis-

1340 1799 1498 1877 positione
1530 1797 1766 1874 praesidemus,
1793 1795 1918 1856 utiliter
1947 1794 2080 1871 exequi,

1340 1892 1510 1953 adiuvante
1521 1890 1668 1960 1188188,
1685 1889 1862 1966 cupientes,
1877 1887 2000 1949 solicite
2015 1903 2082 1950 cor-

1340 1985 1379 2046 de
1401 1983 1568 2046 reddimur
1590 1989 1623 2044 et
1643 1982 1789 2053 solertes,
1814 1986 1860 2050 ut,
1884 1997 1956 2042 cum
1980 1982 2018 2043 de
2034 1997 2083 2042 ec-

1340 2078 1513 2139 clesiarum
1549 2075 1689 2152 ipsarum
1730 2073 1942 2150 regiminibus
1978 2073 2083 2149 agitur

1340 2167 1575 2238 commitendis,
1599 2167 1677 2229 tales
1706 2166 1752 2228 eis
1774 2166 1807 2228 in
1829 2166 1973 2227 Pastores
1995 2181 2083 2243 prae-

1340 2263 1436 2324 118888
1448 2262 1643 2330 studeamus,
1658 2261 1713 2336 qui
1728 2260 1883 2337 populum
1898 2275 1974 2320 suae
1989 2273 2083 2320 curae

1340 2355 1497 2416 creditum
1513 2354 1614 2415 sciant
1624 2369 1687 2414 non
1703 2351 1809 2414 solum
1824 2351 1968 2412 doctrina
1979 2351 2081 2422 verbi,

1340 2448 1395 2509 sed
1409 2447 1503 2509 etiam
1517 2446 1665 2524 exemplo
1678 2445 1753 2507 boni
1766 2445 1871 2522 operis
1882 2444 2081 2516 imiormare,

1340 2540 1592 2615 commissasque
1621 2537 1680 2600 sibi
1703 2537 1850 2600 ecclesias
1871 2537 1905 2598 in
1928 2543 2010 2598 statu
2033 2553 2083 2615 pa·

1341 2632 1431 2694 811188
1454 2639 1486 2693 88
1507 2629 1680 2706 8888881118
1702 2629 1804 2691 velint
1823 2637 1855 2690 et
1875 2629 2013 2700 valeant,
2030 2645 2083 2689 au-

1340 2724 1589 2795 888881188188,
1607 2722 1780 2784 salubriter
1801 2737 1917 2798 regere
1939 2728 1972 2782 et
1986 2721 2084 2784 181181-

1340 2823 1390 2878 888
1413 2816 1605 2893 gubernare.
1635 2815 1761 2876 Dudum
1792 2815 1950 2891 siquidem
1978 2815 2083 2892 provi-

1340 2910 1465 2972 sionem
1481 2909 1689 2972 ecclesiarum
1712 2907 1856 2970 emnium
1873 2923 1958 2968 nunc
1973 2922 2083 2970 vacan-

1340 3003 1439 3074 8188,
1470 3015 1616 3078 utraeque
1645 3002 1677 3061 in
1705 3007 1868 3077 posterum
1899 3006 2081 3074 vacaturae,

1340 3095 1532 3156 ordinationi
1547 3110 1581 3154 ac
1596 3093 1771 3169 provisioni
1791 3098 1919 3154 nostrae
1939 3108 2083 3154 reserva-

1340 3188 1457 3259 vimus,
1481 3188 1704 3255 decernentes,
1729 3191 1866 3247 extunc
1894 3186 2024 3246 irritum
2052 3193 2085 3248 et

1339 3281 1444 3350 inane,
1456 3279 1482 3339 81
1493 3293 1586 3340 88888
1598 3293 1695 3355 super
1708 3277 1757 3338 bis
1769 3293 1786 3338 8
1797 3292 1959 3353 quoquam
1972 3279 2083 3353 quavis

1339 3373 1526 3435 auctoritate
1547 3371 1686 3433 scienter
1708 3369 1761 3431 vel
1776 3371 1963 3446 ignoranter
1985 3371 2083 3432 conti-

1340 3466 1424 3544 gerit
1445 3465 1603 3527 attentari.
1691 3461 1694 3468 “
2099 3518 2105 3526 ,

1378 3561 1447 3636 gl.
1471 3559 1590 3635 itaqu-e,
1614 3573 1687 3620 888
1714 3557 1847 3618 ecclesia
1874 3556 2082 3634 archiepisco·
2123 3574 2241 3622 erectum
2256 3575 2314 3619 888-

1339 3653 1417 3731 palis
1447 3651 1637 3713 Turonensis
1666 3649 1836 3711 Armeniae
1852 3645 1990 3711 'Maioris
2018 3665 2082 3711 non
2101 3629 2314 3728 ξὲἦξιξζαὲξῃζξζ

1339 3762 1401 3808 888
1423 3746 1577 3816 Persicae,
1594 3745 1648 3806 sed
1664 3744 1823 3804 Romanae
1839 3743 1983 3814 Ditionis,
2001 3757 2084 3818 quae
2102 3735 2148 3782 ‘¹¹‘-

1338 3839 1372 3899 in
1394 3837 1536 3916 partibus
1558 3836 1737 3897 infidelium
1753 3836 1872 3906 existit,
1888 3835 2000 3897 solatio
2015 3835 2083 3897 188-

1339 3932 1381 3992 818
1403 3930 1552 3992 destituta
1574 3929 1720 4006 pastoris,
1734 3945 1792 3990 nos
1814 3929 1851 3989 ad
1873 3929 2019 3989 ciusdem
2034 3944 2083 3990 88-

1339 4023 1469 4095 8188188,
1500 4023 1540 4083 de
1566 4022 1657 4083 cuius
1685 4023 1848 4083 vacatione
1876 4021 1996 4083 relatus
2022 4023 2084 4084 fide

1340 4116 1429 4193 digni
1445 4131 1503 4176 nos
1519 4114 1668 4177 iecerunt
1680 4115 1846 4186 certiores,
1865 4114 2081 4191 provisionem

1340 4208 1481 4270 celerem
1496 4215 1591 4284 atque
1603 4207 1742 4280 lelicem,
1758 4207 1791 4268 in
1807 4223 1869 4284 qua
1884 4223 1981 4268 nemo
1995 4223 2084 4286 prae·

1340 4307 1389 4362 ter
1417 4318 1475 4364 nus
1497 4317 1532 4364 se
1559 4302 1664 4378 potuit
1691 4317 1749 4363 seu
1778 4301 1897 4379 poterit
1924 4301 2084 4363 intromit-

1340 4399 1421 4466 tere,
1436 4393 1655 4456 reservatione
1667 4409 1701 4453 88
1713 4393 1842 4455 decreto
1854 4393 2083 4454 obsistentibus

1340 4487 1539 4565 supradictis,
1564 4501 1605 4547 ne
1625 4485 1679 4546 illa
1701 4485 1816 4562 longae
1836 4485 2008 4546 vacationis
2030 4500 2083 4545 ex-

1341 4586 1477 4658 ponatur
1498 4578 1721 4650 incommodis,
1740 4584 1878 4655 rpaterno
1899 4595 1934 4638 ec
1947 4578 2084 4638 sollicite

1341 4674 1446 4736 studio
1475 4673 1691 4744 intendentes,
1718 4677 1791 4750 post
1818 4671 2082 4733 deliberationem

1341 4782 1436 4843 quam
1449 4767 1488 4828 de
1500 4766 1714 4844 praeficiendo
1729 4765 1834 4827 eidem
1851 4765 2001 4827 ecclesiae
2012 4781 2083 4843 per-

1341 4875 1451 4920 sonam
1472 4859 1587 4920 utilem
1609 4874 1643 4919 ac
1664 4857 1861 4919 1888888888
1889 4873 1963 4918 888
1984 4871 2081 4918 venn.

1341 4950 1493 5013 iratribus
1523 4951 1640 5012 nostris
1671 4949 1702 5012 S.
1733 4951 1769 5011 ll.
1799 4949 1835 5011 lt.
1865 4949 2083 5012 Cardinalibus

1342 5045 1481 5120 negotiis
1493 5043 1716 5121 Propagandae
1731 5041 1819 5105 Fidei
1831 5042 2017 5122 praepositis
2032 5041 2084 5103 ha-

1341 5137 1471 5199 buimus
1494 5135 1695 5213 diligentem,
1713 5136 1844 5197 demum
1859 5135 1896 5196 ad
1915 5141 1957 5207 to,
1975 5135 2030 5212 qui
2045 5151 2084 5196 ex

1341 5228 1488 5305 legitimo
1510 5229 1714 5291 matrimonio
1736 5233 1921 5306 procreatus
1944 5228 2085 5289 881888-

1341 5329 1405 5385 tate
1426 5322 1522 5384 etiam
1537 5322 1682 5399 legitima
1696 5321 1889 5384 constitutus
1911 5320 2032 5392 existis,
2046 5321 2085 5382 de

1341 5416 1432 5477 ouius
1447 5417 1574 5494 pietate,
1589 5416 1742 5486 doctrina,
1757 5429 1886 5476 88888
1901 5411 2086 5490 integritate

1342 5516 1375 5570 et
1395 5525 1505 5571 88888
1530 5509 1746 5585 gerendarum
1776 5507 1899 5585 peritia,
1924 5512 1957 5567 et
1980 5505 2086 5566 catino-

1342 5601 1420 5663 licae
1442 5601 1609 5678 religionis
1625 5601 1706 5670 zelo,
1730 5617 1764 5661 88
1785 5598 1999 5678 spiritualium
2015 5613 2087 5676 pru·

1342 5693 1483 5756 videntia
1499 5700 1530 5754 et
1550 5693 1777 5771 temporalium
1800 5690 2087 5770 circumspectione
