4770 6982
932 597 1107 644 decennius
1128 598 1178 642 Pr.
1203 597 1268 642 xvi.

321 713 386 775 imo
407 726 485 792 opus
512 717 637 796 peccati
662 721 691 778 ct
720 715 862 780 Sotccoc
887 721 1073 797 potestatem

322 807 355 870 in
377 804 555 872 calumniae
578 817 764 888 portentum
788 811 932 882 traducit,
957 813 1073 890 praesi-

322 901 480 978 dibusque
502 919 667 964 sacrorum
691 904 817 966 easdem
841 921 875 966 ac
890 905 1073 982 imperanti-

323 997 381 1058 bus
396 997 606 1075 turpitudinis
623 1005 712 1059 notas
728 998 829 1059 inurit
844 998 883 1058 ob
899 998 1073 1060 criminum

323 1089 596 1166 molitionumque
619 1089 747 1160 foedus,
772 1105 835 1167 quo
858 1106 913 1152 eos
936 1091 1073 1152 somniat

321 1183 408 1244 inter
430 1199 464 1244 se
494 1185 647 1245 adversus
678 1185 872 1262 populorum
902 1185 971 1246 iura
999 1203 1072 1247 con-

320 1276 457 1339 iunctos.
482 1277 594 1355 Neque
617 1285 704 1341 tanto
721 1279 779 1340 boc
795 1295 872 1340 ausu
889 1285 1070 1352 contemne,

322 1371 527 1448 onanigenam
558 1373 691 1450 insuper
721 1373 924 1450 opinionum,
949 1389 1072 1434 sermo-

320 1481 417 1536 num,
447 1465 724 1543 conscientiaeque
753 1467 934 1528 libertatem
963 1468 1071 1530 obtru-

320 1559 376 1630 dit,
396 1559 618 1636 militibusque
641 1561 678 1622 ad
702 1577 768 1622 eam
795 1561 1071 1636 deprecantem

319 1652 371 1722 ait,
386 1652 583 1716 liberandam
596 1655 793 1717 dimicaturis
806 1656 906 1716 fausta
918 1655 1025 1716 omnia
1037 1673 1071 1717 ac

318 1745 421 1807 felicia
437 1755 670 1826 comprecatur,
684 1757 795 1810 coetus
812 1765 845 1810 ac
865 1747 1070 1810 consociatio-

318 1857 374 1901 ues
397 1841 503 1902 furiali
530 1849 618 1902 aestu
643 1859 682 1904 ex
711 1843 865 1904 universo
894 1859 955 1920 qua
985 1849 1070 1920 patet

318 1933 396 1996 orbe
418 1935 559 2007 advocat,
588 1937 673 1997 etin
697 1944 759 1998 tam
791 1937 910 1998 nefaria
939 1938 1069 1999 consilia

317 2043 437 2104 urgens
450 2036 544 2105 atque
557 2030 675 2092 instans
688 2032 864 2109 compellit,
875 2039 910 2092 ut
922 2048 960 2094 eo
973 2033 1067 2093 etiam

318 2138 356 2182 ex
390 2125 491 2200 capite
521 2125 641 2185 monita
673 2127 932 2204 praescriptoque
961 2135 1068 2189 nostra

317 2217 497 2294 proculcata
519 2217 556 2279 ab
579 2219 648 2296 ipso
669 2221 857 2282 sentiamus.
939 2211 943 2218 ’

357 2309 424 2384 55.
450 2309 540 2387 Piget
560 2319 674 2373 cuncta
700 2313 751 2374 bic
773 2329 961 2386 recensere,
986 2329 1067 2391 quae

316 2404 455 2481 pessimo
479 2405 538 2467 hoc
561 2406 732 2484 impietatis
756 2413 787 2468 et
812 2407 958 2469 audaciae
981 2408 1066 2471 laetu

315 2498 352 2558 ad
375 2498 483 2560 divina
505 2499 709 2576 humanaque
722 2501 828 2562 omnia
851 2502 1066 2578 perturbanda

315 2599 549 2667 congeruntur.
582 2592 644 2654 Sed
666 2593 744 2655 illud
773 2597 962 2672 praesertim
986 2598 1066 2658 indi-

1130 717 1303 778 contrarias
1322 717 1422 780 verbo
1445 719 1513 791 Dei,
1530 719 1652 798 impiae,
1669 716 1879 790 scandalosas,

1129 827 1299 883 erroneas,
1324 811 1386 872 iam
1413 812 1451 874 ab
1473 813 1613 876 Ecclesia
1635 811 1825 891 praesertim
1847 811 1880 872 in

1129 904 1352 974 Vallensium,
1376 905 1552 978 Wiclefrtfs,
1576 905 1722 978 llussitis
1747 905 1880 982 aliisque

1128 998 1160 1060 id
1183 998 1311 1075 generis
1333 999 1507 1062 Haereticis
1529 1001 1691 1062 damnatas
1715 999 1880 1061 continen-

1128 1097 1206 1162 tem,
1230 1093 1452 1170 reprobamus,
1477 1094 1664 1156 damnamus
1687 1111 1721 1156 ac
1742 1109 1801 1172 pro
1831 1110 1880 1155 re-

1128 1187 1261 1264 probato
1283 1193 1316 1248 et
1337 1188 1484 1250 damnato
1510 1189 1543 1250 in
1559 1195 1753 1268 perpetuum
1769 1188 1879 1250 baberi

1127 1281 1279 1342 volumus
1301 1287 1396 1358 atque
1418 1283 1634 1346 decernimus.

1166 1376 1185 1448 5
1206 1372 1235 1434 8.
1261 1373 1414 1436 Vestrum
1438 1391 1523 1438 nunc
1545 1377 1617 1448 erit,
1635 1391 1733 1438 veno.
1751 1375 1877 1448 fratres,

1127 1468 1246 1528 nostris
1269 1469 1356 1530 bisce
1379 1470 1545 1542 mandatis,
1560 1485 1641 1547 quae
1657 1471 1706 1532 rei
1728 1477 1760 1532 et
1772 1487 1879 1534 sacrae

1127 1568 1159 1623 et
1180 1563 1282 1624 civilis
1303 1563 1387 1626 salos
1414 1571 1446 1626 et
1466 1565 1668 1627 incolumitas
1697 1565 1878 1628 necessario

1126 1655 1286 1732 efflagitat,
1306 1657 1394 1718 omni
1416 1658 1623 1720 contentione
1645 1658 1876 1730 obsecundare,

1126 1763 1167 1808 ne
1188 1749 1343 1826 scriptum
1366 1749 1547 1812 istiusmodi
1571 1767 1587 1812 e
1611 1749 1741 1812 latebris
1754 1750 1791 1811 ad
1814 1751 1879 1812 exi-

1125 1841 1206 1902 tium
1230 1841 1384 1903 emissum
1414 1859 1453 1903 eo
1479 1843 1532 1904 fiat
1561 1843 1789 1922 perniciosius,
1814 1857 1877 1919 quo

1126 1933 1226 2012 magis
1249 1949 1383 1996 vesanae
1412 1936 1562 1998 novitatis
1584 1937 1710 1998 libidini
1739 1936 1877 1998 velifica-

1125 2034 1178 2088 tur
1201 2035 1233 2090 et
1255 2044 1318 2106 quo
1341 2029 1434 2092 latius
1455 2037 1492 2092 ut
1510 2047 1623 2093 cancer
1645 2031 1746 2109 serpit
1766 2030 1800 2091 in
1822 2045 1896 2108 po-.

1124 2123 1220 2202 pulis.
1238 2123 1379 2186 Muneris
1395 2127 1494 2186 vestri
1510 2127 1560 2198 sit,
1578 2141 1698 2202 urgere
1713 2139 1820 2186 sanam
1837 2125 1877 2186 de

1124 2225 1211 2280 tanto
1233 2217 1293 2280 hoc
1321 2219 1452 2295 negotio
1482 2220 1670 2292 doctrinam,
1701 2218 1876 2280 vafritiem-

1094 2322 1097 2359 :
1124 2325 1187 2387 que
1209 2317 1401 2372 novatorum
1421 2309 1609 2388 patefacere,
1630 2309 1798 2388 acriusque
1818 2327 1875 2388 pro

1123 2405 1287 2466 christiani
1307 2405 1416 2482 gregis
1439 2405 1581 2466 custodia
1596 2405 1743 2481 vigilare,
1760 2411 1797 2466 ut
1810 2411 1876 2466 stu·

1123 2499 1210 2561 dium
1234 2500 1413 2576 religionis,
1431 2499 1529 2578 pietas
1545 2501 1718 2572 actionum,
1743 2516 1802 2577 pax
1818 2515 1874 2577 pu·

1123 2593 1202 2654 blica
1231 2595 1366 2656 floreant
1393 2601 1425 2655 et
1450 2601 1629 2670 augeantur
1658 2593 1806 2656 feliciter.
1841 2593 1874 2656 ld

211 2743 214 2749 .
315 2686 500 2761 guationem
524 2687 650 2760 excitat,
675 2688 892 2766 religionique
912 2691 1004 2766 plane
1019 2691 1066 2752 in·
1093 2688 1095 2773 ξ
1122 2704 1197 2748 sane
1220 2693 1365 2748 a‘vestra
1394 2688 1457 2748 fule
1479 2695 1511 2749 et
1531 2688 1569 2748 ab
1592 2688 1737 2765 impensa
1766 2694 1874 2749 vestra

316 2779 518 2840 tolerandum
551 2787 614 2852 est,
643 2781 766 2842 divinas
799 2784 1066 2861 praescriptiones
1092 2786 1095 2865 l
1122 2797 1180 2858 pro
1203 2781 1368 2841 communi
1390 2781 1475 2842 bono
1488 2781 1637 2842 instantia
1660 2781 1797 2842 fidenter
1820 2796 1872 2858 op-

316 2873 409 2933 tantis
431 2872 597 2934 erroribus
620 2873 804 2936 adserendfs
819 2877 857 2936 ab
879 2883 1009 2938 auctore
1024 2878 1066 2938 af-

314 2966 391 3028 ferri
409 2974 440 3028 et
455 2965 590 3028 incautis
612 2968 783 3040 venditari,
802 2985 943 3046 eumque
958 2971 995 3032 ad
1012 2988 1066 3050 po-

314 3061 407 3139 pulos
423 3061 497 3137 lege
513 3061 713 3123 obedientiae
729 3063 913 3136 solvendos,
931 3065 1066 3143 perinde

313 3156 394 3216 acsi
424 3156 527 3216 aDeo
558 3157 675 3216 missus
706 3163 737 3218 et
766 3157 938 3235 inspiratus
968 3165 1063 3231 esset,

1123 2873 1279 2950 perimor,
1303 2881 1338 2935 ut
1355 2890 1392 2934 eo
1408 2874 1548 2944 iuvante,
1573 2874 1628 2950 qui
1652 2879 1740 2950 pater
1763 2879 1812 2934 est
1826 2874 1873 2935 lu-

1122 2967 1259 3038 minum,
1278 2967 1480 3044 gratulemur
1499 2967 1649 3046 (dicimus
1672 2982 1742 3027 cum
1768 2965 1799 3028 S.
1813 2965 1874 3044 Cy-

1121 3061 1246 3138 priano)
1266 3060 1367 3140 scisse
1389 3061 1584 3122 intellectum
1610 3075 1752 3120 errorem
1774 3065 1804 3120 et
1824 3075 1872 3120 re-

1121 3160 1229 3215 tusam
1250 3160 1280 3216 et
1301 3153 1370 3216 ideo
1389 3159 1603 3234 prostratum,
1627 3154 1703 3232 quio
1726 3153 1873 3233 agnitum

1802 578 1862 642 339
1914 583 1966 634 Ara.
1981 585 2010 636 O.
2034 587 2102 638 1844

1120 3255 1214 3326 etque
1236 3248 1403 3310 detectum.

1159 3345 1178 3418 g
1199 3341 1228 3402 9.
1243 3343 1407 3415 Ceterum,
1422 3344 1602 3420 lugendum
1616 3343 1709 3405 valde
1722 3350 1780 3415 est,
1795 3359 1873 3420 quo·

1120 3453 1192 3498 nam
1216 3437 1423 3515 prolabantur
1453 3437 1610 3498 humanae
1632 3437 1764 3498 rationis
1795 3437 1871 3499 deli-

313 3255 481 3326 postquam
503 3249 759 3312 insacratissimo
782 3251 944 3312 Trinitatis
966 3269 1065 3330 augo·
1092 3318 1094 3339 Ι

311 3351 378 3404 stae
390 3344 522 3404 nomine
538 3345 695 3421 preafatus
718 3352 777 3416 est,
791 3363 870 3407 sacr.
886 3345 1065 3424 Scripturas
1091 3344 1094 3409 5

311 3437 432 3514 ubique
446 3437 632 3508 obtendere,
644 3438 849 3516 ipsarumque
863 3440 971 3512 verba,
983 3456 1064 3518 quae
1091 3514 1093 3532 Ι

312 3530 410 3590 verba
427 3531 482 3592 llei
497 3538 582 3601 sunt,
600 3531 638 3592 ad
655 3547 749 3608 prava
773 3533 995 3595 huiuscemodi
1011 3536 1064 3596 de-

312 3623 480 3685 liramenta
502 3623 687 3686 inculcanda
710 3625 823 3687 callide
850 3628 1063 3704 audacterque

312 3719 523 3794 detorquere,
549 3734 612 3794 quo
634 3719 797 3790 fidentius,
826 3720 873 3781 uti
899 3721 1064 3798 inquiebat

313 3810 344 3873 S.
362 3811 555 3884 Bernardus,
572 3829 630 3892 pro
652 3814 721 3874 luce
743 3812 888 3876 tenebras
903 3815 1061 3894 offundat,

312 3911 341 3965 et
360 3923 418 3986 pro
441 3906 540 3974 icelle,
559 3907 605 3968 oet
617 3907 725 3986 potitis
740 3907 774 3968 ic
790 3909 889 3977 icelle,
907 3925 1062 3972 cenenum

309 3999 475 4079 propinet,
501 4017 617 4061 novam
639 4001 757 4062 cudens
783 4003 909 4082 populis
931 4020 1062 4083 coange-

312 4093 402 4162 tittm,
417 4095 568 4172 aliudque
577 4113 698 4174 portoras
709 4095 959 4174 taratarantium
968 4113 1061 4177 prae-

313 4193 360 4250 ter
382 4187 425 4257 tt,
450 4189 530 4266 qood
550 4190 690 4268 positum
713 4197 768 4250 est.

351 4282 420 4355 §d
446 4282 568 4344 Verum
593 4291 710 4344 tantam
729 4285 808 4346 banc
830 4301 923 4346 sanae
946 4286 1061 4348 doctri-

1119 3539 1278 3602 ramenta,
1303 3531 1357 3592 ubi
1387 3531 1457 3607 quis
1485 3531 1576 3592 novis
1606 3531 1703 3592 rebus
1732 3531 1869 3602 studeat,

1118 3631 1215 3702 atque
1247 3631 1356 3686 contra
1385 3623 1529 3702 Apostoli
1555 3625 1715 3686 monitum
1749 3624 1871 3687 nitatur

1116 3719 1189 3799 plus
1210 3735 1331 3798 separe,
1355 3735 1449 3796 qaam
1476 3723 1619 3798 oporteat
1647 3735 1774 3798 sapere,
1797 3719 1870 3780 sibi-

1119 3829 1182 3890 que
1204 3813 1341 3874 nimium
1370 3813 1550 3890 praefidens
1576 3813 1747 3874 veritatem
1775 3828 1870 3890 quae-

1118 3907 1250 3968 rendam
1274 3913 1421 3968 autumet
1442 3911 1532 3967 extra
1559 3906 1746 3968 catholicam
1762 3907 1869 3970 Eccle-

1118 4001 1208 4072 siam,
1226 4001 1258 4061 in
1282 4015 1341 4078 qua
1364 4000 1485 4076 absque
1500 4000 1553 4061 rel
1569 3999 1734 4063 levissimo
1750 4003 1869 4062 erroris

1118 4111 1218 4157 coeno
1239 4095 1306 4172 ipsa
1318 4095 1494 4166 invenitur,
1512 4109 1659 4172 quaeque
1681 4095 1799 4158 idcirco
1814 4093 1869 4156 Go-

1116 4190 1229 4251 tamna
1252 4207 1289 4251 cc
1309 4189 1548 4268 firmamentum
1563 4188 1711 4250 veritatis
1732 4189 1869 4267 appella-

1118 4289 1170 4345 tur
1192 4290 1225 4344 et
1246 4290 1305 4345 est.
1330 4283 1432 4345 Probe
1461 4291 1566 4345 autem
1591 4283 1790 4360 intelligitis,
1815 4298 1869 4344 ve-

311 4376 500 4437 naeillatam
517 4377 692 4454 perniciem
709 4377 837 4439 silentio
859 4380 1061 4443 dissimulare
1087 4400 1089 4437 ι
1117 4378 1277 4440 nerabiles
1300 4378 1426 4449 fratres,
1451 4394 1509 4439 nos
1532 4379 1583 4439 bic
1606 4378 1694 4455 loqui
1717 4379 1811 4440 etiam
1829 4380 1868 4440 de

311 4469 348 4530 ab
370 4487 408 4530 eo
432 4476 590 4541 vetamur,
615 4472 670 4548 qui
692 4473 910 4550 speculatores
926 4491 983 4536 nos
1008 4493 1061 4553 po·
1086 4466 1089 4557 1
1117 4473 1218 4534 fallaci
1240 4473 1296 4534 illo
1319 4472 1401 4533 baud
1431 4473 1472 4533 ita
1495 4473 1619 4550 pridem
1649 4473 1777 4534 inrecto
1800 4473 1868 4551 plri-

311 4564 374 4626 suit
396 4565 428 4625 in
451 4565 558 4634 lsrael,
583 4573 618 4626 ut
641 4566 679 4627 de
703 4581 815 4628 errore
838 4567 909 4629 illos
933 4585 1060 4632 monea-
1086 4560 1088 4601 ⁴
1117 4567 1279 4645 losophiae
1311 4572 1484 4644 systemate
1514 4567 1606 4644 plane
1635 4566 1864 4644 improbando,
1900 4649 1903 4654 Ι

311 4675 400 4730 mus,
425 4675 505 4736 quos
535 4667 644 4720 auctor
667 4667 698 4721 et
719 4669 959 4724 consummator
986 4665 1060 4726 ndei
1116 4677 1179 4739 quo
1206 4678 1246 4724 ex
1275 4662 1414 4740 proiecta
1440 4667 1473 4722 et
1504 4662 1655 4724 effrenata
1686 4661 1865 4724 novitatum

310 4754 397 4815 lesus
420 4761 548 4814 nostrae
570 4769 664 4814 curae
691 4755 897 4817 concredidit.
1116 4757 1287 4834 cupiditate
1308 4756 1438 4828 veritas,
1456 4755 1511 4817 ubi
1526 4763 1615 4818 certo
1630 4757 1785 4829 consistit,
1800 4773 1865 4818 non

349 4851 367 4923 g
390 4847 417 4909 7.
442 4847 544 4920 Quare
564 4847 679 4909 auditis
706 4850 871 4911 nonnullis
897 4867 936 4911 ex
959 4867 1056 4914 verm.
1115 4850 1291 4925 quaeritur,
1316 4850 1497 4926 sanctisque
1520 4855 1551 4911 et
1571 4849 1749 4928 apostolicis
1771 4851 1865 4912 tradi-

309 4942 460 5003 fratribus
473 4942 589 5004 nostris
603 4941 680 5003 S.ll.
693 4943 728 5003 Ε.
743 4943 973 5016 CardinalibuS,
992 4961 1059 5007 mo·
1115 4943 1254 5005 tionibus
1284 4943 1481 5020 posthabitis,
1510 4944 1673 5005 (lontrinae
1701 4944 1779 5005 aliae
1800 4945 1865 5005 ina-

311 5043 342 5097 tu
359 5036 489 5114 proprio
505 5043 537 5097 et
549 5053 587 5097 ex
604 5043 689 5098 certa
709 5037 850 5107 scientia,
866 5039 970 5115 deque
986 5056 1058 5118 apo·
1116 5053 1182 5108 nes,
1201 5035 1320 5107 futiles,
1348 5036 1566 5114 incertaeque,
1584 5053 1643 5098 nec
1665 5037 1703 5098 ab
1725 5037 1864 5098 Ecclesia

309 5129 438 5191 stolicae
450 5131 615 5206 potestatis
629 5131 829 5208 plenitudine
842 5140 1057 5196 memoratum
1116 5131 1264 5208 probatae
1287 5130 1526 5200 adsciscuntur,
1554 5131 1671 5208 quibus
1693 5131 1863 5193 veritatem

309 5224 439 5296 librom,
454 5225 504 5286 cui
522 5224 778 5286 titulusPcroles
802 5225 886 5286 d'acc
906 5225 1055 5304 (fragant,
1084 5296 1086 5317 Ι
1113 5225 1212 5302 ipsam
1242 5224 1349 5286 fulciri
1375 5241 1409 5286 ac
1430 5225 1583 5286 sustineri
1612 5226 1775 5288 vanissimi
1808 5227 1862 5287 lio·

308 5333 371 5392 quo
395 5318 603 5395 perimpium
619 5317 710 5378 verbi
727 5317 781 5378 Dei
798 5317 931 5380 abosum
950 5321 1057 5398 populi
1084 5322 1086 5341 '
1115 5319 1217 5380 mines
1240 5335 1409 5396 perperam
1433 5319 1640 5382 arbitrantur.

308 5417 562 5486 corrumpuntur
594 5410 629 5469 ad
654 5409 759 5470 omnis
789 5409 910 5470 ordinis
940 5412 1057 5488 publici
1153 5415 1171 5488 g
1195 5411 1242 5474 10.
1260 5413 1341 5474 Dum
1355 5428 1433 5474 vero
1451 5429 1508 5491 pro
1522 5413 1623 5475 delata
1639 5414 1793 5476 divinitus
1809 5433 1864 5477 no-

309 5503 435 5575 rincula
458 5504 672 5574 dissolvenda,
697 5505 733 5564 ad
757 5511 929 5581 utramque
951 5514 1057 5568 aucto·
1083 5496 1085 5533 ἰ
1113 5508 1160 5569 bis
1183 5525 1276 5570 sanae
1299 5508 1462 5570 doctrinae
1484 5510 1735 5584 cognoscendae,
1755 5511 1864 5572 decer-

308 5598 435 5657 ritatem
466 5597 730 5669 labefactandam,
762 5600 797 5660 ad
825 5599 998 5662 seditiones
1025 5602 1057 5662 in
1113 5601 1248 5672 nendae,
1263 5601 1555 5678 custodiendaeque
1577 5618 1652 5664 cura
1671 5619 1705 5664 ac
1722 5603 1863 5665 solicitu-

308 5691 463 5768 imperiis,
475 5693 633 5754 tumultus
646 5693 906 5770 rebellionesque
920 5697 1056 5758 exeitan-
1113 5695 1186 5755 dine
1210 5695 1286 5756 baec
1309 5695 1489 5766 scribimus,
1511 5695 1720 5772 peracerbum
1744 5712 1783 5756 en
1806 5697 1861 5758 filii

308 5785 372 5856 das,
398 5785 569 5858 fovendas,
602 5787 811 5856 roborandas,
842 5788 962 5850 librum
986 5790 1056 5851 ideo
1113 5805 1225 5850 errore
1241 5790 1359 5850 vulnus
1375 5789 1462 5850 cordi
1479 5796 1589 5851 nostro
1601 5789 1758 5852 inflictum
1770 5789 1861 5866 inge·

309 5879 543 5957 propositiones
562 5881 740 5958 respective
763 5881 864 5952 falsas,
883 5882 1057 5944 calumnio—
1112 5883 1296 5953 miscimus,
1327 5898 1432 5958 neque
1454 5883 1487 5943 in
1515 5899 1661 5956 summo,
1690 5899 1753 5960 quo
1786 5884 1860 5946 iude

307 5991 366 6046 sas,
392 5975 588 6047 temerarias,
603 5976 791 6038 inducentes
812 5977 845 6038 in
861 5977 1054 6050 anarclriam,
1111 5977 1310 6050 conficimur,
1329 5991 1478 6038 moerore
1500 5992 1572 6054 spes
1594 5977 1658 6040 ulla
1681 5983 1729 6039 est
1750 5993 1860 6040 conso-
