4770 6982
27 2939 54 3036 „335‘4e'
27 2821 54 2976 2:335&
36 2741 51 2798 2⁴-
52 2721 54 2724 ,

50 2941 70 3022 *fir-2
54 2857 64 2888 a!
56 2831 59 2844 -
54 2761 55 2764 Α
54 2725 64 2740 ³-

27 3011 57 3152 ’,ἶρῑῖξῖξῆ

27 3233 48 3322 *ιε-ἐξιῇ

27 3325 63 3462 t}

45 3527 73 3646 nt>
53 3493 58 3506 -

73 4019 75 4028 -
64 3977 84 3998 „⁴
69 3937 71 3944 —
78 3877 79 3882 „
59 3695 84 3840 ‘’⁴22³-s
63 3637 78 3668 *„
78 3559 79 3588 ⁴„
72 3431 75 3454 ⁴-
60 3367 80 3400 “⁹7
72 3339 75 3344 -
61 3275 76 3314 «ἢ
67 3205 82 3250 -222,
69 3099 82 3186 :3322
64 2923 83 3070 „at-⁴712*
65 2893 78 2900 ῖ

299 543 301 546 ’
341 563 393 616 Αιιλ
410 567 440 618 c.
464 568 528 620 1841
580 561 639 634 28l

27 2215 49 2374 &ng-*²³5
27 1803 53 2220 ρ-ᾸΞἙᾏΜᾈρ-ςςξτ-
27 1747 59 1790 f:-
27 1583 52 1736 :qa-223⁴?-
27 1501 53 1564 ..23⁴
27 1399 53 1484 *23:3⁷
27 1249 52 1336 <gs-1
27 1189 49 1224 τῇ
27 1099 46 1180 «τι-κ
49 667 60 678 ι
27 529 48 626 ⁹³33>-
32 489 51 514 ,2
29 461 35 478 -ι
27 385 53 414 ⁷:
27 263 50 310 ζ’

47 2043 58 2070 -Α
48 1971 58 2028 Α’-μ
52 1913 58 1944 ⁴2
52 1873 54 1876 -
56 1853 59 1858 ,
57 1821 58 1824 Α
57 1783 58 1786 Α
54 1753 56 1760 <
52 1709 57 1724 -.
51 1677 61 1688 -,
50 1579 62 1598 Α,
59 1539 60 1542 Α
56 1523 57 1526 Α
48 1475 57 1510 ⁴:2⁴
50 1345 62 1442 ‚„„„22.-„„-„„
59 1261 61 1266 ,
50 1211 59 1244 --ε
48 1171 63 1200 ’,ΛΑ
60 675 63 682 Δ
53 611 60 630 w
51 563 62 586 ς,
56 531 58 544 -
49 453 60 512 ,Α’Δ
58 403 61 414 ,
57 323 63 336 .,

65 2011 85 2030 ⁴
74 1915 98 1996 ·““.
63 1839 85 1888 22⁵⁴-
62 1769 90 1792 Γ·
61 1719 85 1748 ‘2'
61 1623 79 1666 ²2⁴¹
89 1527 92 1532 .
57 1153 94 1504 1⁴⁵³³²²²37215f³³
63 1099 76 1132 ⁵-
66 629 82 658 ““··
65 517 81 588 ·“”“
65 391 98 444 *Z*
86 359 91 370 -
49 263 73 284 ξ

27 2319 68 2718 τὲεῖῆῑέῑῖῇξῖἕῶ
53 2221 61 2292 ,w
48 2167 61 2212 1..
48 2091 63 2148 ,Α

27 4419 57 4468 ‘2
30 4313 65 4368 ’,ἒ
27 4175 66 4284 ‘'a-⁴3:
44 4149 48 4160 -
27 3699 59 4076 κάμ-νἮῇψ·

560 699 661 778 magis
683 707 771 763 aucta
793 699 871 763 haec
892 700 1001 764 missio
1016 701 1049 762 in
1065 699 1141 762 duas
1157 698 1307 777 deinceps

560 793 760 856 divideretur
781 811 798 854 a
819 793 943 857 duobus
964 793 1097 858 Vicariis
1117 792 1307 872 Apostolicis

560 887 794 964 gubernandas.
804 887 869 949 lam
881 903 960 950 vero
973 888 1069 950 rebus
1082 887 1231 950 omnibus
1243 903 1307 949 ma-

560 987 633 1042 turo
655 981 802 1044 examine
828 983 994 1062 perpensis
1015 987 1110 1061 atque
1136 982 1306 1044 accedente

560 1074 704 1136 eiusdem
726 1075 892 1137 sentinarii
913 1076 1155 1137 moderatorum
1175 1091 1307 1138 consen-

557 1185 595 1230 su
617 1175 650 1231 et
670 1169 834 1247 suffragio,
859 1170 897 1232 de
919 1169 1110 1232 eorumdem
1131 1185 1229 1231 venn.
1247 1169 1307 1230 lra-

560 1269 647 1326 trum
670 1270 858 1327 nostrorum
880 1263 1014 1326 consilio
1030 1269 1246 1325 memoratum
1261 1264 1307 1324 vi-

558 1356 711 1420 cariatum
728 1357 761 1420 in
777 1358 857 1419 duos
870 1357 1080 1419 dividendum
1097 1372 1168 1420 esse
1183 1357 1307 1419 censui-

558 1466 642 1513 mus.

597 1546 667 1621 §²-
691 1543 906 1620 Quamobrem
929 1545 1016 1607 bisce
1045 1543 1147 1606 literis
1172 1545 1307 1606 auctori-

558 1731 601 1794 ita
616 1731 800 1804 dividimus,
811 1737 848 1793 ut
862 1731 953 1803 alter,
969 1730 1307 1808 SiamensisOcciden·

480 1831 484 1838 '
559 1825 629 1889 talis
644 1825 697 1888 vel
713 1825 818 1905 potius
830 1825 1017 1904 blalayensis
1032 1825 1223 1888 Peninsulae
1239 1843 1307 1905 par-

559 1926 591 1983 te
613 1921 799 1984 occidentali
814 1921 1057 1999 nuncupandus,
1076 1921 1307 1999 complectatur

558 2013 698 2076 Insulam
731 2012 946 2094 Syngaporae,
970 2013 1179 2076 blalacensem
1201 2016 1306 2092 regic-

558 2123 634 2170 nem
656 2105 761 2171 eidem
784 2107 955 2170 vicariatui
970 2122 1053 2169 anno
1068 2124 1304 2184 dccccxxxix,

557 2209 720 2280 utsupra,
751 2201 901 2272 additam,
925 2217 1083 2264 unacum
1106 2201 1230 2278 reliqua
1252 2203 1306 2266 Pe-

558 2295 705 2358 ninsulae
726 2301 816 2374 parte
837 2295 897 2356 iam
920 2294 1077 2357 Siamensi
1092 2295 1217 2358 Vicario
1233 2296 1306 2358 sub-

557 2389 648 2460 iecta,
673 2402 754 2465 quae
782 2403 923 2465 regnum
950 2387 1066 2462 Quatae
1089 2389 1303 2468 amplectitur,

558 2482 737 2562 provincias
759 2481 838 2544 item
854 2481 1000 2562 blerguy,
1019 2483 1233 2556 Tenesserim,
1251 2485 1306 2547 Ta-

500 2655 502 2660 ·
555 2592 628 2656 ray,
653 2575 813 2638 llartaban
844 2576 991 2656 (excepta
1018 2577 1100 2638 urbe
1130 2577 1305 2641 lloulmein

557 2686 638 2748 quae
660 2668 770 2731 Avano
792 2669 917 2732 Vicario
946 2669 1071 2748 subest)
1090 2687 1154 2732 una
1176 2687 1249 2734 cum
1272 2675 1306 2734 sr-

557 2763 678 2838 nitimis
699 2763 814 2825 iisdem
830 2763 1015 2842 provinciis,
1033 2762 1233 2839 regionibus,
1252 2782 1306 2845 po-

557 2857 706 2936 pulisque
733 2856 947 2928 silvestribus,
976 2873 1010 2918 ac
1032 2857 1163 2918 demum
1186 2859 1305 2922 insulas

557 2951 733 3024 Andaman,
756 2948 902 3022 Nicobar,
930 2950 1076 3028 Merguy,
1100 2951 1303 3028 Tuncselant,

556 3045 683 3116 Larace,
707 3043 918 3122 Pulopinang,
945 3050 1131 3121 ceterasque
1153 3045 1306 3107 Peninsu-

556 3137 606 3199 lae
627 3137 795 3199 blalacensi
816 3137 1004 3210 adiacentes,
1022 3137 1164 3216 exceptis
1180 3137 1306 3200 Hollan·

557 3230 634 3292 dicis
657 3227 912 3309 possessionibus
935 3247 969 3292 ac
990 3230 1137 3292 coloniis:
1157 3231 1238 3294 alter
1253 3249 1306 3295 au-

556 3330 634 3396 tem,
659 3321 832 3385 Siamensis
861 3323 1038 3386 vicariatus
1064 3322 1233 3386 Orientalis
1255 3343 1306 3405 ap-

556 3416 735 3496 pellandus,
769 3417 953 3495 perficiatur
982 3433 1021 3478 ex
1050 3417 1179 3494 integro
1209 3417 1306 3482 Siami

554 3509 730 3590 superioris
753 3517 785 3572 et
805 3509 968 3572 interioris
991 3527 1105 3588 regno,
1123 3513 1239 3574 ceteris
1254 3514 1305 3576 ad-

555 3604 628 3667 ditis
650 3603 839 3681 regionibus
861 3611 894 3666 et
914 3603 1028 3666 insulis
1044 3605 1188 3668 finitimis
1205 3613 1236 3670 et
1254 3609 1305 3671 ad·

555 3699 741 3772 iacentibus,
767 3699 902 3777 quaein
930 3699 1123 3762 tlccidentali
1146 3701 1304 3766 Vioariatu

555 3809 620 3854 non
642 3794 861 3866 continentur,
885 3808 1032 3870 quaeque
1056 3792 1228 3856 Siamensis
1246 3797 1305 3860 lte-

557 3887 604 3965 gis
619 3887 732 3950 ditioni
743 3887 891 3960 subsunt,
907 3895 938 3949 et
949 3887 986 3950 ad
1003 3886 1200 3951 Siamensem
1217 3889 1304 3953 Vica-

555 3981 672 4043 riatum
694 3989 767 4044 ante
789 3981 981 4042 divisionem
1003 3981 1065 4043 iarn
1088 3983 1302 4060 pertinebant.

595 4078 613 4152 ἓ
635 4075 664 4138 3.
681 4075 850 4138 Praeterea
865 4075 976 4137 eadem
992 4076 1179 4138 auctoritate
1195 4081 1304 4141 nostra

555 4168 726 4247 apostolica
754 4167 870 4246 prioris
897 4168 965 4230 sire
987 4165 1195 4231 Occidentalis
1217 4169 1305 4233 Vica-

554 4263 653 4324 riatus
674 4261 824 4338 regimen
845 4275 943 4322 venn.
967 4260 1058 4322 tratri
1073 4261 1191 4324 Hilario
1210 4263 1304 4326 Paulo

555 4355 724 4433 Gourvezy
747 4355 903 4434 Episcopo
922 4354 1073 4416 Eiduensi
1088 4356 1201 4418 actuali
1217 4355 1305 4420 Vica-

555 4450 603 4512 rio
618 4447 802 4528 Apostolico
817 4449 850 4510 in
867 4447 1071 4528 Syngaporae
1086 4449 1192 4512 Insula
1209 4451 1304 4512 tradi-

555 4559 638 4618 mus,
656 4543 788 4606 alterius
809 4559 900 4615 vero,
918 4543 986 4605 sive
1003 4542 1175 4605 Siamensis
1194 4543 1304 4607 Orien-

554 4639 637 4712 talis,
654 4655 763 4702 curam
785 4654 883 4700 venn.
907 4637 998 4699 tratri
1018 4637 1127 4700 loanni
1149 4639 1304 4718 Baptistae

554 4732 717 4810 Pallegoix
739 4733 896 4810 Episcopo
912 4731 1055 4794 llallensi
1071 4733 1304 4794 committimus

555 4841 629 4889 cum
650 4825 767 4888 Vicarii
789 4824 963 4902 apostolici
992 4825 1096 4897 titulo,
1125 4841 1266 4903 euinque
1288 4845 1304 4889 a

554 4919 684 4984 vinculo
722 4919 914 4982 coadiutoris
953 4919 1100 4997 Episcopi
1136 4919 1303 4982 Biduensis

555 5015 722 5086 solvimus,
737 5019 832 5091 atque
844 5013 919 5091 ipsis
935 5013 1129 5074 necessarias
1146 5019 1177 5074 et
1189 5029 1303 5092 oppor-

555 5117 646 5172 tunas
673 5123 784 5174 omnes
809 5107 974 5170 facultates
1000 5106 1189 5180 tribuimus,
1218 5109 1304 5170 salva

555 5211 662 5266 tamen
690 5218 819 5281 semper
844 5202 877 5263 in
906 5201 1086 5280 praemissis
1117 5202 1304 5264 auctoritate

554 5296 821 5376 Congregetionis
844 5295 1035 5358 eorumdem
1054 5295 1281 5358 cardinalium.

594 5391 663 5468 §b
688 5390 770 5452 llaec
791 5390 942 5451 volumus
966 5395 1026 5451 eto.

594 5487 708 5548 Datum
730 5484 849 5546 Romae
871 5483 953 5562 apud
976 5481 1006 5544 S.
1021 5483 1153 5546 Petrum
1176 5485 1236 5546 sub
1252 5501 1305 5547 an·

554 5579 632 5642 nulo
654 5579 765 5642 Piscat.
790 5578 840 5641 die
857 5594 887 5638 x.
905 5577 1097 5655 septembris
1114 5595 1302 5653 dccccxci„

554 5673 755 5754 pontificatus
777 5671 880 5736 nostri
901 5688 984 5733 anno
1007 5689 1051 5765 xi.

812 5867 1051 5878 -.----

1080 580 1146 626 luit.
1169 579 1262 626 PONT-
1286 579 1327 625 be
1348 581 1378 626 Ρ.
1402 581 1432 627 Β.
1457 581 1540 627 PARS
1562 583 1584 627 1.

1695 699 1782 764 ccli.

1459 885 1621 951 Vitorium
1647 887 1862 970 Apostolicom
1892 889 2026 959 Carcoe,

1548 981 1645 1044 ioacte
1666 983 1803 1054 modom,
1827 984 1924 1064 eligit.

1365 1163 1535 1231 Venerabili
1565 1166 1654 1232 tratri
1688 1147 1797 1233 laccho
1831 1167 1995 1235 leonardo
2029 1168 2128 1235 Pero-

1403 1257 1501 1326 obeau
1533 1258 1684 1344 Episcopo
1715 1260 1751 1326 de
1775 1259 1896 1327 Macula
1927 1261 2127 1345 inpartibus

1404 1351 1566 1418 infidelium
1591 1350 1710 1419 vicario
1734 1353 1841 1437 ltposl.
1867 1353 2072 1432 Sutcbuenci,

1538 1537 1758 1607 altecomus
1782 1539 1842 1606 ΡΡ.
1865 1539 1937 1607 xvi.

542 1643 623 1702 'tate
651 1640 760 1701 nostra
788 1637 957 1718 apostolica
984 1639 1090 1718 ipsum
1119 1638 1306 1702 vicariatum
1363 1626 1366 1636 ⁴

1579 1728 1768 1796 Venerabilis
1792 1730 1898 1808 trater,

1396 1820 1579 1889 salutemet
1604 1823 1800 1907 apostolicam
1828 1823 2091 1912 benedictionem.

1404 2012 1422 2086 5
1445 2010 1637 2085 locamus
1654 2014 1848 2092 persimiles
1865 2013 2059 2092 apostolicas
2072 2013 2127 2074 lit·
2179 2026 2261 2075 retiae.

1363 2111 1447 2166 teras
1470 2106 1521 2168 die
1540 2124 1605 2168 xiv.
1623 2108 1751 2186 augusti
1766 2123 1848 2170 anam
1865 2125 2123 2172 uncccxxxvru.

1364 2197 1449 2260 datas
1464 2200 1501 2261 ad
1517 2216 1628 2279 preces
1641 2217 1716 2264 ven.
1731 2201 1837 2263 fratris
1853 2201 2022 2264 Laurentii
2039 2201 2063 2263 l.
2081 2201 2122 2262 bl.

1362 2290 1484 2355 Imbert
1501 2294 1649 2374 Episcopi
1664 2295 1831 2374 Capsensis
1847 2293 1963 2357 Vicarii
1979 2293 2125 2374 Aposto-

1363 2384 1415 2446 lici
1434 2384 1564 2460 Coreae,
1582 2388 1711 2450 attentis
1735 2387 1928 2450 difficillimis
1943 2388 2124 2450 vicariatus

1363 2478 1611 2544 circumstantiis
1633 2499 1667 2543 ac
1688 2481 1804 2544 llicarii
1821 2481 1929 2560 ipsius,
1947 2482 2124 2559 inquibus

1363 2579 1439 2636 tunc
1454 2576 1653 2648 versabatur,
1669 2575 1830 2654 periculis,
1845 2577 1884 2638 de
1898 2575 1964 2638 VV.
1975 2575 2039 2636 FF.
2051 2573 2121 2636 NN.

1364 2665 1394 2728 S.
1418 2667 1454 2730 R.
1479 2667 1513 2729 E.
1538 2668 1754 2731 Cardinalium
1777 2669 1917 2746 negotiis
1933 2668 2137 2746 Propagan'

1363 2761 1420 2823 dae
1441 2761 1529 2824 Fidei
1546 2763 1801 2842 praepositorum
1817 2762 1950 2824 oonsilio
1967 2763 2123 2824 eiusdem

1362 2869 1437 2917 ven.
1452 2855 1557 2917 iratris
1574 2857 1741 2920 desideriis
1757 2857 1941 2929 annuimus,
1960 2863 1997 2918 ut
2013 2873 2122 2918 unum

1363 2963 1403 3010 ex
1424 2950 1643 3012 sacerdotibus
1665 2951 1764 3029 ipsius
1788 2950 1948 3013 missionis
1971 2951 2005 3012 in
2027 2951 2123 3012 coad-

1363 3041 1502 3104 iutorem
1532 3042 1592 3104 sibi
1621 3043 1759 3119 eligeret
1780 3059 1854 3104 cum
1876 3043 2065 3106 charactere
2087 3061 2122 3105 ac

1362 3134 1457 3196 titulo
1480 3135 1651 3214 episcopali
1684 3136 1837 3198 ecclesiae
1865 3135 2063 3199 Bellinensis
2086 3137 2121 3198 in

1362 3227 1504 3305 partibus
1526 3229 1722 3304 infidelium3
1740 3229 1951 3292 nihilominus
1966 3245 2043 3292 oum
2061 3245 2121 3308 per

1363 3320 1511 3398 epistolas
1535 3321 1598 3383 diei
1619 3339 1641 3384 r.
1665 3323 1732 3384 dec.
1750 3339 1834 3384 anno
1849 3339 2118 3394 dccccxxxviii„

1362 3431 1396 3476 ac
1419 3431 1495 3476 xxx.
1530 3415 1635 3477 martii
1668 3431 1890 3478 dccccxxxix.
1920 3416 2006 3478 idem
2038 3431 2117 3477 ven.

1362 3508 1461 3570 irater
1482 3509 1603 3571 iterum
1625 3509 1717 3572 nobis
1737 3509 1965 3588 exponendum
1981 3525 2119 3572 curave-

1362 3603 1405 3665 rit
1426 3604 1560 3666 minime
1583 3605 1747 3681 expedire,
1772 3609 1807 3666 ut
1823 3603 1885 3665 duo
1901 3603 2052 3682 Episcopi
2069 3604 2118 3665 in-

1362 3703 1409 3759 tra
1432 3698 1551 3759 limites
1574 3699 1719 3760 eiusdem
1739 3697 2003 3776 periculosissimi
2019 3699 2120 3774 regni

1362 3798 1617 3864 commorentur,
1636 3807 1695 3876 nec
1710 3791 1819 3869 plures
1835 3807 1929 3869 quam
1946 3793 2010 3855 duo
2028 3807 2119 3853 nirnc

1361 3885 1405 3947 ibi
1426 3887 1537 3948 adesse
1560 3885 1723 3965 operarios
1739 3886 1953 3962 evangelicos,
1971 3901 2117 3963 quorum

1361 3979 1442 4042 alter
1472 3981 1641 4058 eligendus
1671 3987 1756 4042 esset
1785 3980 1960 4051 coadiutor,
1985 3997 2019 4042 ac
2043 3995 2118 4058 pro·

1362 4083 1471 4153 pterea
1504 4076 1608 4137 multo
1641 4073 1854 4153 opportunius
1883 4079 1915 4134 et
1943 4073 2056 4135 utilius
2087 4075 2116 4135 ei

1361 4169 1476 4242 videri,
1508 4175 1544 4230 ut
1565 4167 1729 4230 coadiutor
1758 4167 1791 4228 in
1821 4165 2018 4228 Sutcbuensi
2042 4181 2116 4245 pro-

1361 4263 1463 4325 vincia
1479 4281 1494 4324 a
1511 4269 1540 4324 te
1557 4263 1695 4339 eligatur
1711 4261 1796 4322 inter
1813 4259 1996 4339 provinciae
2012 4259 2116 4338 ipsius

1362 4357 1578 4420 missionarios
1601 4355 1701 4432 magis
1730 4354 1889 4432 probatos,
1914 4361 1946 4414 et
1967 4353 2115 4430 linguam

1362 4451 1499 4514 Sinicam
1526 4469 1559 4512 ac
1588 4465 1696 4512 rnores
1723 4449 1865 4520 edoctos,
1894 4455 1926 4510 et
1946 4463 2116 4511 consecre-

1361 4553 1415 4607 tur
1447 4546 1540 4608 titulo
1574 4543 1726 4607 ecclesiae
1763 4542 1956 4614 Bellinensi,
1991 4543 2048 4620 qui
2081 4543 2114 4604 in

1362 4639 1500 4701 Tartaria
1523 4645 1650 4700 maneat
1670 4639 1707 4698 ad
1730 4635 1811 4698 lines
1834 4636 1955 4698 (loreae
1978 4639 2015 4698 ad
2039 4636 2115 4697 mis-

1361 4733 1459 4795 sionis
1481 4732 1675 4795 absolvenda
1695 4730 1824 4808 negotia
1839 4747 1969 4808 semper
1984 4736 2113 4807 paratus

1360 4827 1495 4889 Goream
1511 4827 1638 4902 ingredi
1654 4825 1824 4886 deficiente
1840 4823 1966 4885 Vicario
1978 4822 2114 4901 Aposto

1360 4920 1432 4993 lico,
1459 4921 1509 4983 vel
1531 4920 1557 4980 si
1586 4925 1718 4998 propter
1749 4933 1883 4994 gravem
1915 4917 2112 4994 persecutio-

1361 5032 1436 5078 nem
1458 5015 1495 5077 ab
1525 5015 1675 5090 ingressu
1705 5012 1740 5074 ad
1763 5018 1893 5090 tempus
1922 5010 2113 5074 iudicaverit

1360 5109 1596 5180 abstinendum,
1625 5106 1699 5168 inde
1723 5112 1830 5168 tamen
1853 5103 2041 5178 missionem
2062 5121 2111 5167 re-

1362 5220 1439 5281 gere
1463 5210 1495 5264 et
1517 5202 1697 5280 gubernare
1724 5201 1834 5278 possit,
1859 5217 1893 5261 ac
1915 5200 2052 5278 proinde
2074 5199 2109 5261 ad

1361 5295 1611 5377 praecavendam
1641 5294 1779 5356 duorum
1812 5291 2036 5354 coadiutorum
2059 5293 2110 5353 dc·
2168 5315 2171 5322 ·

1362 5389 1561 5469 putationem
1589 5387 1674 5449 idem
1704 5385 1871 5463 Capsensis
1900 5383 2043 5446 Antistes
2065 5391 2109 5446 te·

1361 5491 1460 5546 status
1479 5481 1587 5554 luerit,
1605 5497 1639 5542 se
1654 5479 1692 5541 ad
1707 5478 1901 5541 coadiutoris
1917 5479 2108 5541 electionem

1360 5579 1448 5640 iuxta
1471 5576 1637 5653 elargitam
1659 5573 1719 5634 sibi
1748 5589 2106 5634 annoiuucccrxxrru.
2144 5639 2148 5646 ,

1361 5671 1543 5734 facultatem
1566 5685 1631 5731 non
1653 5682 1899 5747 processurum:

1401 5765 1469 5840 52.
1492 5761 1556 5826 Nos
1580 5763 1618 5824 de
1647 5761 1838 5824 eorumdem
1867 5757 1934 5822 vv.
1958 5761 2016 5822 EF.
2041 5761 2105 5824 NN.
2157 5775 2302 5823 pracluee-

2125 5833 2193 5880 cutio.

1362 5857 1393 5922 S.
1411 5858 1447 5933 lt.
1465 5857 1501 5918 E.
1525 5855 1741 5920 cardinalium
1763 5855 1933 5928 sententia,
1957 5855 2040 5917 votis
2054 5855 2106 5918 Ca-

1360 5951 1483 6033 psensis
1515 5950 1662 6030 Episcopi
1682 5949 1891 6012 annuendum
1914 5948 2106 6010 existimavi-
