4828 6974
923 587 1097 636 emaculatus
1118 587 1169 634 1³1³.
1193 589 1258 636 xvi.

319 707 384 770 cesi
419 713 452 770 et
483 707 702 770 iurisdictione
734 707 881 787 Episcopi
906 707 1064 782 Quitensis

321 801 380 862 hoc
407 801 504 864 modo
533 801 714 874 disiunctas,
743 800 866 862 avulsas
888 817 921 862 ac
942 816 1065 889 separae

321 901 377 966 tas,
401 893 611 971 ecclesiasque
637 896 671 956 in
692 894 738 956 eis
767 894 895 972 positas,
919 909 1064 956 necnon

320 987 523 1060 monasteria,
546 988 655 1065 siquae
676 988 750 1060 sint,
767 1004 801 1050 ac
822 987 880 1048 alia
896 1001 1065 1064 quaecum·

321 1093 383 1156 que
414 1081 587 1143 saecularia
614 1081 668 1143 vel
698 1081 860 1158 regularia
891 1080 1062 1151 beneficia,

320 1172 462 1250 itemque
491 1174 626 1245 clerum,
657 1174 812 1253 populum
834 1191 868 1236 ac
896 1173 1064 1249 utriusque

319 1281 414 1327 sexus
426 1283 589 1345 personas,
602 1267 796 1330 habitatores
812 1274 844 1329 et
858 1267 986 1338 incolas,
1000 1273 1063 1328 tarn

320 1359 425 1430 laicos,
449 1375 545 1437 quam
573 1360 706 1423 clericos
734 1361 966 1437 cuiuscumque
996 1375 1064 1438 gra-

320 1454 389 1524 dus,
414 1453 534 1516 ordinis
556 1459 589 1516 et
609 1454 800 1516 conditionis
815 1455 961 1526 existant,
979 1454 1064 1516 dioe-

320 1547 383 1607 cesi
403 1545 619 1624 Popayanensi
641 1548 673 1608 in
695 1547 841 1609 America
866 1546 1064 1610 lderidionali

321 1645 476 1716 perpetuo
497 1639 637 1712 unimus,
662 1639 889 1717 coniungimus
911 1646 943 1702 et
961 1640 1063 1702 incor-

321 1746 479 1808 poramus,
504 1731 637 1809 eiusque
659 1747 717 1810 pro
733 1739 879 1811 ternpore
896 1732 1062 1794 existentis

320 1823 464 1902 Episcopi
486 1825 664 1887 ordinariae
685 1825 895 1886 iurisdictioni
912 1831 945 1886 et
959 1831 1063 1888 aucto-

320 1917 415 1990 ritati,
438 1917 533 1978 salvis
554 1925 662 1979 tamon
694 1917 953 1996 exemptionibus
975 1919 1063 1980 cuili-

319 2009 373 2071 bet
393 2009 432 2072 de
453 2010 525 2072 iure
546 2010 692 2088 legitime
706 2011 975 2090 competentibus,
992 2027 1063 2089 per-

319 2108 416 2180 petuo
436 2103 557 2182 pariter
578 2104 789 2182 supponimus
820 2110 915 2180 atquc
936 2103 1063 2167 subiici-

318 2211 401 2258 mus.

84 2294 300 2404 essfd'ffiafflss
357 2288 426 2364 §il
448 2289 599 2362 Quocirca
620 2289 798 2352 venerabili
813 2290 915 2352 'tratri
937 2289 1062 2352 Emma-

318 2381 406 2442 nueli
427 2381 562 2459 losepho
579 2382 617 2444 ds
633 2382 801 2460 ldosquera
816 2381 1061 2461 llrchiepiscopo

319 2472 449 2536 Sanctae
470 2474 558 2537 Fidei
580 2475 619 2536 de
638 2475 768 2552 Bogota,
786 2491 883 2552 quern
899 2476 931 2536 in
947 2475 1061 2539 harum

317 2567 484 2630 literarum
506 2575 688 2630 nostrarum
715 2574 949 2645 exequutorem
972 2568 1061 2645 eligi-

317 2676 388 2722 mus
409 2678 443 2723 ac
465 2661 665 2740 deputamus,
684 2661 875 2724 necessarias
898 2677 1009 2724 omues
1030 2668 1063 2724 et

317 2759 510 2832 opportunas
523 2753 560 2815 ad
572 2754 821 2832 praemissorum
834 2754 984 2816 ellectum
996 2755 1062 2833 ple-

317 2847 404 2908 narie
419 2846 684 2923 consequendum
699 2846 870 2908 tribuimus
885 2847 1059 2920 facultates,

316 2947 353 3002 ut
372 2941 440 3018 ipse
463 2955 520 3018 per
542 2955 588 3012 se,
612 2939 666 3001 vel
687 2955 744 3016 per
766 2939 866 3002 alium
886 2940 993 3002 virum
1013 2957 1061 3003 ec·

316 3033 487 3094 clesiastica
502 3032 657 3109 dignitate
671 3032 871 3108 insignitum,
885 3034 923 3096 ab
939 3050 977 3096 eo
988 3035 1061 3096 snb-

316 3126 542 3202 delegandum,
556 3132 739 3204 praesentes
750 3131 874 3188 nostras
886 3127 994 3189 literas
1005 3128 1061 3190 ubi

316 3226 349 3280 et
371 3219 498 3296 quando
521 3235 600 3297 opus
622 3219 731 3290 luerit,
749 3219 802 3280 vel
817 3221 943 3296 quoties
957 3221 995 3284 ab
1009 3221 1058 3294 iis,

316 3327 456 3389 quorum
478 3311 625 3384 interest,
641 3311 695 3374 rel
710 3312 817 3388 aliquo
833 3327 947 3374 eorum
964 3313 1062 3376 luerit

315 3405 499 3482 requisitus,
517 3404 707 3466 solemniter
723 3404 864 3482 publicet
878 3411 910 3467 et
924 3421 1061 3483 exequa-

317 3504 379 3569 tur,
402 3514 437 3559 ac
458 3495 564 3558 omnia
587 3503 619 3558 et
642 3497 768 3574 singula
789 3498 822 3558 in
844 3499 889 3559 eis
912 3505 1061 3562 contenta

316 3589 405 3652 iaciat
432 3591 619 3652 auctoritate
650 3597 758 3653 nostra
778 3591 816 3652 ab
839 3591 999 3664 omnibus,
1023 3594 1060 3655 ad

315 3699 394 3760 quos
414 3691 537 3762 spectat
550 3691 645 3762 atque
660 3699 718 3762 pro
732 3691 879 3762 tempore
893 3685 1058 3762 spectabit,

316 3776 544 3838 inviolabiliter
559 3775 733 3847 observari,
748 3781 842 3853 atque
854 3783 889 3838 ut
903 3783 967 3838 tam
980 3778 1058 3856 ipse,

315 3885 409 3946 qnam
433 3885 569 3948 persona
590 3868 628 3932 ab
650 3884 688 3930 eo
710 3869 948 3945 subdeleganda
962 3887 1060 3949 super

315 3977 518 4038 quacumque
540 3962 739 4041 oppositione
760 3961 793 4024 in
811 3967 882 4024 actu
898 3964 1059 4026 executio-

314 4054 363 4114 nis
386 4053 629 4132 quomodolibet
649 4053 754 4114 forsan
777 4054 909 4126 oritura,
925 4056 1059 4116 servatis

315 4155 420 4210 umen
442 4147 620 4218 servandis,
643 4147 739 4208 ctiam
758 4146 923 4210 definitive
938 4153 971 4210 et
984 4163 1059 4226 qua·

314 4240 361 4302 vis
385 4240 597 4319 appellatione
625 4245 759 4312 remota,
784 4239 885 4302 libere
913 4247 946 4302 et
973 4241 1059 4305 licite

314 4332 449 4394 delinire
471 4350 505 4396 ac
526 4332 738 4412 pronunciare
770 4332 869 4410 possit
889 4339 922 4396 et
942 4334 1057 4408 valeat,

314 4427 564 4490 contradictores
592 4425 753 4504 quoslibet
778 4442 811 4488 ac
832 4425 973 4488 rebelles
1001 4443 1059 4506 per

314 4522 499 4594 sententias,
523 4535 683 4592 censuras,
707 4535 889 4598 poenasque
915 4520 1058 4583 ecclesia-

315 4613 418 4687 sticas,
441 4614 567 4691 aliaque
588 4613 666 4676 iuris
681 4629 715 4674 ac
730 4612 801 4674 lacti
817 4613 960 4676 remedia
974 4629 1059 4676 com·

315 4708 485 4784 pescendo,
509 4706 667 4777 invocato,
692 4706 814 4767 etiamsi
844 4721 922 4784 opus
947 4706 1056 4781 luerit,

314 4799 433 4861 anxilio
444 4799 565 4862 brachii
579 4799 758 4870 saecularis,
773 4798 900 4876 plenam
913 4805 945 4860 ct
957 4802 1058 4863 omni·

315 4893 442 4954 modam
464 4892 647 4954 facultatem
676 4891 825 4954 similiter
853 4893 1058 4955 concedimus

314 4991 409 5061 atque
430 4985 645 5063 impartimur.
669 4983 782 5048 Eidem
800 4999 880 5045 vero
895 4983 1058 5064 Archiepi-

314 5094 410 5156 scopo
432 5075 564 5140 Sanctae
585 5077 673 5140 Fidei
695 5077 734 5140 de
762 5077 882 5154 Bogota
907 5078 1059 5156 praecipi-

314 5186 386 5232 mus
413 5177 447 5233 et
467 5170 655 5233 mandamus
682 5176 719 5230 ut
745 5168 950 5246 singulorum
977 5177 1059 5233 acto·

314 5279 387 5326 rum
402 5263 436 5326 in
452 5263 670 5342 praesentium
685 5262 853 5324 literarum
868 5263 1059 5326 executione

314 5356 587 5419 conficiendorum
610 5355 774 5433 exemplar
796 5355 977 5418 authentica
996 5355 1059 5417 lor-

313 5465 365 5510 rna
379 5455 544 5510 exaratum
557 5448 640 5510 intra
655 5462 774 5508 annum
789 5447 827 5509 ab
843 5447 968 5526 expleta
979 5447 1058 5526 ipsa-

314 5556 387 5602 rum
403 5541 622 5617 exequutione
633 5541 670 5602 ad
686 5540 766 5602 hanc
777 5538 992 5618 Apostolicam
1005 5539 1059 5603 Se·

314 5633 386 5696 dem
404 5633 606 5704 transmittat,
620 5632 765 5710 illudque
777 5633 810 5695 iu
824 5633 966 5695 archivio
977 5632 1058 5696 Gou-

315 5725 511 5804 gregationis
529 5725 627 5788 rebus
642 5726 912 5788 consistorialibus
928 5741 1058 5806 praepo-

314 5820 392 5882 sitae
421 5819 574 5882 demere
602 5819 757 5882 asservari
789 5819 942 5882 edicimus
960 5819 1058 5896 'atque

313 5912 473 5975 iubemus.

1788 571 1845 636 {39
1895 572 1948 626 Au.
1962 575 1992 628 0.
2014 575 2084 628 1835

1160 708 1178 782 5
1201 705 1248 768 ld.
1266 707 1452 770 Praesentes
1468 714 1575 771 autem
1590 708 1708 782 literas,
1722 714 1754 769 et
1769 707 1803 770 in
1818 709 1863 769 eis
1901 721 2023 768 clausura
2037 725 2095 770 sue-

1120 805 1268 861 contenta
1290 815 1523 878 quaecumque,
1539 801 1638 868 etiam
1657 817 1696 862 ex
1719 817 1757 863 eo
1779 801 1864 877 quod
1883 775 1939 874 {2²1ss
1954 775 2095 876 rsslffl'

1120 892 1152 964 ii,
1177 907 1316 969 quorum
1339 894 1474 956 interest
1494 901 1548 956 aut
1574 895 1732 956 interesse
1760 900 1866 974 posset

1121 985 1154 1046 in
1175 985 1332 1058 luturum,
1356 987 1460 1048 vocati
1481 993 1513 1048 et
1533 986 1631 1048 auditi
1653 1003 1718 1050 non
1744 987 1865 1049 luerint

1121 1084 1174 1140 aut
1195 1079 1375 1156 praemissis
1409 1095 1473 1142 non
1505 1067 1743 1152 consenserint,
1773 1079 1864 1142 nullo

1121 1185 1259 1248 unquam
1285 1177 1431 1249 tempore
1453 1172 1491 1233 de
1510 1171 1727 1250 subreptionis
1742 1171 1795 1233 vel
1811 1170 1864 1232 ob-

1120 1264 1275 1342 reptionis
1297 1269 1351 1325 aut
1372 1263 1525 1326 nullitatis
1546 1265 1626 1326 vitio
1641 1281 1698 1327 seu
1715 1265 1864 1326 intentio-

1121 1357 1169 1418 nis
1184 1363 1312 1418 nostrae
1328 1356 1454 1419 delectu
1470 1359 1584 1431 notari,
1601 1357 1794 1435 impugnari,
1811 1357 1863 1418 vel

1119 1449 1153 1512 in
1175 1451 1424 1512 controversiam
1453 1451 1559 1512 vocari
1591 1467 1692 1530 posse,
1716 1452 1771 1512 sed
1794 1466 1864 1529 per-

1120 1549 1217 1622 petuo
1238 1543 1355 1605 validas
1377 1549 1409 1604 et
1423 1543 1563 1605 efficaces
1582 1544 1720 1606 existere
1735 1550 1768 1606 et
1782 1543 1861 1616 lore,

1118 1651 1257 1712 suosque
1272 1635 1432 1714 plenarios
1447 1642 1479 1697 et
1494 1637 1637 1714 integros
1653 1638 1784 1699 ellectus
1798 1651 1864 1698 sor-

1120 1729 1173 1790 tiri
1195 1735 1227 1792 et
1249 1728 1412 1804 obtinere3
1441 1729 1550 1807 sicque
1572 1737 1604 1791 et
1625 1746 1689 1792 uon
1712 1730 1785 1792 alias
1807 1744 1864 1807 per

1120 1837 1341 1899 quoscumque
1362 1823 1482 1884 ludices
1506 1822 1681 1886 ordinarios
1703 1821 1756 1884 vel
1779 1822 1864 1884 dole-

1120 1922 1208 1992 gatos
1230 1915 1341 1992 quavis
1370 1915 1557 1978 auctoritate
1585 1915 1768 1994 iungentes,
1791 1915 1864 1976 sub-

1120 2007 1180 2070 lata
1202 2007 1246 2070 eis
1269 2014 1301 2070 et
1323 2025 1436 2070 eorum
1451 2008 1583 2071 cuilibet
1597 2009 1690 2072 aliter
1705 2009 1863 2072 iudicandi

1120 2107 1152 2162 et
1172 2101 1404 2179 interpretandi
1433 2101 1592 2173 facultate,
1615 2101 1747 2164 iudicari
1769 2109 1864 2178 atque

1119 2193 1246 2255 deliniri
1275 2193 1405 2265 debere,
1429 2200 1462 2254 et
1482 2194 1508 2254 si
1529 2209 1621 2256 secus
1649 2209 1747 2272 super
1776 2193 1825 2254 his
1847 2211 1864 2256 a

1119 2301 1281 2366 quoquam
1307 2286 1418 2362 quavis
1441 2275 1627 2350 auctoritate
1648 2287 1788 2348 scienter
1810 2287 1863 2348 rel

1117 2381 1304 2458 ignoranter
1323 2379 1495 2456 contigerit
1509 2380 1668 2451 attentari,
1684 2379 1813 2440 irritum
1829 2395 1863 2440 ac

1117 2475 1210 2536 inane
1232 2473 1436 2536 decernimus
1457 2479 1551 2550 atque
1573 2473 1779 2535 declaramus.

1157 2569 1175 2642 ἓ
1199 2567 1245 2629 ll.
1269 2564 1340 2628 Non
1363 2565 1561 2628 obstantibus
1577 2566 1616 2628 de
1630 2565 1702 2627 iure
1717 2565 1862 2642 quaesito
1891 2589 2095 2652 barogsuoeon-

1118 2675 1182 2722 nou
1210 2659 1364 2730 tollendo,
1392 2675 1426 2720 ac
1455 2658 1570 2720 nostris
1596 2665 1629 2720 et
1656 2657 1862 2721 cancellariae
1880 2645 2027 2690 aratrorum.

1118 2752 1307 2830 apostolicae
1323 2751 1446 2828 regulis
1462 2757 1494 2812 et
1508 2751 1541 2812 iu
1556 2749 1773 2828 synodalibus,
1791 2767 1862 2830 pro-

1117 2843 1305 2906 vincialibus
1324 2843 1627 2920 universalibusque
1641 2843 1783 2906 conciliis
1798 2845 1862 2906 edi-

1117 2934 1156 2994 tis
1178 2934 1367 3012 specialibus
1395 2934 1449 2996 vel
1479 2933 1683 3011 generalibus
1712 2935 1863 2998 constitu·

1116 3027 1257 3090 tionibus
1279 3043 1313 3090 ac
1335 3027 1588 3089 ordinationibus
1614 3027 1791 3106 apostolicis
1812 3044 1862 3089 su-

1119 3122 1332 3198 pradictarum
1347 3119 1505 3192 Qnitensis
1520 3127 1553 3182 et
1567 3121 1799 3200 Popayanensis
1814 3138 1862 3183 ec·

1117 3215 1286 3278 clesiarum
1302 3214 1398 3276 etlam
1413 3213 1606 3280 iuramento.
1620 3215 1863 3276 confirmatione

1117 3307 1287 3385 apostolica
1301 3308 1354 3370 vel
1369 3309 1481 3384 quavis
1495 3308 1646 3370 firmitate
1661 3308 1720 3370 alia
1733 3308 1863 3372 robora-

1118 3401 1157 3462 tis
1179 3401 1303 3464 statutis
1323 3406 1356 3462 et
1369 3400 1666 3473 consuetudinibus,
1685 3401 1862 3480 privilegiis

1117 3508 1257 3570 quoque,
1274 3493 1407 3556 indultis
1423 3499 1455 3555 et
1470 3493 1571 3556 literis
1587 3494 1777 3571 apostolicis,
1795 3511 1861 3557 cae-

1116 3585 1260 3662 terisque
1282 3585 1449 3648 contrariis
1471 3585 1740 3662 quibuscumque.

1156 3679 1245 3754 §th
1269 3678 1458 3742 Huiusmodi
1486 3693 1565 3740 vero
1587 3679 1755 3741 literarum
1778 3686 1861 3742 tran·
1893 3703 2093 3768 rraesnauanea

1115 3772 1249 3850 sumptis
1276 3787 1332 3834 seu
1363 3770 1529 3850 exemplis,
1561 3771 1656 3832 etiarn
1684 3772 1858 3850 impressis,
1880 3761 2055 3814 transumptis.

1116 3880 1212 3926 manu
1230 3863 1345 3926 notarii
1360 3863 1478 3942 publici
1492 3863 1689 3942 subscriptis,
1706 3881 1740 3926 ac
1753 3865 1861 3942 sigillo

1116 3973 1269 4036 personae
1290 3957 1324 4018 in
1346 3956 1556 4020 ecclesiastica
1578 3957 1732 4034 dignitate
1747 3959 1861 4020 consti-

1117 4057 1202 4114 tutae
1223 4049 1366 4124 munitis,
1391 4049 1537 4112 eamdem
1559 4049 1680 4128 ubique
1702 4051 1859 4126 locorum,

1114 4145 1148 4206 in
1161 4144 1279 4208 iudicio
1294 4151 1327 4206 et
1342 4149 1442 4216 extra,
1457 4144 1554 4206 sidem
1570 4143 1682 4206 haberi
1697 4145 1859 4219 volumus,

1115 4253 1196 4316 quae
1217 4240 1290 4318 ipsis
1312 4238 1532 4318 praesentibus
1553 4238 1739 4312 haberetur,
1754 4239 1780 4300 si
1800 4241 1861 4302 ori·

1116 4333 1264 4410 ginaliter
1285 4331 1529 4394 exhiberentur.

1154 4428 1173 4500 ἓ
1196 4425 1244 4488 l3.
1268 4424 1355 4487 Nulli
1378 4440 1457 4501 ergo
1480 4424 1611 4487 omniuo
1633 4424 1803 4488 hominum
1825 4425 1861 4506 li·
1912 4448 2017 4514 sancus
2035 4461 2093 4508 pop.

1115 4523 1183 4580 ceat
1210 4517 1290 4580 hanc
1318 4517 1466 4594 paginam
1495 4521 1622 4578 nostrae
1655 4516 1861 4580 dismembra-
1880 4503 1955 4549 ”²¹¹2

1115 4610 1226 4682 tronis,
1258 4609 1437 4682 divisionis,
1464 4609 1689 4688 separationis,
1713 4612 1858 4686 unionis,

1112 4703 1330 4774 subiectionis,
1360 4702 1602 4775 commissionis,
1634 4704 1858 4782 deputationis,

1115 4796 1263 4868 mandati,
1281 4796 1496 4873 derogationis
1513 4802 1545 4858 et
1560 4796 1733 4858 voluntatis
1748 4797 1861 4860 inirin-

1115 4905 1203 4967 gere,
1227 4889 1280 4952 vel
1303 4889 1332 4951 ei
1354 4905 1430 4952 ausu
1450 4889 1623 4951 temerario
1640 4889 1809 4951 contraire.
1829 4889 1861 4952 Si

1114 4982 1184 5059 quis
1209 4989 1317 5044 antem
1339 4982 1400 5044 hoo
1420 4987 1577 5043 attentare
1599 4982 1859 5060 praesumpserit,

1113 5074 1368 5152 indignationem
1392 5075 1620 5152 omnipotentis
1648 5074 1706 5136 Dei
1734 5092 1768 5138 ac
1789 5075 1861 5138 bea-

1114 5174 1222 5230 torum
1244 5168 1330 5230 Petri
1352 5173 1385 5229 et
1398 5167 1486 5230 Pauli
1501 5157 1729 5245 Apostolorum
1745 5169 1812 5232 eius
1826 5185 1861 5230 se

1114 5261 1243 5324 noverit
1262 5261 1480 5324 incursurum.

1153 5354 1268 5416 Datum
1289 5353 1418 5426 Romae,
1449 5353 1532 5431 apud
1554 5350 1585 5415 S.
1610 5353 1739 5414 llariam
1765 5352 1857 5416 lllaio·

1114 5463 1185 5508 rem
1207 5463 1289 5510 anno
1310 5447 1538 5509 incarnationis
1557 5446 1734 5510 dominicae
1756 5447 1860 5510 mille·

1114 5540 1197 5601 simo
1228 5539 1496 5617 octingentesimo
1531 5539 1700 5615 trigesimo
1733 5541 1857 5617 quinto,

1115 5633 1238 5695 decimo
1253 5632 1403 5695 kalendas
1420 5631 1568 5704 octobris,
1587 5631 1789 5709 pontificatus
1805 5648 1860 5694 no-

1113 5725 1172 5786 stri
1194 5741 1277 5792 anno
1297 5725 1420 5802 quinto.

1361 5878 1612 5892 m
