4770 6982
284 499 286 503 v
339 541 392 594 Au.
408 543 437 594 G.
460 542 527 596 1842

342 1345 475 1388 Decretum
490 1351 540 1388 ere-

328 1395 430 1442 ctfonist.

367 2466 512 2514 Clausulas.

347 4069 486 4114 Contrariis
500 4067 542 4114 de·

327 4127 408 4177 rogat.

578 537 638 603 292

560 673 681 738 natium
703 675 841 753 negotiis
863 675 1088 754 propagandae
1109 675 1198 738 Fidei
1221 692 1308 756 prae-

559 769 737 848 positorum
767 767 900 832 consilio
932 785 1003 832 rem
1036 775 1135 832 totam
1164 777 1308 833 accurate

560 862 808 940 perpendentes,
832 880 866 924 ac
888 869 1016 941 tempus
1045 861 1309 926 advenisse'con·

559 955 749 1027 siderantes,
766 961 803 1018 ut
824 973 859 1018 66
873 955 977 1019 insula
991 957 1025 1020 in
1041 956 1171 1036 proprie
1187 957 1308 1020 dictum

559 1049 777 1128 episcopatum
807 1049 968 1128 erigatur,
1000 1051 1185 1113 censuimus
1214 1057 1309 1129 atque

559 1143 774 1217 decrevimus,
788 1143 974 1208 huiusmodi
989 1144 1161 1207 consdium
1177 1145 1310 1207 omnino

559 1251 630 1299 esse
651 1235 895 1316 perficiendum.

598 1330 617 1406 ἓ
638 1329 668 1392 2.
687 1329 772 1393 Motu
789 1333 888 1410 igitur
904 1334 1046 1413 proprio,
1061 1339 1156 1412 atque
1171 1335 1309 1396 61166116

559 1423 691 1487 scientia
713 1431 746 1488 et
773 1429 897 1490 maturi
929 1428 1173 1501 deliberatione,
1204 1429 1309 1507 deque

559 1517 749 1595 apostolicae
771 1521 933 1599 potcstatis
957 1521 1169 1600 plenitudine,
1193 1522 1308 1584 barum

559 1609 728 1674 literarum
750 1614 782 1674 vi
804 1613 911 1676 Novae
934 1613 1056 1678 Scotiae
1078 1617 1202 1679 insulae
1222 1616 1309 1680 Vica-

559 1706 676 1768 riatum
689 1706 908 1788 Apostolicum
920 1709 952 1772 in
965 1711 1095 1788 proprie
1111 1710 1232 1774 dictum
1245 1711 1309 1790 epi-

559 1805 723 1879 scopatum
747 1802 915 1880 erigimus,
940 1803 1074 1882 eiusque
1096 1805 1206 1868 sedem
1227 1805 1309 1869 Hali-

559 1892 686 1968 faxiam,
703 1911 784 1974 quae
801 1897 969 1976 praecipua
984 1898 1107 1960 insulae
1123 1899 1233 1961 civitas
1249 1905 1306 1972 est,

559 1987 795 2064 constituimus,
822 1991 878 2052 ubi
907 1991 1080 2070 Episcopus
1111 1993 1217 2070 deget.
1248 1993 1308 2072 lpsi

559 2087 667 2143 autem
683 2083 840 2163 Episcopo
855 2085 893 2146 ab
908 2085 966 2147 bac
982 2085 1013 2147 S.
1032 2084 1113 2148 Sede
1129 2085 1308 2164 adlegendo

561 2191 672 2238 omnes
695 2182 727 2242 et
747 2177 891 2256 singulas
913 2178 1077 2241 facultates
1096 2179 1165 2242 aliis
1181 2179 1309 2258 Episco-

559 2269 607 2348 pis
629 2269 760 2333 concedi
782 2271 900 2343 solitas,
919 2271 1030 2334 eidem
1049 2273 1237 2336 auctoritate
1253 2289 1308 2336 no·

558 2363 624 2425 6111
645 2365 850 2428 concedimus
873 2372 904 2427 et
925 2366 1142 2444 impertimur.

598 2461 617 2535 ἓ
638 2459 667 2521 3.
685 2458 767 2522 Η666
781 2460 951 2522 statuimus
970 2467 1065 2538 atque
1082 2462 1306 2541 praecipimus,

559 2553 773 2616 decernentes
795 2553 851 2615 has
874 2561 1059 2632 praesentes
1088 2555 1197 2618 literas
1225 2573 1308 2620 scur-

559 2663 617 2725 per
646 2648 766 2720 firmas,
796 2648 915 2710 validas
944 2655 977 2710 et
1007 2649 1147 2712 efficaces
1177 2668 1248 2714 esse
1277 2659 1310 2715 et

559 2739 640 2814 fore,
668 2755 809 2820 suosque
831 2742 991 2820 plenarios
1015 2749 1047 2805 et
1067 2743 1211 2821 integros
1234 2745 1309 2808 effe-

560 2840 629 2898 ctus
658 2835 767 2897 sortiri
796 2841 828 2898 et
857 2836 1015 2909 obtinere,
1039 2837 1143 2911 66116,
1168 2839 1205 2900 ad
1228 2853 1309 2916 quos

559 2935 680 3007 spectat
701 2929 786 2991 etin
808 2927 955 2991 futurum
977 2930 1142 3008 spectabit,
1164 2931 1309 3010 plenissi-

559 3037 612 3083 me
627 3021 806 3100 suffragari,
821 3029 853 3084 61
864 3023 901 3084 ab
918 3023 1067 3086 omnibus
1079 3023 1309 3088 inviolabiliter

560 3115 743 3191 observari;
767 3115 876 3193 sicque
895 3117 928 3178 in
944 3115 1126 3194 praemissis
1142 3133 1200 3196 per
1215 3135 1309 3196 quos-

560 3222 699 3286 cumque
727 3207 848 3271 iudices
878 3209 1054 3272 ordinarios
1078 3215 1110 3272 61
1131 3210 1306 3290 delegatos,

560 3301 656 3365 etiam
682 3317 845 3364 causarum
881 3301 987 3380 palatii
1015 3303 1115 3365 nostri
1145 3305 1307 3382 apostolici

559 3395 720 3458 auditores
743 3412 777 3457 ac
799 3394 831 3458 S.
854 3395 943 3458 166.
967 3395 1162 3470 Cardinales,
1187 3398 1309 3461 sublati

560 3489 605 3551 eis
627 3494 795 3552 eteorum
822 3489 954 3553 cuilibet
975 3491 1086 3567 quavis
1114 3491 1206 3554 aliter
1229 3492 1309 3555 iudi-

559 3582 649 3645 candi
672 3589 704 3645 et
723 3583 959 3662 interpretandi
980 3583 1129 3648 facultate
1151 3592 1183 3648 61
1204 3593 1309 3650 aucto-

559 3677 664 3750 ritate,
694 3676 826 3738 iudicari
855 3694 889 3739 ac
919 3677 1046 3740 definiri
1076 3677 1206 3752 debere,
1237 3679 1310 3741 irri-

559 3777 696 3849 tumque
712 3775 745 3833 61
757 3770 852 3833 inane
868 3771 1023 3848 quidquid
1039 3787 1130 3834 secus
1146 3789 1244 3852 super
1260 3773 1309 3836 bis

560 3883 576 3926 a
591 3881 753 3943 quoquam
769 3867 880 3943 quavis
898 3867 1087 3929 auctoritate
1102 3867 1242 3930 scienter
1257 3869 1310 3931 vel

559 3959 748 4036 ignoranter
770 3959 943 4037 contigerit
963 3963 1122 4024 attentari.

600 4053 669 4129 §fu
693 4051 763 4116 Non
786 4053 985 4116 obstantibus
1007 4056 1116 4117 nostri
1135 4062 1167 4118 et
1181 4055 1310 4120 Cancel-

560 4147 657 4211 lariae
685 4145 886 4226 Apostolicae
914 4146 1028 4225 regola
1055 4149 1093 4212 de
1118 4149 1189 4212 iure
1216 4165 1310 4228 quae·

559 4242 621 4306 sito
643 4257 708 4304 non
730 4241 884 4314 tollendo,
909 4241 1043 4320 aliisque
1075 4244 1310 4306 constitutioni-

559 4335 619 4398 bus
642 4341 674 4398 et
694 4335 911 4398 sanctionibus
940 4335 1133 4413 apostolicis,
1163 4337 1310 4399 caeteris-

560 4445 634 4508 que,
659 4429 755 4493 etiam
775 4428 915 4507 speciali,
933 4429 1096 4492 individui
1114 4437 1145 4492 et
1161 4433 1310 4509 61616661

559 4523 724 4587 mentione
746 4541 781 4586 ac
802 4523 1012 4600 derogatione
1040 4523 1157 4601 dignis,
1182 4525 1215 4586 in
1237 4541 1310 4588 con-

559 4619 692 4680 trarium
716 4617 905 4680 facientibus
928 4617 1196 4696 quibuscumque.

599 4711 712 4774 Datum
734 4711 863 4785 Romae,
881 4712 964 4790 apud
985 4709 1016 4772 S.
1034 4711 1166 4774 Petrum
1182 4713 1242 4776 snb
1257 4731 1309 4776 an-

560 4805 637 4868 nulo
658 4805 834 4877 Piscatoris,
860 4805 911 4868 die
933 4821 985 4867 xv.
1007 4804 1087 4868 febr.
1106 4823 1306 4884 1166661111,

559 4899 762 4979 pontificatus
784 4899 885 4962 nostri
906 4915 990 4962 anno
1010 4916 1067 4978 xgr.

883 5369 986 5432 CCIX.

558 5559 644 5624 Nouo
680 5565 781 5622 erecto
816 5559 1012 5642 episcopatui
1043 5558 1151 5622 Novae
1185 5559 1308 5622 Scotiae

595 5655 743 5736 praeficit
760 5653 963 5718 Gotttetmum
978 5653 1098 5717 Fruscr
1118 5653 1308 5735 Episcopum

604 5747 745 5811 Tltuneu.
769 5745 825 5830 (l).

601 5961 630 6018 (l)
646 5964 681 6006 Ex
696 5965 758 6018 Reg.
774 5961 896 6006 Brevium
912 5963 961 6006 vot.
978 5965 1015 6016 t'.,
1030 5973 1053 6018 p.
1068 5965 1101 6006 67.

1078 557 1144 604 utu.
1168 555 1260 604 PONE.
1284 558 1325 602 DE
1346 559 1376 604 1>.
1400 559 1430 604 F.
1454 557 1538 604 PARS
1560 559 1582 605 l.

2160 543 2211 594 An.
2225 547 2252 596 0.
2272 551 2324 606 teta

1386 673 1459 742 tien.
1483 675 1570 742 fratri
1590 675 1746 742 (tuillelrno
1763 675 1877 742 Fraser
1894 677 1946 759 Ε6.
1965 673 2110 740 Τ116666.

1551 769 1736 852 inpartibus
1761 769 1932 849 infidelium,

1536 953 1757 1022 elucemus
1781 955 1841 1022 ΡΡ.
1868 955 1940 1022 xtt.

1581 1140 1768 1237 fenerabitis
1791 1142 1901 1220 frater,

1399 1233 1528 1300 salutem
1551 1241 1582 1301 et
1604 1235 1803 1319 apostolicam
1831 1235 2094 1303 benedictionem.

1405 1428 1608 1506 Apostolatus
1638 1429 1777 1491 cilicium
1807 1429 1931 1492 meritis
1959 1429 2043 1492 licet
2069 1429 2132 1491 im·
2175 1440 2302 1492 1161616111

1365 1521 1494 1600 paribus
1527 1521 1616 1584 nobis
1646 1539 1686 1586 en
1712 1523 1776 1585 alto
1801 1523 2030 1595 commissum,
2063 1537 2132 1600 quo

1365 1615 1574 1678 ecclesiarum
1603 1617 1755 1694 regimini
1783 1617 1889 1680 divina
1915 1617 2132 1696 providentia

1365 1710 1597 1788 praesidemus
1607 1709 1687 1774 illud
1700 1711 1751 1773 vel
1765 1712 1904 1772 maxime
1917 1711 2067 1791 postulat
2079 1717 2129 1782 ut,

1365 1820 1438 1866 cnm
1461 1805 1500 1866 de
1523 1805 1730 1868 ecclesiarum
1747 1807 1934 1870 earumdem
1950 1807 2132 1884 regimini-

1365 1898 1424 1960 bus
1446 1899 1552 1975 agitur
1574 1899 1824 1973 committendis,
1843 1899 1920 1964 tales
1943 1903 1991 1964 eis
2014 1902 2052 1964 in
2077 1917 2132 1980 66-

1364 1997 1468 2054 616166
1490 1993 1664 2071 praeficere
1678 1993 1875 2067 studeamus
1890 1997 1945 2073 qni
1960 1996 2129 2074 populum

1364 2102 1440 2148 suae
1459 2103 1553 2149 curae
1568 2087 1727 2150 creditum
1743 2089 1843 2150 6616111
1859 2105 1923 2150 non
1939 2089 2053 2152 solum
2071 2091 2130 2152 do-

1365 2181 1465 2241 ctrina
1481 2181 1584 2253 verbi,
1599 2181 1655 2243 sed
1673 2182 1768 2244 etiam
1785 2183 1936 2260 exemplo
1951 2184 2031 2246 boni
2050 2199 2130 2262 ope-

1365 2272 1420 2346 ris,
1443 2273 1632 2347 informare,
1656 2276 1907 2353 commissasque
1934 2277 1994 2340 sibi
2020 2278 2130 2340 eccle-

1363 2367 1423 2428 sias
1446 2367 1478 2429 in
1500 2374 1584 2430 statu
1608 2369 1737 2448 pacifico
1760 2376 1792 2430 et
1813 2371 1989 2448 tranquillo
2017 2372 2129 2435 velint

1365 2469 1397 2523 et
1418 2462 1546 2524 valeant
1567 2468 1697 2525 auctore
1719 2463 1855 2526 Domino
1878 2464 2059 2527 sulubriter
2076 2482 2128 2528 re-

1365 2571 1442 2633 gere
1472 2562 1504 2618 et
1533 2556 1670 2619 feliciter
1699 2555 1893 2634 gubernare.
1926 2559 2060 2626 Dudum
2085 2561 2128 2625 si·

1365 2649 1496 2726 quidem
1509 2649 1727 2728 provisionem
1744 2651 1953 2714 ecclesiarum
1970 2655 2126 2716 omnium

1365 2741 1557 2804 ordinationi
1579 2759 1612 2806 ac
1634 2743 1810 2822 provisioni
1826 2751 1954 2808 nostrae
1969 2761 2127 2808 reserva-

1364 2835 1482 2908 vimus,
1517 2837 1729 2900 decernentes
1758 2853 1798 2900 611
1827 2845 1904 2900 111116
1932 2839 2066 2902 irritum
2093 2847 2128 2903 et

1364 2929 1470 3002 inane,
1484 2931 1511 2991 si
1523 2946 1615 2992 secus
1627 2947 1725 3009 super
1738 2931 1786 2991 bis
1803 2949 1818 2992 a
1831 2947 1993 3009 quoquam
2007 2935 2126 3010 quavis

1364 3023 1552 3085 auctoritate
1574 3023 1713 3086 scienter
1735 3024 1788 3085 vel
1810 3023 1999 3100 ignoranter
2019 3027 2125 3088 conti·

1366 3117 1450 3194 gerit
1470 3117 1631 3178 attentari.
2361 3173 2362 3198 ,

1394 3211 1423 3286 ’ἓ
1447 3209 1473 3270 l.
1498 3209 1579 3272 Cum
1601 3209 1702 3286 igitur
1717 3226 1774 3289 per
1790 3210 1864 3272 alias
1881 3218 2007 3273 nostras
2031 3214 2124 3274 simi·
2190 3229 2317 3272 11661116
2361 3199 2362 3276 1

1365 3303 1412 3366 166
1434 3303 1621 3383 apostolicas
1637 3303 1759 3366 litteras
1776 3305 1836 3366 boc
1851 3305 1919 3383 ipso
1935 3306 1986 3368 die
2003 3308 2120 3378 editas,
2143 3284 2318 3391 „ll‘plffl'fllt'fiss

1366 3413 1502 3476 quarum
1526 3403 1673 3458 tenorem
1691 3413 1749 3475 pro
1772 3391 1924 3475 expresso
1945 3406 1977 3461 et
1991 3399 2122 3463 inserto
2145 3391 2313 3434 ⁸³¹⁶⁵⁰⁰⁰⁰f¹¹l

1365 3493 1398 3553 in
1421 3492 1539 3553 nostris
1563 3491 1650 3553 bisce
1674 3491 1896 3569 praesentibus
1927 3491 2041 3556 baberi
2064 3511 2124 3556 vo·

1365 3587 1485 3658 lumus,
1510 3585 1685 3649 vicariatus
1709 3585 1908 3663 Apostolicus
1924 3602 2026 3650 novae
2045 3588 2122 3652 Sco

1366 3681 1427 3742 tiae
1449 3680 1482 3742 in
1504 3679 1634 3759 proprie
1657 3679 1776 3741 dictum
1807 3681 2024 3759 episcopatum
2050 3683 2122 3745 fue-

1366 3774 1408 3836 rit
1430 3779 1567 3846 erectus,
1592 3775 1682 3834 cuius
1709 3773 1801 3835 sedes
1825 3791 1893 3836 esse
1923 3775 2038 3838 debeat
2061 3777 2121 3838 lla-

1367 3867 1509 3940 lifaxiae,
1544 3882 1626 3944 quae
1655 3866 1779 3928 insulae
1808 3868 1975 3946 praecipua
2004 3870 2121 3933 civitas

1367 3967 1424 4036 est,
1448 3979 1489 4024 61
1508 3978 1609 4040 eaque
1625 3961 1811 4041 episcopalis
1828 3963 1897 4025 eius
1914 3964 2027 4026 titulus
2045 3983 2121 4044 pro·

1366 4055 1529 4127 ficiscitur,
1555 4071 1613 4117 nos
1635 4056 1672 4118 ad
1702 4055 1847 4118 eiusdem
1870 4071 1972 4118 novae
1995 4059 2120 4137 cpisco-

1366 4149 1444 4229 palis
1474 4149 1625 4212 ecclesiae
1655 4149 1874 4228 provisionem
1903 4151 2045 4214 celerem
2074 4161 2119 4216 61-

1366 4260 1429 4322 que
1451 4243 1596 4316 felicem,
1628 4244 1744 4320 inqua
1773 4244 1881 4306 nullus
1907 4252 2034 4322 6166161
2058 4265 2118 4308 nos

1365 4355 1399 4402 66
1428 4343 1535 4418 661661
1566 4338 1802 4411 intromittere,
1834 4339 2055 4402 reservatione
2086 4347 2119 4403 et

1366 4433 1495 4494 decreto
1519 4432 1747 4494 obsistentibus
1763 4432 1963 4510 supradictis,
1981 4439 2117 4511 paterno

1365 4543 1399 4587 ac
1420 4525 1558 4588 sollicito
1580 4526 1686 4588 studio
1709 4525 1926 4598 intendentes,
1944 4532 2016 4604 post
2037 4527 2117 4588 deli-

1364 4620 1576 4693 berationem,
1602 4621 1752 4698 quamde
1769 4620 1981 4698 praeficiendo
2004 4620 2116 4682 11111116-

1365 4714 1452 4778 modi
1482 4715 1634 4777 ecclesiae
1657 4729 1826 4793 personam
1856 4714 1970 4775 utilem
1993 4714 2116 4776 661111-

1365 4817 1508 4872 ctuosam
1534 4825 1607 4871 cum
1635 4808 1787 4869 venerab.
1818 4805 1969 4868 fratribus
1996 4809 2115 4869 nostris

1365 4903 1397 4965 S.
1415 4903 1451 4964 R.
1469 4903 1504 4964 E.
1529 4899 1749 4964 cardinalibus
1773 4901 1910 4978 negotiis
1935 4901 2115 4979 Propagan-

1365 4993 1896 5074 daeFideipraepositisbabuimus
1908 4995 2110 5071 diligentem,

1364 5091 1402 5152 ad
1424 5097 1455 5152 16
1470 5089 1526 5167 qui
1541 5089 1716 5168 Episcopus
1735 5087 1910 5149 Thanensis
1926 5089 2113 5167 inpartibus

1363 5184 1543 5246 infidelium
1557 5181 1677 5255 existis,
1693 5187 1725 5243 61
1736 5181 1889 5244 hactenus
1903 5181 2016 5245 Vicarii
2030 5183 2113 5263 Apo-

1363 5276 1467 5339 stolici
1479 5275 1566 5338 illius
1578 5274 1701 5338 insulae
1718 5291 1854 5337 munere
1867 5275 2023 5353 fungeris,
2039 5293 2112 5340 ocu·

1363 5371 1411 5434 los
1427 5371 1543 5433 mentis
1561 5375 1689 5432 nostrae
1706 5371 1894 5432 direximus.
1909 5371 2029 5445 Quibus
2046 5389 2112 5434 om-

1363 5465 1457 5526 nibus
1470 5465 1575 5527 debita
1587 5464 1795 5526 meditatione
1811 5465 1961 5542 pensatis,
1976 5483 2011 5528 ac
2028 5481 2112 5527 eam·

1364 5559 1437 5620 dem
1462 5574 1578 5620 novam
1601 5557 1814 5637 episcopalem
1841 5559 2007 5621 ecclesiam
2030 5560 2112 5621 Hali·

1363 5652 1464 5714 faniae
1487 5653 1525 5716 de
1549 5669 1685 5731 persona
1701 5659 1753 5714 tua
1769 5651 1860 5714 nobis
1877 5659 1909 5714 et
1924 5655 2111 5716 memoratis

1362 5745 1583 5810 Cardinalibus
1607 5747 1646 5809 ob
1669 5753 1798 5808 tuorum
1826 5746 2022 5824 exigentiam
2046 5765 2112 5812 me·
