4822 6986
386 3791 471 3839 nobas
485 3802 559 3846 gene-

346 3845 408 3892 ralis
423 3847 455 3892 ad
478 3846 561 3892 trien·

346 3901 560 4000 ἔιιὶιὲιιιιιιιιιιιιιιι-

367 4166 402 4212 eh
422 4165 481 4212 endi
498 4177 560 4223 qua·

346 4224 406 4264 tuor
432 4221 559 4276 egumeni.

380 4827 488 4874 abbates
507 4837 560 4872 mo-

347 4883 528 4928 nastertorum.

382 5205 502 5260 Quolibet
517 5205 560 5251 tri·

346 5260 423 5306 ennio
450 5259 560 5305 encratis

346 5270 463 5376 cogenda
497 5325 560 5358 con-

346 5371 470 5422 gregatro.

597 541 656 610 402

619 698 687 744 ιιιι.
712 681 762 745 Sic
773 683 925 760 regimini
937 683 1074 746 aliorum
1088 691 1156 746 tum
1169 684 1327 763 spirituali

579 782 648 838 tum
671 777 766 838 etiam
790 777 958 856 temporali
974 778 1171 852 incumbant,
1194 786 1230 840 ut
1245 779 1324 840 nihil

579 869 618 930 de
630 870 788 932 virtutum
804 871 1099 944 exercitationibus,
1113 873 1325 951 propriaeque

578 962 687 1024 salutis
709 964 784 1025 curi
800 964 976 1028 remittant.
993 963 1104 1030 Omnia
1119 967 1230 1044 igitur,
1245 981 1326 1043 quae

578 1056 614 1116 ad
637 1056 821 1134 religiosam
838 1059 1070 1136 perfectionem
1087 1065 1241 1138 spectant,
1259 1077 1326 1122 mo-

578 1149 753 1228 nachisque
765 1167 841 1230 erga
853 1151 981 1214 abbates
994 1159 1026 1215 ιι
1036 1153 1221 1232 superiores
1234 1169 1326 1216 exer-

577 1243 676 1306 cenda
704 1244 960 1323 praecipiuntur,
984 1253 1116 1325 utputa
1145 1247 1326 1310 reddendae

577 1336 790 1402 eonscientiae
818 1339 916 1412 ratio,
941 1356 1088 1404 recessus
1116 1361 1132 1404 ι
1161 1341 1326 1404 communi

578 1429 714 1492 aliorum
737 1433 899 1495 consortio
922 1450 979 1512 per
1001 1435 1123 1513 aliquot
1144 1436 1212 1498 dies
1235 1435 1326 1514 spiri-

578 1523 712 1586 tualium
745 1526 991 1590 meditationum
1024 1530 1133 1601 causi,
1161 1537 1193 1591 et
1222 1537 1327 1592 cetera

579 1615 782 1694 huiusmodi3
812 1635 848 1682 ea
870 1619 908 1682 ab
930 1621 1006 1699 ipsis
1035 1622 1199 1684 abbatibus
1223 1629 1254 1684 et
1275 1639 1326 1684 su-

577 1711 759 1788 perioribus
781 1711 922 1776 facienda
944 1713 1184 1793 intelliguntur.

617 1899 697 1962 Car.
721 1899 757 1962 ll.
774 1933 812 1947 -
829 1901 872 1962 De
893 1903 1047 1984 regimine
1068 1909 1098 1966 et
1118 1905 1155 1966 de
1177 1905 1288 1968 ordine

676 2002 770 2074 etque
789 1999 1044 2078 praeeminentia
1067 1997 1228 2063 abbatem.

618 2201 639 2246 ι.
664 2183 744 2247 Cum
767 2186 900 2260 dodum,
924 2187 980 2250 bei
1003 2188 1130 2250 favente
1153 2190 1263 2266 gratid,
1288 2204 1327 2249 ιιι

579 2281 721 2358 plurium
741 2269 1011 2344 monasteriorum
1025 2281 1151 2345 Ordinis
1167 2283 1266 2346 sancti
1278 2299 1328 2361 pa-

580 2374 636 2436 tris
665 2375 766 2438 nostri
797 2375 927 2438 Antonii
960 2376 1081 2438 unione
1113 2375 1328 2454 congregatio

579 2473 687 2530 nostra
708 2469 741 2530 in
769 2468 905 2532 Domino
934 2469 1103 2543 coaluerit,
1134 2484 1273 2550 cumque
1295 2472 1328 2534 in

579 2563 666 2624 omni
688 2562 771 2626 bene
783 2563 956 2626 constituto
978 2563 1148 2626 hominum
1165 2571 1257 2627 coetu
1274 2583 1328 2628 ne-

578 2672 667 2718 cesse
688 2655 730 2719 sit
749 2673 820 2719 esse
841 2655 994 2734 aliquem,
1011 2657 1064 2720 vel
1087 2659 1182 2721 etiam
1205 2660 1326 2737 plures,

578 2751 632 2827 qui
649 2750 724 2812 boni
736 2750 929 2814 universalis
942 2767 1051 2814 curam
1065 2759 1189 2829 gerant,
1202 2761 1328 2832 praeter

579 2861 632 2906 eos
656 2845 711 2922 qui
726 2847 822 2908 certis
837 2846 1010 2925 provinciis
1033 2854 1065 2910 et
1086 2849 1328 2926 particularibus

579 2939 781 3000 monasteriis
803 2947 966 3017 praesunt,
984 2940 1153 3017 eligendus
1173 2949 1220 3004 est
1234 2941 1329 3004 abbas

579 3032 749 3108 generalis,
774 3033 830 3111 qui
852 3032 937 3096 hunc
958 3033 1018 3096 sibi
1041 3035 1138 3097 finem
1159 3036 1330 3099 constituat

578 3132 615 3188 ut
628 3126 780 3188 universa
794 3125 1011 3204 congregatio
1027 3129 1259 3192 monachorum
1275 3131 1329 3193 be-

580 3235 619 3281 ne
643 3219 855 3296 gubernetur,
880 3227 1093 3284 conservetur
1115 3231 1147 3284 et
1161 3230 1326 3300 augeatur.

619 3331 654 3375 ιι.
671 3313 773 3388 Quare
785 3320 925 3392 potestas
936 3315 1056 3378 abbatis
1073 3317 1231 3392 generalis
1243 3333 1328 3380 sum-

580 3421 630 3468 ma
653 3406 725 3478 erit,
751 3405 841 3468 etad
864 3421 975 3468 omnes
998 3411 1030 3468 ιι
1059 3421 1116 3484 [ιιι
1142 3408 1248 3470 omnia
1271 3425 1328 3486 pro

579 3515 743 3562 sacrorum
777 3515 935 3562 canonum
968 3499 1178 3577 dispositione
1207 3509 1329 3564 nostra·

579 3609 720 3670 rumque
731 3592 998 3656 constitutionum
1011 3595 1206 3674 praescripto
1219 3602 1329 3658 exien-

580 3687 684 3748 (latur.

620 3797 667 3842 ιιι.
692 3779 719 3842 ιι
742 3795 839 3859 porro
861 3781 897 3844 ad
915 3779 1090 3845 triennium
1113 3783 1329 3846 instituendus

581 3881 639 3946 cst,
663 3889 728 3952 quo
750 3873 889 3954 expleto,
904 3875 966 3936 nisi
981 3895 997 3938 a
1012 3878 1263 3954 congregatione
1276 3894 1330 3956 ge·

580 3968 681 4030 norali
696 3969 733 4030 ιιι
749 3969 888 4030 alterum
912 3969 1087 4032 triennium
1104 3971 1326 4044 confirmetur,

580 4063 718 4124 olllcium
742 4063 893 4124 contiuuo
916 4063 1064 4127 dimittat.

620 4172 662 4218 ιι.
686 4155 721 4218 ln
743 4155 922 4218 subsidium
945 4172 1024 4219 vero
1041 4158 1209 4234 regiminis
1233 4175 1329 4236 gene·

579 4249 637 4310 rali
659 4247 773 4322 abbati,
798 4250 830 4310 in
853 4265 922 4311 eam
939 4263 1033 4327 quam
1057 4251 1196 4313 diximus
1219 4253 1329 4331 ampli-

581 4343 737 4416 tudinem,
752 4343 926 4416 commissi,
941 4344 1083 4421 eligendi
1099 4352 1196 4408 erunt
1210 4345 1242 4407 in
1256 4363 1328 4408 con-

580 4437 769 4515 gregatione
799 4437 941 4514 generali
964 4445 1101 4515 quatuor
1130 4439 1326 4517 hegumeni,

580 4547 719 4610 quorum
736 4531 874 4594 officium
898 4531 1017 4610 pariter
1028 4533 1066 4594 ad
1078 4533 1256 4596 triennium
1273 4536 1329 4598 du-

579 4623 671 4697 rabit,
690 4624 749 4686 nisi
764 4624 801 4687 ab
824 4625 935 4688 eidem
958 4625 1210 4704 congregatione
1233 4643 1328 4703 gene-

580 4717 638 4780 rali
660 4719 697 4779 ad
719 4717 858 4781 alterum
880 4719 1057 4782 triennium
1080 4720 1326 4794 continuentur.

619 4829 649 4872 ι.
674 4810 817 4890 Singulis
839 4820 945 4874 autem
972 4815 1144 4892 provinciis
1167 4822 1199 4876 ιι
1221 4831 1328 4876 mona-

577 4906 684 4970 steriis
706 4906 834 4968 abbates
857 4907 1090 4984 praeficiantur,
1113 4923 1251 4984 quorum
1276 4926 1328 4987 po-

580 5007 677 5063 testas
692 4999 786 5062 etiam
804 4999 933 5078 expleto
949 5007 1094 5077 utsupra
1111 5001 1250 5064 triennio
1263 5019 1328 5064 ces·

579 5094 675 5156 sabit:

620 5206 662 5249 ιι.
685 5187 900 5262 Quamobrem
923 5185 1068 5265 quolibet
1093 5187 1233 5250 triennio
1255 5207 1328 5252 con-

580 5282 726 5360 gregatio
749 5282 908 5360 generalis
932 5281 1075 5358 cogenda
1097 5287 1154 5355 est,
1173 5284 1209 5344 ιιι
1232 5298 1327 5360 quam

579 5375 712 5440 vocandi
729 5375 767 5438 ab
782 5375 893 5438 abbate
916 5374 1059 5452 generali
1076 5382 1183 5448 erunt,
1201 5381 1328 5454 praeter

579 5477 717 5548 quatuor
739 5470 941 5546 hegumenus
964 5477 1268 5546 supramemoratus,
1297 5488 1329 5534 o·

579 5566 705 5628 mnium
735 5563 972 5644 provinciarum
996 5570 1028 5624 et
1056 5564 1327 5628 monasteriorum

578 5660 706 5722 abbates
727 5665 822 5734 atque
852 5657 1001 5720 officiales
1023 5658 1161 5720 maiores
1184 5665 1216 5720 et
1237 5667 1328 5736 quot·

579 5760 658 5832 quot
679 5752 781 5814 olhcio
804 5751 975 5830 generalis,
990 5751 1168 5829 hegumeni
1184 5759 1216 5814 et
1237 5753 1328 5816 abba-

619 5971 647 6026 (lt
665 5968 761 6025 supple
775 5970 906 6014 laederetur
922 5969 961 6014 vel
976 5973 1030 6020 ιιαι.

1096 562 1162 612 ltin.
1186 564 1278 612 PON'l'.
1302 560 1343 610 ba
1365 563 1394 612 P.
1419 563 1448 612 li.
1473 565 1557 612 PARS
1578 563 1599 612 l.

1382 683 1421 746 tis
1445 685 1587 748 defuncti
1617 692 1708 757 sunt,
1735 687 1831 748 modo
1854 703 1918 750 nott
1948 685 2077 749 luerint
2101 685 2143 746 ob

1382 777 1505 855 aliquos
1528 778 1671 840 defectus
1694 779 1843 858 depositi.

1422 889 1477 934 ιιι.
1502 872 1603 936 Huius
1626 874 1785 948 generalis
1801 874 2067 952 congregationis
2087 889 2143 952 po

1383 973 1477 1028 testas
1499 965 1532 1028 in
1547 963 1666 1028 Ordine
1688 973 1800 1030 nostro
1822 985 1973 1046 suprema
1995 975 2058 1040 est,
2086 984 2142 1044 ge-

1383 1060 1592 1137 neralemque
1615 1059 1761 1122 abbatem
1784 1067 1816 1124 ct
1832 1061 2040 1138 begumenus
2064 1079 2143 1123 con-

1382 1155 1523 1224 firmare,
1547 1161 1642 1230 atque
1665 1154 1772 1226 etiam,
1795 1156 1822 1216 si
1845 1171 1924 1234 opus
1946 1155 2059 1228 fuerit,
2086 1157 2141 1217 de-

1382 1263 1503 1326 ponere
1527 1252 1642 1324 potest.

1424 1356 1491 1401 ιιιι.
1513 1339 1728 1418 Congregatio
1744 1341 2006 1419 begumenorum
2024 1343 2141 1419 singu·
2169 1357 2319 1465 leffleffiaurntlt

1382 1434 1421 1496 lis
1443 1433 1556 1496 saltem
1579 1435 1791 1498 semestribus
1807 1436 1844 1498 ab
1861 1435 1972 1498 abbate
1988 1436 2141 1514 generali
2162 1406 2167 1449 ¹

1384 1535 1415 1590 et
1436 1535 1573 1606 quatuor
1596 1529 1790 1605 hegumenis
1813 1530 1978 1604 habeatur,
1996 1531 2140 1608 eiusque

1383 1629 1521 1700 potestas
1545 1637 1657 1684 omnes
1673 1629 1706 1684 ιι
1721 1624 1826 1685 omnia
1849 1624 2022 1696 contineat,
2039 1624 2140 1685 salvis

1383 1723 1488 1778 tamen
1513 1717 1673 1794 generalis
1695 1719 1952 1795 congregationis
1981 1719 2138 1780 decretis.

1424 1827 1467 1872 ιιι.
1491 1809 1641 1883 Ottolibet
1661 1827 1744 1874 anno
1773 1812 1981 1888 congregatio
2004 1813 2141 1890 provin·
2205 1827 2324 1898 cangaei...

1384 1905 1449 1966 ciae
1471 1903 1508 1966 ab
1530 1904 1643 1966 abbate
1665 1904 1810 1966 eiusdem
1831 1906 2015 1983 provinciae
2039 1914 2073 1968 et
2090 1923 2140 1968 re·
2160 1888 2290 1934 ¹³¹⁰⁸¹”'''³‘''

1384 1997 1479 2074 liquis
1501 1997 1666 2059 abbatibus
1682 1999 1952 2060 monasteriorum
1975 1999 2141 2061 subiecto-

1384 2106 1457 2152 rum
1486 2089 1547 2170 (l),
1576 2092 1711 2168 eiusque
1740 2097 1879 2169 potestas
1908 2092 1939 2154 in
1969 2094 2139 2171 provincial

1384 2199 1509 2246 summa
1531 2195 1590 2256 est,
1614 2180 1710 2246 salvis
1733 2186 1870 2248 decretis
1896 2186 2015 2248 abbatis
2040 2204 2140 2264 gene-

1384 2278 1458 2340 ralis
1492 2285 1523 2340 ιι
1554 2280 1842 2356 congregationum
1876 2296 2139 2358 supramemora-

1385 2380 1501 2435 tarum.

1425 2485 1455 2530 ιι.
1479 2467 1628 2541 Quolibet
1650 2468 1763 2530 saltem
1787 2483 1898 2530 mense
1925 2470 2139 2546 congregatio
2199 2481 2329 2534 congrecati»

1385 2561 1616 2624 monachorum
1640 2561 1677 2622 ab
1699 2561 1811 2624 abbate
1833 2563 2021 2624 monasterii
2046 2569 2079 2624 et
2094 2580 2139 2624 sa·
2159 2532 2317 2577 ’ΜΝ

1384 2653 1568 2718 cerdatibus
1590 2654 1754 2733 professis,
1769 2671 1849 2732 quos
1865 2656 1959 2718 abbas
1975 2659 2139 2732 generalis

1384 2749 1414 2810 ιι
1436 2748 1637 2810 consultores
1659 2747 1879 2824 assignaverit,
1904 2749 1974 2822 frat,
2001 2750 2139 2828 eiusque

1385 2849 1523 2921 potestas
1545 2842 1577 2903 ιιι
1600 2841 1795 2904 monasterio
1814 2857 1940 2904 summa
1962 2852 2023 2914 est,
2042 2844 2138 2904 salvis

1385 2936 1519 2998 decretis
1532 2937 1820 3014 congregationum
1829 2937 2077 3009 antedictarum,
2088 2937 2137 2999 iis-

1385 3045 1448 3106 que
1477 3028 1640 3098 omnibus,
1664 3045 1746 3106 quae
1768 3029 1862 3092 abbas
1891 3031 2055 3106 generalis
2084 3032 2135 3092 vel

1384 3121 1478 3186 abbas
1502 3123 1685 3201 provinciae
1708 3123 1916 3185 ordinaverit.

1426 3233 1469 3278 ιιι.
1494 3215 1747 3278 Praeeminentia
1769 3216 1889 3278 abbatis
1906 3217 2069 3294 generalis
2085 3235 2137 3302 ex·

1385 3311 1469 3374 cedit
1490 3325 1601 3372 omnes
1630 3309 1767 3371 aliorum
1795 3310 1976 3374 officialium
2007 3313 2135 3389 gradus,

1384 3408 1464 3470 itaut
1492 3407 1607 3470 ceteris
1637 3406 1786 3470 omnibus
1810 3414 1842 3470 et
1869 3409 1939 3472 loco
1962 3415 1996 3470 et
2024 3409 2136 3470 oratioe

1385 3501 1562 3581 praecedat.
1587 3501 1660 3564 Post
1681 3501 1778 3574 huuc,
1797 3509 1934 3579 quatuor
1956 3503 2137 3580 hegumeni

1386 3612 1444 3675 pro
1465 3597 1521 3657 sua
1543 3595 1680 3672 quisque
1710 3595 1876 3658 electionis
1898 3597 2086 3675 prioritate,
2110 3597 2135 3658 si

1385 3689 1565 3768 presbyteri
1595 3705 1707 3750 omnes
1734 3689 1808 3760 sint,
1832 3690 1885 3752 ιιι
1915 3691 2088 3767 dignitate,
2112 3691 2136 3751 si

1385 3783 1455 3860 quis
1477 3798 1591 3844 eorum
1621 3782 1790 3860 presbyter
1813 3784 1946 3845 elalius
1977 3799 2043 3846 non
2068 3799 2136 3862 pre·

1385 3876 1496 3956 sbytcr
1518 3877 1569 3948 sit,
1589 3876 1728 3954 primum
1751 3876 1783 3936 in
1806 3877 2011 3940 consessibus
2027 3885 2060 3939 ct
2074 3878 2137 3938 sul-

1384 3969 2136 4050 fragiisferendislocumtenent3secundum(2)

1385 4064 1587 4141 hegumenus
1614 4077 1693 4124 vero
1722 4063 1850 4126 abbates
1878 4065 2134 4142 provinciarum,

1384 4157 1635 4220 deindeabbates
1649 4157 1918 4220 monasteriorum
1929 4159 2136 4222 iuxtaunius-

1384 4251 1540 4330 cuiusque
1562 4251 1749 4314 monasterii
1775 4251 1984 4329 dignitatem;
2010 4260 2080 4316 turn
2103 4253 2134 4322 ιι,

1384 4346 1439 4422 qui
1452 4345 1553 4408 officio
1569 4345 1718 4408 abbatum
1734 4346 1788 4407 vel
1804 4346 2067 4423 begumenorum
2084 4347 2135 4408 de·

1384 4439 1483 4502 functi
1505 4445 1590 4510 sunt,
1610 4440 1724 4502 eodem
1749 4441 1927 4512 ordinent
1947 4457 2061 4520 supra3
2085 4441 2136 4501 de-

1384 4550 1473 4596 mum
1497 4533 1644 4594 monachi
1667 4533 1812 4610 professi,
1827 4535 1951 4596 servata
1973 4535 2135 4598 intereos

1383 4627 1551 4690 sacerdotii
1580 4627 1736 4704 dignitate
1758 4635 1790 4690 et
1815 4627 2024 4706 professionis
2053 4629 2134 4708 prio-

1384 4721 1487 4783 ritate.

1424 4833 1480 4878 ιιιι.
1506 4814 1538 4877 Si
1560 4816 1687 4892 quando
1709 4822 1817 4878 autem
1835 4817 2009 4893 contigerit
2031 4825 2066 4879 ut
2080 4815 2132 4877 eli-

1385 4907 2128 4987 gaturvicariusabbatumauthegumenorum,

1384 5002 1409 5062 is
1432 5001 1537 5064 locum
1561 5001 1647 5062 illius
1661 5002 1792 5074 tenebit,
1811 5002 1902 5064 cuius
1917 5003 2067 5065 vicariam
2081 5019 2131 5080 po-

1385 5101 1531 5158 testatem
1562 5096 1660 5172 gerit,
1685 5103 1721 5157 ut
1749 5103 1823 5173 puta
1853 5097 1989 5159 vicarius
2015 5095 2130 5158 abbatis

1385 5190 1544 5268 generalis
1567 5191 1708 5268 primum
1731 5189 1837 5251 locum
1855 5197 1929 5252 aute
1946 5207 2057 5253 omnes
2080 5191 2130 5249 hc-

1385 5299 1559 5360 gumenos;
1577 5283 1667 5344 etsie
1683 5283 1721 5344 de
1737 5283 1855 5346 vicario
1872 5283 2127 5360 begumenorum

1384 5383 1417 5438 et
1437 5375 1585 5438 abbatum
1610 5377 1848 5453 provinciarum
1865 5383 1960 5455 atque
1976 5381 2128 5439 monaste-

1384 5472 1520 5533 riorum.
1545 5471 1756 5548 Reliquorum
1779 5486 1858 5534 vero
1885 5471 2073 5541 officiorum,
2096 5473 2128 5528 ut

1384 5565 1548 5628 secretarii
1574 5565 1862 5642 congregationum
1889 5565 2126 5632 antedictarum,

1384 5659 1461 5720 socii
1483 5658 1631 5720 abbatum
1647 5658 1698 5720 vel
1723 5658 1997 5734 begumenorum,
2022 5669 2127 5737 procu·

1384 5753 1499 5814 ratoris
1522 5751 1693 5830 generalis,
1711 5759 1764 5814 aut
1779 5753 1961 5830 provinciae
1983 5751 2050 5813 sire
2066 5763 2127 5810 mo·

1354 5969 1358 6023 1
1425 5967 1453 6024 ιι)
1470 5967 1579 6014 Videtur
1593 5969 1682 6013 deesse
1698 5968 1839 6024 praeposit.
1853 5973 1923 6022 post.
