4822 6986
119 1403 327 1466 Abbatismona-

104 1465 180 1502 sier-n
200 1468 301 1502 muniis.

948 604 1124 654 ehedohtus
1146 604 1196 650 PP.
1221 603 1286 650 xvl.

343 723 575 799 genuflectant,
610 725 744 803 eiusque
779 733 937 804 tamquam
971 723 1090 787 abbatis

343 817 601 880 benedictionem
625 829 765 898 poscant.
782 819 852 898 lpse
874 835 953 882 vero
972 837 987 880 a
1003 835 1091 898 prae-

344 910 512 974 decessore
534 929 592 973 suo
608 913 660 974 vel
676 913 794 974 vicario
817 912 885 974 eius
907 912 1092 974 monasterii

344 1004 486 1080 sigillum
504 1013 536 1068 et
550 1006 728 1068 inventaria
750 1022 861 1067 rerum
882 1007 1027 1068 omnium
1044 1021 1091 1066 re-

345 1099 447 1177 cipiat,
473 1108 641 1178 praesente
663 1100 849 1162 monasterii
871 1099 1091 1177 congregatio-

345 1208 403 1264 ne,
434 1193 524 1255 etin
554 1194 665 1256 cellam
696 1194 798 1257 abbati
828 1193 1019 1256 destinatam
1045 1209 1092 1254 se-

345 1287 446 1348 cedat.

386 1397 433 1442 ιιι.
457 1381 635 1444 Domestica
658 1383 836 1444 ministeria
857 1382 961 1444 statim
989 1382 1093 1443 distri-

347 1472 431 1546 linat,
443 1475 590 1538 officiales
602 1476 726 1553 eligens
738 1476 1093 1553 velconfirmans,quos

346 1568 378 1628 in
401 1566 537 1630 Domino
563 1569 696 1632 idoneos
724 1568 912 1632 iudicaverit
932 1569 1094 1650 (exceptis

347 1661 556 1737 quibusdam,
581 1679 718 1739 (quorum
751 1664 866 1727 electio
888 1665 925 1725 ab
948 1663 1097 1725 abbatem·

347 1754 533 1830 generalem
564 1755 734 1835 pertinet),
760 1765 792 1818 et
812 1774 885 1820 suas
907 1757 1023 1833 cuique
1045 1772 1093 1818 re-

347 1848 438 1923 gulas
461 1849 600 1912 tradens.
629 1848 672 1912 hc
694 1849 798 1928 primo
820 1851 976 1913 vicarium
999 1866 1093 1912 suum

347 1942 533 2016 ‹coristituah
558 1943 674 2004 deinde
704 1959 917 2008 oeconomum
939 1962 996 2007 seu
1023 1961 1095 2023 pro-

347 2043 530 2106 curatorem
546 2039 743 2110 monasterii,
762 2055 837 2121 mox
852 2039 929 2101 alios
949 2039 1096 2101 officiales

348 2129 1096 2207 iuxtaindigentiametoonsuetnoinemcoeno-

351 2224 410 2299 bii;
427 2241 548 2302 eosque
563 2227 739 2288 identidem
755 2225 874 2298 visitet,
893 2233 935 2299 et,
953 2234 1049 2306 prout
1063 2227 1096 2288 in

348 2317 485 2380 Domino
513 2319 620 2382 visum
646 2319 745 2382 fuerit
773 2323 957 2392 convenire,
989 2321 1042 2383 vel
1064 2321 1097 2382 in

349 2412 472 2474 eisdem
494 2413 683 2476 ministeriis
705 2415 846 2477 detineat
866 2416 919 2477 vel
936 2415 973 2476 ah
990 2415 1033 2476 eis
1048 2430 1097 2476 rc-

349 2513 493 2569 moveat:
520 2508 604 2584 quod
627 2507 666 2570 de
689 2508 821 2584 reliquis
845 2508 1029 2570 officialibus
1052 2507 1097 2568 in-

352 2601 565 2678 telligendum
588 2608 646 2674 est,
671 2608 798 2680 praeter
820 2602 975 2663 vicarium
998 2610 1030 2662 et
1047 2617 1098 2663 oe-

351 2711 542 2772 conomum;
571 2697 629 2758 hos
659 2697 744 2758 enim
772 2711 943 2758 removere
973 2695 1096 2773 nequit,

351 2789 411 2850 nisi
435 2805 474 2851 ex
496 2790 630 2853 consilio
652 2791 912 2868 congregationis
928 2791 1098 2853 monacho·

351 2899 435 2945 rum.
460 2885 537 2958 Quia
559 2901 638 2948 vero
660 2887 760 2948 officia
782 2885 948 2962 quaedam,
966 2889 1002 2945 ut
1016 2885 1099 2946 berre

352 2977 438 3049 hant,
463 2979 696 3057 experientiam
719 2979 900 3056 requirunt,
922 2995 987 3040 non
1009 2978 1099 3040 facile

352 3072 469 3133 mutari
496 3071 677 3136 debebunt:
709 3079 741 3134 et
766 3073 799 3134 in
825 3073 886 3134 hoo
915 3071 1100 3133 mutationis

352 3164 533 3227 officialium
563 3165 695 3242 negotio
727 3165 842 3228 vitium
872 3164 1100 3227 inconstantiae

352 3259 485 3320 omnino
507 3258 672 3319 vitandum
696 3265 755 3320 est.

391 3369 433 3412 iv.
458 3351 530 3416 Non
552 3358 657 3430 potest
685 3351 859 3415 monachos
881 3353 920 3415 de
943 3358 1100 3414 monaste-

352 3446 411 3518 rio,
426 3447 476 3508 oui
500 3453 636 3525 praeest,
654 3445 687 3508 in
708 3447 794 3508 aliud
817 3447 1008 3520 transieras,
1032 3447 1098 3518 sed,

351 3540 375 3600 si
399 3555 532 3602 necesse
554 3539 662 3612 luerit,
680 3539 824 3602 consulat
844 3539 933 3618 prius
955 3539 1100 3601 abbatem

353 3633 534 3711 provinciae
557 3639 611 3696 aut
636 3633 780 3694 abbatem
812 3633 1008 3710 generalem.
1040 3633 1101 3694 Pro

353 3727 491 3804 negotiis
513 3742 592 3788 vero
621 3727 808 3788 monasterii
829 3727 1006 3806 suipotest
1035 3744 1101 3790 mo·

353 3821 537 3883 naohumad
549 3819 635 3882 aliud
647 3820 1100 3884 monasteriummitterecum

352 3915 469 3977 litteris
481 3915 750 3976 testimonialibus
762 3915 1102 3992 congregationismo-

353 4009 546 4080 nachorem,
574 4010 606 4071 in
636 4009 752 4087 quibus
781 4027 906 4072 causam
930 4011 1099 4088 significet,

354 4109 386 4163 et
408 4110 535 4180 tempus
557 4103 754 4165 reversionis
770 4104 909 4166 desiniat.
934 4105 1014 4166 item
1036 4121 1099 4166 non

355 4203 459 4273 potest
487 4197 660 4258 monachos
689 4197 875 4259 monasterii
898 4199 948 4260 sui
970 4215 1101 4276 suspen·

354 4291 431 4351 dere
454 4289 507 4352 vel
529 4292 821 4364 excommunicare,
843 4292 896 4354 vel
919 4309 1026 4354 casum
1048 4294 1102 4354 ali-

354 4399 451 4460 quem
481 4385 513 4446 in
540 4384 741 4448 confessione
763 4387 825 4448 sihi
851 4401 1032 4458 reservare,
1056 4387 1103 4448 in-

354 4477 502 4540 consulto
524 4477 635 4540 abbate
658 4479 813 4556 generali.
1074 4559 1076 4566 y

395 4587 424 4632 v.
450 4570 557 4632 Semel
577 4571 692 4634 saltem
715 4572 747 4634 in
760 4588 843 4634 anno
859 4573 969 4636 visitet
983 4589 1104 4652 posses·

355 4664 461 4726 siones
491 4670 522 4726 et
550 4664 631 4728 bona
664 4665 868 4739 monasterii,
900 4673 932 4728 et
960 4667 1105 4744 quolibet

356 4775 467 4820 ratense
489 4759 527 4820 ab
550 4775 726 4821 oeconomo
748 4760 907 4822 rationem
933 4761 1052 4840 accepti
1073 4769 1106 4823 et

357 4853 490 4930 expensi
512 4859 681 4930 praesente
706 4853 825 4916 vicario
854 4855 970 4932 exigat,
1001 4862 1037 4916 ut
1058 4861 1105 4916 to·

359 4948 421 5008 tius
443 4947 629 5009 monasterii
653 4948 935 5012 administrationis
950 4949 1030 5010 ratio
1045 4949 1105 5028 ipsi

358 5048 493 5112 constet,
518 5057 614 5118 quam
637 5042 774 5104 reddere
790 5043 886 5104 debet
907 5057 1106 5120 unoquoque

288 5122 293 5132 “
359 5151 452 5207 anno,
471 5135 572 5197 semel
595 5136 737 5212 quidem,
755 5136 858 5197 abbati
881 5135 1035 5212 generali,
1060 5136 1105 5197 his

359 5235 478 5300 autem,
492 5227 595 5290 abbati
610 5229 804 5307 provinciae.
819 5229 860 5291 Ut
876 5243 955 5290 vero
970 5229 1051 5290 nihil
1066 5245 1106 5290 ex

361 5323 451 5384 honis
468 5323 655 5384 monasterii
670 5323 832 5401 depereat,
847 5323 942 5384 dehet
953 5323 1035 5385 inira
1050 5339 1106 5385 sex

360 5432 487 5478 menses
503 5433 578 5478 suae
591 5415 810 5495 praefecturae
822 5417 980 5479 conticere
995 5418 1108 5479 inven-

360 5511 477 5572 tarium
492 5509 713 5572 authenticum
727 5509 871 5571 omnium
889 5527 1012 5582 rerum,
1027 5527 1108 5588 quae

360 5605 398 5666 ud
419 5603 499 5666 illud
521 5603 711 5666 coenobium
736 5604 910 5682 pertinent,
928 5611 991 5667 tam
1008 5604 1108 5666 mohi-

361 5698 439 5760 lium
464 5713 559 5774 quam
582 5697 812 5760 immobilium:
839 5697 975 5775 eiusque
997 5699 1108 5760 inven-

363 5791 432 5853 tarii
454 5791 517 5852 duo
540 5791 760 5853 describantur
783 5791 944 5869 exempla,
969 5806 1108 5868 quorum

361 5885 499 5947 alterum
515 5891 642 5947 maneat
652 5887 684 5947 in
696 5885 839 5947 archivio
851 5886 1037 5947 monasterii
1050 5886 1110 5947 sub

362 5979 484 6042 duabus
499 5979 640 6042 clavibus
660 5980 693 6041 in
716 5995 780 6058 quo
796 5979 890 6042 etiam
913 5986 1111 6058 reponantur

1817 583 1874 648 tut

1146 737 1258 784 ornnes
1285 723 1461 802 scripturae
1492 723 1633 785 aolidem
1662 721 1892 782 monasterium

1145 823 1336 895 spectantes,
1350 818 1488 880 alterum
1507 817 1740 878 transmittatur
1752 815 1787 876 ad
1804 815 1895 875 abhu-

1146 917 1209 973 tem
1243 911 1425 989 provinciae
1448 911 1500 972 vel
1527 912 1563 971 aul
1586 911 1731 972 abbatem
1763 923 1895 985 genora-

1146 1007 1223 1070 lem.
1240 1008 1346 1071 Dictae
1362 1015 1469 1070 autem
1486 1009 1590 1070 claves
1605 1009 1668 1068 sint
1683 1007 1781 1069 altera
1796 1022 1895 1084 penes

1146 1103 1252 1182 ipsum
1274 1103 1420 1166 abbatem
1444 1109 1498 1164 aut
1520 1101 1588 1163 eius
1610 1101 1777 1172 vicarium,
1802 1107 1834 1162 et
1854 1101 1896 1162 al-

1147 1203 1214 1258 tera
1236 1199 1317 1276 apud
1335 1213 1560 1260 oeconomum.
1586 1194 1651 1258 Sub
1664 1196 1780 1258 iisdem
1803 1195 1896 1257 olavi-

1147 1292 1206 1353 hus
1229 1297 1426 1369 reponantur
1441 1291 1586 1352 redditus
1607 1289 1803 1360 monasterii,
1818 1289 1897 1350 itaut

1147 1386 1222 1447 inde
1245 1401 1285 1446 ne
1306 1385 1404 1462 possit
1419 1384 1544 1446 extrahi
1559 1391 1591 1446 et
1606 1383 1686 1444 nihil
1709 1383 1817 1459 magni
1830 1399 1896 1443 mo-

1149 1479 1250 1540 menti
1272 1479 1410 1556 expendi
1432 1479 1502 1540 sine
1517 1477 1637 1540 abbatis
1659 1491 1716 1538 seu
1739 1476 1849 1538 vicarii
1865 1483 1897 1536 et

1149 1573 1316 1636 oeconomi
1340 1573 1462 1635 notitia.

1189 1684 1232 1728 ιι.
1256 1667 1387 1728 Praeter
1415 1665 1701 1743 congregationem
1727 1665 1897 1726 monacho-

1149 1776 1234 1831 rum,
1249 1775 1330 1836 quae
1351 1759 1464 1821 saltem
1486 1775 1684 1836 unoquoque
1700 1775 1811 1820 rnense
1827 1759 1896 1820 steri

1150 1853 1256 1925 debet,
1281 1853 1410 1915 alternis
1432 1852 1641 1916 hebdomadis
1653 1869 1727 1914 cum
1744 1853 1810 1913 suis
1825 1869 1898 1913 con-

1149 1947 1325 2010 sultoribus
1347 1948 1517 2010 conveniat
1537 1948 1612 2027 (nisi
1635 1963 1743 2026 prore
1760 1946 1898 2008 natatali-

1151 2043 1225 2120 quid
1250 2041 1766 2104 extraordinarieconsultandum
1789 2039 1896 2118 esset),

1151 2138 1255 2213 deque
1288 2135 1531 2198 occurrentibus
1567 2135 1704 2211 negotiis
1733 2151 1806 2196 curn
1836 2135 1898 2196 illis

1151 2238 1232 2308 agat,
1262 2237 1292 2291 et
1322 2243 1533 2306 quamquam,
1565 2229 1603 2289 iis
1635 2228 1765 2300 auditis,
1800 2243 1899 2306 pones

1151 2324 1256 2402 ipsum
1278 2324 1319 2384 sit
1340 2323 1379 2384 de
1401 2322 1537 2399 singulis
1567 2322 1727 2384 statuendi
1756 2322 1897 2392 iacrrltas,

1151 2418 1352 2480 consultores
1368 2423 1474 2478 tamen
1492 2417 1632 2493 henigne
1649 2416 1746 2484 audit,
1765 2423 1796 2478 et
1812 2432 1899 2494 prae-

1152 2511 1244 2589 cipue
1267 2526 1358 2581 eum,
1382 2511 1433 2571 cui
1455 2509 1623 2572 monitoris
1653 2509 1792 2571 officium
1816 2525 1900 2570 com·

1152 2605 1286 2666 missum
1309 2611 1366 2666 est.

1192 2717 1247 2760 vn.
1273 2699 1456 2778 Praecepta,
1482 2698 1581 2762 edicta
1604 2705 1636 2760 et
1657 2697 1780 2760 litteras
1807 2713 1901 2776 supe-

1153 2793 1277 2856 riorum
1300 2792 1473 2869 diligenter
1488 2793 1574 2869 legat
1589 2799 1621 2854 et
1637 2799 1825 2868 exequatur.
1845 2792 1901 2853 lla-

1154 2888 1291 2963 heatque
1314 2886 1433 2948 librum
1456 2885 1489 2946 in
1512 2901 1575 2962 quo
1595 2885 1776 2946 scribantur
1798 2886 1901 2947 visita-

1154 2981 1258 3042 tiones
1281 2979 1467 3042 monasterii
1490 2979 1528 3040 ab
1550 2978 1661 3040 abbate
1684 2979 1826 3054 generali
1850 2986 1903 3040 aut

1154 3073 1337 3152 provinciae
1360 3072 1457 3134 iactae
1480 3078 1511 3133 et
1530 3072 1747 3134 ordinationes
1769 3071 1901 3134 illorum

1155 3167 1288 3230 alicuius
1311 3167 1484 3228 momenti:
1511 3165 1596 3242 legat
1618 3165 1713 3226 etiam
1741 3181 1803 3238 eas,
1827 3181 1903 3242 quas

1156 3261 1381 3340 praedecessor
1394 3275 1471 3321 suus
1487 3258 1704 3332 adnotaverit3
1729 3257 1904 3333 distinguat

1156 3361 1262 3417 tanuen
1284 3360 1454 3433 perpetuas
1477 3353 1589 3423 abiis,
1614 3367 1695 3428 quae
1717 3353 1753 3412 ad
1777 3357 1903 3430 tempus

1156 3449 1244 3510 datae
1267 3447 1410 3508 luerunt.
1435 3447 1632 3518 institutum,
1658 3445 1743 3522 quod
1765 3446 1798 3506 in
1820 3447 1904 3524 regi-

1156 3540 1243 3602 mine
1265 3539 1452 3601 monasterii
1476 3546 1587 3600 tenere
1610 3538 1716 3609 dehet,
1734 3546 1904 3614 cognoscat

1157 3642 1225 3696 tum
1249 3649 1288 3695 ex
1311 3633 1448 3694 lectione
1471 3633 1658 3708 regularum
1681 3639 1744 3693 tam
1761 3649 1904 3695 commu-

1156 3728 1247 3789 nium
1274 3743 1370 3804 qoam
1398 3727 1448 3788 sui
1478 3725 1591 3796 officii,
1615 3733 1648 3787 et
1669 3725 1824 3798 aliorum,
1849 3727 1904 3804 qui

1157 3821 1216 3883 sub
1239 3821 1308 3882 eius
1330 3821 1404 3892 curt
1426 3826 1512 3891 sunt,
1537 3826 1605 3880 tum
1623 3835 1662 3880 ex
1679 3819 1904 3881 observatione

1157 3914 1426 3978 consuetudinum
1440 3919 1643 3991 receptarum
1660 3920 1692 3975 et
1713 3915 1904 3977 executione

1158 4008 1396 4072 ordinationum
1419 4007 1637 4086 superiorum,
1661 4023 1695 4070 ac
1717 4009 1849 4070 demum
1872 4010 1905 4069 in

1158 4104 1254 4165 rebus
1276 4101 1378 4164 dubiis
1401 4118 1441 4163 ex
1463 4117 1596 4162 recursu
1619 4101 1656 4163 ad
1679 4102 1873 4180 superiores.

1198 4214 1266 4258 ιιιι.
1292 4195 1338 4258 Sit
1359 4195 1525 4268 sollicitus,
1543 4213 1583 4257 ne
1598 4197 1747 4268 vicarius,
1772 4213 1906 4259 oecono-

1159 4307 1230 4353 mus
1254 4299 1286 4353 et
1300 4291 1417 4368 reliqui
1434 4291 1582 4352 officiales
1597 4307 1655 4352 suo
1671 4291 1776 4353 desint
1791 4292 1904 4356 officio.

1158 4383 1238 4446 ltem
1260 4391 1361 4458 curet,
1379 4392 1415 4446 ut
1436 4385 1525 4455 ordo,
1543 4400 1613 4462 pax,
1631 4385 1707 4446 unio
1730 4391 1761 4446 et
1782 4385 1906 4446 conlur-

1160 4478 1252 4540 mitas
1280 4485 1431 4540 servetur
1453 4496 1469 4540 a
1491 4479 1655 4540 monachis
1686 4478 1718 4540 in
1746 4478 1843 4550 cella,
1874 4479 1907 4539 in

1160 4572 1269 4642 choro,
1294 4573 1326 4634 in
1349 4572 1530 4644 refectorio,
1553 4579 1584 4633 et
1606 4572 1802 4650 ubicumque
1824 4573 1907 4634 loco-

1159 4682 1245 4726 rum.
1274 4665 1377 4739 Quare
1400 4681 1457 4743 per
1479 4681 1513 4726 sc
1542 4666 1648 4744 ipsum
1670 4665 1723 4727 vel
1748 4681 1806 4743 per
1827 4665 1908 4726 vica-

1160 4759 1246 4820 rium
1268 4759 1376 4821 visitet
1403 4759 1557 4830 chorum,
1583 4758 1722 4822 officinas
1748 4766 1779 4820 et
1801 4775 1908 4821 mona-

1160 4853 1296 4915 chorum
1319 4853 1430 4928 cellas3
1455 4859 1580 4930 portam
1596 4853 1784 4914 monasterii
1806 4853 1909 4915 claudi

1161 4947 1251 5009 laciat
1274 4947 1350 5007 hora
1366 4946 1573 5025 competenti,
1595 4946 1765 5024 clavesque
1781 4947 1840 5008 sibi
1856 4948 1906 5008 vel

1161 5041 1279 5103 vicario
1293 5042 1388 5104 tradi:
1415 5041 1578 5103 discursus
1595 5048 1626 5103 et
1640 5042 1826 5118 vagationes
1843 5057 1908 5104 mo-

1162 5135 1350 5208 nachorum,
1376 5142 1408 5196 et
1429 5135 1568 5196 maxime
1590 5136 1766 5209 iuniorum,
1784 5153 1909 5215 compo-

1162 5237 1245 5304 scat·,
1259 5229 1363 5307 iurgia
1376 5235 1408 5290 et
1419 5229 1642 5291 contentiones
1655 5231 1740 5292 inter
1755 5247 1809 5292 eos
1826 5237 1909 5292 ortas

1162 5329 1347 5401 componat,
1378 5339 1437 5384 nec
1466 5323 1629 5400 permittat
1653 5323 1685 5384 in
1715 5323 1910 5385 monasterio

1163 5433 1233 5479 esse
1255 5433 1359 5488 arma,
1384 5416 1436 5477 vel
1458 5416 1673 5478 instrumenta
1702 5419 1833 5488 musica,
1858 5423 1911 5477 avit

1162 5509 1261 5572 libros
1282 5525 1392 5571 vanos.

1204 5619 1247 5664 rx.
1272 5601 1452 5664 Ordinarias
1476 5609 1599 5665 tantum
1622 5604 1835 5681 poenitentias
1859 5605 1911 5665 de-

1164 5697 1385 5776 linquentibus
1398 5697 1566 5775 imponere
1580 5697 1685 5769 debet,
1701 5713 1781 5774 quae
1793 5698 1825 5760 in
1838 5714 1911 5760 con-

1164 5791 1384 5854 stitutionibus
1406 5790 1619 5869 praescriptae
1644 5797 1731 5852 sunt.
1755 5791 1912 5869 Delegare

1164 5891 1271 5948 autem
1287 5885 1406 5964 poterit
1421 5885 1539 5948 vicario
1553 5891 1590 5947 ut
1605 5901 1656 5946 eas
1672 5884 1740 5962 ipse
1760 5885 1912 5963 praescri-

1164 5980 1226 6052 bat,
1251 5979 1304 6042 vel
1326 5979 1392 6058 legi
1414 5979 1447 6041 in
1469 5979 1640 6042 refectorio
1663 5979 1844 6058 praecipiat.
