4828 6974
102 1289 216 1344 expositio
234 1300 287 1342 pro·

92 1356 146 1390 cnm

909 599 1084 646 caecemus
1105 599 1156 644 PP.
1179 599 1244 645 XVI.

303 717 341 778 ad
361 731 458 778 novas
480 717 649 794 erigendas
668 718 840 790 dioeceses,
858 717 953 779 modo
969 731 1048 777 vero

303 810 340 872 ad
361 809 423 871 iam
453 815 574 872 erectas
604 810 778 889 aptioribus
807 809 962 872 limitibus
990 809 1049 871 cir-

303 901 561 964 conscribendas
589 901 801 973 conteramus,
832 909 927 980 prout
955 917 1049 980 pecu-

304 995 430 1056 liarium
461 1011 599 1072 gregum
628 995 844 1056 commoditati
873 1011 906 1056 ac
935 1010 1048 1056 eorum

304 1088 425 1149 utiliori
440 1087 592 1164 regimini
607 1088 794 1150 noverimus
807 1088 840 1150 iu
852 1087 987 1150 Domino
1003 1105 1048 1150 sa-

305 1180 441 1242 lubriter
462 1180 626 1258 expedire.

344 1273 413 1348 52.
436 1273 535 1336 Porro
564 1273 601 1335 ab
623 1273 660 1334 iis
689 1274 744 1350 qni
776 1273 870 1336 civile
902 1274 1049 1350 regimen

306 1365 412 1427 Novae
443 1366 596 1428 Granatae
617 1367 650 1428 in
673 1366 819 1430 Amerina
851 1366 1049 1428 lleridionali

306 1458 536 1531 administrant,
553 1458 627 1520 alias
642 1461 732 1522 nobis
747 1466 938 1521 reverenter
953 1477 1049 1538 expo-

305 1551 401 1612 situm
422 1551 493 1624 tuit,
517 1567 556 1612 ex
579 1551 684 1614 minus
706 1558 847 1614 accurata
863 1552 1049 1614 delinitione

307 1643 489 1705 dioecesum
511 1644 545 1706 in
566 1660 602 1705 ea
620 1644 742 1706 ditione
757 1644 963 1706 existentium
980 1661 1048 1722 gra-

306 1733 434 1794 vissima
449 1735 526 1796 oriri
541 1735 742 1796 incommoda
754 1734 910 1812 spirituali
923 1751 1049 1798 earum-

306 1827 377 1888 dem
399 1827 616 1904 procurationi
637 1844 671 1889 ac
693 1827 838 1889 fidelium
863 1827 968 1901 saluti,
994 1830 1048 1906 qui

307 1919 422 1981 ibidem
438 1927 690 1982 commorantur.
705 1919 752 1981 lid
767 1921 848 1983 banc
858 1927 966 1983 autem
979 1938 1049 1984 rem

306 2011 572 2089 comprobandam
605 2012 697 2090 plura
718 2013 751 2074 in
774 2013 916 2075 medium
939 2015 1049 2077 311333-

307 2105 431 2176 bantur,
444 2105 560 2181 ingens
575 2105 729 2168 nimirum
745 2107 901 2178 distantia,
916 2122 996 2184 quae
1012 2109 1049 2169 ab

306 2197 536 2275 episcopalibus
557 2197 686 2260 sedibus
708 2199 863 2261 nonnulla
877 2201 1049 2276 regionum

305 2289 432 2351 illarum
461 2291 574 2368 oppida
602 2291 754 2368 seiungit,
779 2291 903 2353 viarum
934 2293 1049 2370 partim

305 2383 447 2444 delectus
465 2383 581 2461 partim
601 2383 777 2456 difficultas,
791 2385 952 2447 montium
963 2401 1050 2464 aspe-

305 2477 397 2548 ritas,
427 2477 558 2538 tlumina
586 2477 803 2539 interfluentia
832 2479 1049 2556 pontibusque

305 2569 342 2630 ad
363 2568 533 2630 transitum
561 2569 724 2642 destituta,
756 2569 929 2633 multitudo
957 2571 1049 2632 silva-

304 2675 377 2722 rum
405 2677 440 2722 ac
468 2661 624 2734 densitas,
655 2662 782 2724 diversa
814 2678 872 2740 pro
902 2663 1048 2726 locorum

305 2754 456 2815 varietate
477 2755 560 2815 aeris
589 2755 711 2826 natu'ra,
736 2771 865 2818 morum
892 2757 1050 2820 dissimili-

305 2845 392 2918 tudo,
412 2846 538 2922 aliaque
553 2846 722 2918 eiusmodi,
740 2848 857 2924 quibus
873 2857 984 2912 mutua
999 2868 1049 2928 pa-

305 2946 425 3000 storem
457 2941 542 3001 inter
565 2945 597 3001 et
625 2955 760 3017 gregem
790 2944 975 3005 communio
996 2947 1049 3007 vel

305 3038 372 3092 erat
391 3031 575 3104 interclusa,
599 3033 651 3094 vel
673 3034 813 3096 maxime
828 3037 997 3110 retardata,
1014 3045 1051 3099 ut

304 3126 439 3203 proinde
470 3141 635 3203 nunquam
665 3126 733 3188 lere
757 3133 892 3205 'possent
920 3131 1048 3206 quidam

305 3225 506 3296 praesentem
528 3219 720 3297 Episcopum
742 3220 874 3292 intueri,
898 3221 949 3284 bic
970 3238 1049 3286 vero

305 3311 432 3373 nonnisi
454 3327 586 3389 perraro
605 3312 730 3373 valeret
743 3327 863 3374 sacram
878 3314 1050 3378 instituere

304 3404 530 3476 visitationem,
553 3405 606 3466 vel
627 3412 864 3467 sacramentum
883 3409 1050 3470 confirma-

304 3497 399 3560 tionis
421 3497 654 3570 administrare,
673 3498 738 3560 imo
755 3499 870 3576 passim
886 3501 996 3563 fideles
1011 3503 1049 3563 iis

306 3591 558 3654 destituerentur
586 3592 722 3664 auxiliis,
750 3608 831 3670 quae
857 3609 978 3672 urgens
1003 3597 1050 3658 in-

306 3687 434 3748 terdum
456 3685 627 3749 necessitas
656 3685 841 3764 postularet.
866 3687 1050 3751 Addebatur

307 3788 470 3859 praeterea
498 3781 538 3842 ob
560 3795 658 3842 novas
691 3795 802 3841 rerum
831 3781 917 3842 vices
940 3783 1049 3844 divisis

306 3873 491 3950 regionibus
512 3873 575 3934 illis
593 3873 678 3934 inter
695 3873 851 3948 gubernia
866 3874 931 3936 illic
946 3891 1050 3954 nuper

306 3966 486 4038 constituta,
510 3981 574 4026 non
597 3981 688 4042 posse
717 3980 776 4026 nec
797 3964 887 4027 lacile
916 3982 975 4028 nec
997 3983 1050 4028 ex·

306 4059 412 4137 pedite
432 4057 631 4136 spiritualem
654 4057 724 4134 geri
738 4057 1049 4122 administrationem

306 4152 539 4230 praedictarum
561 4151 757 4222 dioecesum,
775 4165 855 4227 quae
870 4152 956 4214 civili
974 4153 1051 4215 duo-

306 4261 379 4307 rum
407 4244 605 4321 regiminum
632 4243 717 4305 inter
739 4260 773 4306 se
801 4244 1050 4324 discrepantium

305 4337 516 4402 iurisdictioni
536 4337 716 4398 subessent.

103 4441 289 4500 Ι3313333333
345 4432 414 4508 53.
438 4431 519 4492 llaec
548 4431 697 4507 equidem
731 4447 799 4502 nos,
830 4432 885 4509 qui
913 4433 946 4495 in
968 4433 1051 4498 beati

29 4535 31 4542 ,
93 4503 166 4537 saonis.

307 4524 392 4584 Petri
415 4522 497 4585 Sede
519 4528 679 4600 tamquam
694 4523 728 4583 in
744 4524 873 4602 specula
888 4528 1051 4592 constituti

307 4616 420 4678 ovibus
442 4621 474 4677 et
494 4616 583 4691 agnis
605 4615 696 4676 nobis
729 4615 882 4679 divinitus
904 4622 1051 4682 commis-

305 4709 346 4770 sis
368 4714 524 4786 quantum
539 4723 579 4769 ex
595 4707 658 4768 alto
673 4709 860 4770 conceditur
875 4710 1050 4787 advigilare

307 4803 451 4874 nitimur,
468 4803 523 4863 vix
541 4801 774 4874 intelleximus,
791 4803 980 4880 apostolicae
995 4823 1050 4869 no-

306 4903 389 4958 strae
421 4912 516 4958 curae
547 4901 579 4957 et
606 4895 800 4957 auctoritatis
830 4903 936 4974 partes
965 4898 1050 4961 illico

305 4991 514 5067 interponere
543 4988 758 5062 decrevimus,
788 4989 951 5067 simulque
979 5007 1050 5069 per-

307 5083 482 5160 pendentes
494 5080 657 5159 pastoralis
672 5081 895 5144 sollicitudinis
910 5099 1050 5146 commo-

306 5176 345 5237 do
367 5193 403 5236 ao
421 5175 566 5238 fidelium
588 5174 719 5236 utilitati
739 5177 837 5237 satius
866 5177 1049 5240 consultum

306 5268 385 5340 lore,
410 5267 436 5327 si
458 5266 617 5344 paroecias
639 5267 851 5345 PampeloniS,
876 5267 981 5332 Sancti
1003 5271 1049 5334 lo-

305 5359 395 5438 sepbi
418 5360 457 5422 de
472 5359 602 5432 Gueuta,
620 5359 790 5422 Limonciti
806 5366 838 5423 et
853 5359 959 5423 Sancti
973 5363 1049 5427 Fau-

305 5452 379 5514 stini
401 5453 441 5514 de
462 5452 558 5514 (111133
573 5453 606 5515 in
622 5452 759 5529 praelata
774 5451 881 5515 Novae
896 5453 1050 5519 Granatae

306 5546 426 5609 ditione
457 5546 572 5625 positas
604 5545 889 5624 archiepiscopatui
919 5546 1050 5610 Sanctae

306 5640 392 5703 Fidei
414 5640 453 5702 de
475 5639 595 5716 Bogota
619 5641 902 5716 coniungeremus,
928 5655 1049 5703 merno-

306 5739 385 5794 ratas
418 5740 555 5810 quatuor
586 5733 747 5812 paroecias
781 5732 818 5794 ab
854 5733 1048 5796 Emeritensi

306 5825 454 5898 dioecesi,
471 5825 521 5887 cui
544 5825 725 5886 etiamtum
740 5825 903 5898 suberant,
921 5841 978 5903 per
994 5843 1048 5890 no-

305 5923 383 5980 stras
397 5917 516 5990 literas,
534 5931 671 5995 quarum
687 5916 815 5979 initium
829 5916 867 5978 ln
883 5918 1046 5991 eminenti,

409 6067 462 6118 lter.
478 6066 548 6110 Pont.
564 6064 594 6112 de
611 6067 683 6128 Prop.
699 6064 761 6112 Fide
776 6065 857 6111 Partis
871 6067 888 6112 1.
904 6064 957 6112 Vol.
974 6067 1000 6112 v.

1105 715 1190 778 datas
1212 717 1294 795 apud
1317 715 1468 778 Sanctum
1489 715 1620 778 Petrum
1643 729 1726 777 anno
1748 712 1851 774 lncan-

1105 809 1239 871 nationis
1262 809 1439 871 dominicae
1462 807 1636 870 millesimo
1652 806 1850 882 octingente-

1104 901 1185 962 simo
1208 902 1375 978 trigesimo
1397 907 1512 978 quarto
1532 900 1633 977 pridie
1649 915 1748 960 nonas
1763 897 1849 970 maii,

1105 994 1305 1071 pontificatus
1326 994 1429 1056 nostri
1450 1009 1533 1055 anno
1555 998 1680 1070 quarto,
1700 992 1851 1054 dismem-

1105 1085 1268 1148 bravimus
1290 1103 1324 1148 ae
1346 1085 1524 1158 divisimus,
1549 1100 1665 1162 easque
1698 1085 1742 1146 sic
1764 1083 1852 1146 avul-

1105 1194 1154 1238 sas
1176 1185 1208 1240 et
1229 1185 1386 1257 separatas
1415 1179 1521 1240 eidem
1551 1177 1689 1240 dioecesi
1719 1175 1851 1238 Sanctae

1105 1271 1192 1332 Fidei
1221 1271 1260 1333 de
1288 1271 1408 1348 Bogota
1440 1275 1598 1349 perpetuo
1631 1269 1794 1331 univimus
1820 1275 1852 1331 31

1104 1363 1392 1441 incorporavimus.
1416 1363 1529 1440 Neque
1550 1369 1620 1424 tum
1650 1364 1790 1441 primum
1814 1364 1851 1425 ab

1105 1455 1162 1516 hac
1184 1454 1363 1534 Apostolica
1386 1454 1469 1517 Sede
1483 1456 1649 1516 immutata
1665 1461 1714 1516 est
1728 1455 1852 1518 dioece-

1105 1563 1177 1610 sum
1199 1548 1357 1610 eiusmodi
1376 1548 1559 1626 descriptio,
1576 1548 1718 1625 ipsarum
1734 1547 1852 1610 tinibus

1105 1640 1143 1702 ad
1165 1640 1437 1718 opportunitatem
1459 1657 1493 1702 ae
1514 1640 1659 1702 lidelium
1682 1640 1852 1701 necessita·
1872 1712 1873 1716 Ἰ

1106 1741 1170 1796 tem
1193 1733 1343 1794 redactis:
1368 1732 1501 1794 Romani
1524 1748 1663 1810 namque
1683 1733 1852 1796 Pontifices

1106 1827 1366 1905 praedecessores
1386 1827 1487 1890 nostri
1502 1841 1677 1904 paucorum
1693 1842 1852 1888 annorum

1105 1919 1206 1998 spatio
1220 1919 1254 1980 in
1269 1919 1384 1982 iisdem
1399 1919 1588 1996 regionibus
1604 1925 1740 1996 quatuor
1753 1935 1851 1982 novas
1905 1995 1908 2000 ἣ

1106 2013 1267 2074 dioeceses
1288 2012 1500 2074 instituendas
1523 2018 1687 2090 putarunt,
1715 2012 1751 2075 ad
1774 2027 1851 2089 quas

1106 2105 1274 2182 erigendas
1287 2121 1417 2166 necesse
1429 2105 1490 2168 luit
1505 2105 1706 2168 territorium
1719 2105 1757 2166 ab
1769 2105 1849 2178 aliis,

1106 2213 1187 2274 quae
1207 2198 1270 2258 iarn
1297 2197 1486 2270 existebant,
1511 2198 1662 2270 mutuari,
1687 2203 1719 2259 et
1740 2197 1796 2259 bas
1818 2199 1851 2259 in

1105 2291 1256 2353 arctiores
1278 2289 1435 2352 terminos
1457 2290 1620 2354 cohibere.

1144 2385 1162 2458 ἓ
1184 2384 1212 2444 l.
1236 2383 1301 2444 larn
1322 2397 1402 2445 vero
1424 2385 1461 2446 ad
1482 2385 1695 2446 imitationem
1712 2399 1776 2446 non
1794 2384 1851 2446 mi·
1871 2401 1939 2448 ruem
1956 2405 2081 2458 utsupra.

1106 2492 1165 2538 nus
1181 2476 1323 2548 illorum,
1341 2491 1422 2553 quae
1437 2483 1562 2555 peraeta
1577 2477 1706 2539 lucrant
1720 2479 1753 2538 in
1769 2493 1852 2540 nova

1106 2570 1345 2648 episcopatuum
1378 2569 1551 2642 erectione,
1576 2585 1672 2647 quam
1705 2571 1852 2648 nuperri-

1106 2678 1176 2724 mae
1191 2662 1365 2724 avulsionis
1381 2669 1518 2738 quatuor
1533 2670 1785 2727 memoratarum
1801 2681 1852 2743 pa-

1105 2756 1285 2818 roeciarum
1307 2772 1323 2816 a
1345 2755 1483 2817 dioecesi
1503 2756 1708 2828 Emeritensi,
1726 2773 1852 2820 earum·

1106 2863 1169 2924 que
1190 2847 1449 2925 archiepiscopali
1471 2849 1624 2910 ecclesiae
1651 2848 1852 2912 833313311-

1106 2941 1158 3002 dei
1176 2940 1398 3013 adiunctionis
1414 2941 1527 3002 similis
1542 2942 1731 3020 apostolicae
1747 2943 1852 3020 provi·

1106 3031 1233 3095 dentiae
1261 3031 1341 3094 ratio
1363 3050 1379 3092 a
1400 3033 1492 3095 nobis
1521 3033 1688 3112 implorata
1717 3043 1765 3096 est
1794 3051 1852 3113 pro

1106 3126 1174 3188 aliis
1197 3141 1327 3202 quoque
1349 3127 1521 3204 paroeciis,
1551 3129 1722 3207 inquibus
1747 3138 1852 3210 partes

1106 3219 1159 3281 vel
1181 3219 1276 3280 etiam
1300 3221 1464 3296 graviores
1485 3221 1727 3285 intercederent
1741 3241 1852 3287 causae

1105 3311 1174 3373 illas
1194 3313 1386 3388 segregandi
1408 3329 1424 3374 a
1446 3313 1594 3388 dioecesi,
1624 3317 1676 3378 cui
1707 3317 1852 3395 pluribus

1105 3404 1143 3466 ab
1172 3403 1247 3466 binc
1279 3406 1367 3466 annis
1400 3407 1584 3480 adhaerent,
1609 3416 1641 3470 et
1664 3425 1714 3472 333
1743 3411 1853 3473 adiun-

1107 3498 1203 3575 gendi
1225 3499 1317 3560 alteri
1338 3499 1405 3562 sedi
1428 3501 1608 3579 episcopali,
1625 3503 1774 3581 adquam
1790 3506 1853 3583 pri-

1106 3591 1203 3653 mitus
1223 3592 1438 3668 pertinebant,
1456 3599 1488 3655 et
1504 3595 1536 3655 in
1553 3595 1642 3658 cuius
1658 3597 1774 3660 tinibus
1790 3598 1852 3675 spi-

1105 3683 1228 3746 ritualis
1251 3685 1439 3747 earumdem
1461 3687 1702 3761 administratio,
1718 3690 1851 3752 sublatis

1105 3779 1167 3840 iarn
1189 3777 1439 3851 difficultatibus,
1458 3779 1574 3855 quibus
1592 3781 1658 3858 ipsa
1672 3781 1852 3860 implicaba-

1107 3878 1170 3943 tur,
1200 3871 1380 3949 expeditior
1408 3889 1441 3933 ac
1463 3872 1573 3933 utilior
1603 3875 1765 3938 evaderet.
1789 3877 1852 3939 Hu-

1106 3965 1193 4060 iusce
1214 3965 1262 4026 rei
1291 3964 1391 4040 gratia
1422 3964 1650 4028 instituebatur
1680 3967 1852 4048 descriptio

1107 4057 1327 4135 paroeciarum
1355 4057 1395 4119 de
1416 4057 1566 4128 Tumaco,
1600 4059 1639 4120 de
1668 4059 1850 4135 Barbacoas,

1108 4150 1146 4210 de
1168 4149 1336 4226 lsquande,
1360 4149 1398 4211 de
1421 4147 1520 4227 Guapi
1538 4150 1572 4210 in
1586 4149 1695 4213 littore
1711 4153 1852 4216 fluminis

1107 4241 1252 4303 eiusdem
1283 4242 1433 4314 nominis,
1457 4243 1496 4303 de
1528 4242 1670 4321 lrapiebe
1691 4245 1728 4308 ad
1749 4245 1851 4324 ripam

1107 4334 1248 4396 [luminis
1271 4333 1380 4412 llicay,
1406 4333 1511 4397 Sancti
1532 4335 1668 4414 losephi,
1693 4345 1729 4400 ut
1750 4340 1849 4412 aiunt,

1107 4427 1144 4488 ad
1167 4426 1270 4488 lacum
1292 4426 1464 4503 Timbigni,
1482 4427 1522 4490 de
1537 4428 1619 4504 Zaija
1633 4435 1666 4491 et
1680 4430 1719 4491 de
1735 4431 1848 4510 llicay:

1107 4519 1223 4598 quibus
1239 4519 1495 4596 adiungebantur
1507 4537 1620 4583 omnes
1635 4522 1787 4585 ecclesiae
1802 4541 1853 4602 pa-

1107 4611 1275 4685 rochiales,
1306 4613 1376 4674 vice
1404 4613 1600 4691 parochiales
1629 4621 1661 4677 31
1681 4617 1852 4678 auxiliares

1107 4705 1290 4782 provinciae
1306 4721 1402 4782 quam
1416 4713 1531 4769 vocant
1543 4707 1579 4768 de
1590 4707 1698 4778 Paeto,
1712 4711 1791 4772 sitae
1805 4711 1852 4772 in-

1107 4804 1154 4858 tra
1176 4797 1295 4860 limites
1317 4800 1551 4878 regionemque
1568 4800 1697 4862 ditionis
1712 4801 1851 4880 Neogra-

1106 4892 1256 4963 natensiS,
1281 4897 1313 4953 et
1334 4893 1370 4954 ad
1393 4898 1556 4954 extremos
1571 4893 1651 4955 lines
1667 4893 1851 4956 dioeceseos

1106 4985 1338 5064 Popayanensis
1359 4986 1540 5058 collocatae,
1565 4987 1597 5048 in
1620 4987 1709 5049 cuius
1725 4989 1852 5051 iurisdi-

1106 5079 1211 5140 ctione
1232 5078 1404 5141 manebant
1424 5087 1593 5156 antequam
1610 5081 1647 5143 ad
1665 5071 1852 5154 Quitensem

1106 5173 1281 5234 transirent
1302 5173 1488 5246 dioecesim,
1506 5189 1586 5250 quae
1608 5179 1678 5236 tum
1693 5175 1775 5237 circa
1790 5176 1852 5254 pri-

1106 5265 1238 5326 mariam
1270 5265 1482 5344 episcopalem
1515 5267 1637 5340 sedem,
1669 5273 1738 5328 tum
1771 5269 1853 5330 cirea

1105 5358 1244 5435 reliquas
1256 5357 1366 5437 populi
1379 5364 1483 5436 partes
1499 5360 1669 5437 temporali
1681 5376 1767 5422 nunc
1778 5360 1852 5424 sub·

1106 5459 1155 5514 est
1175 5451 1318 5514 dominio
1340 5449 1545 5529 reipublicae,
1563 5467 1658 5528 quarn
1677 5452 1714 5513 ab
1730 5451 1852 5529 Aequa·

1106 5553 1175 5607 tore
1197 5551 1437 5608 consueverunt
1458 5544 1630 5623 appellare.

1145 5639 1214 5714 §tt
1237 5637 1385 5715 Cumque
1406 5638 1481 5700 binc
1503 5637 1674 5716 postulatio
1696 5640 1790 5700 fieret
1812 5641 1851 5703 de
1917 5653 2083 5700 3333311333

1104 5732 1310 5809 seiungendis
1347 5738 1410 5792 tarn
1451 5732 1635 5794 memoratis
1672 5733 1849 5809 paroeciis,
1871 5705 2082 5806 ssgl’afffitassaffl

1105 5841 1200 5902 quarn
1223 5823 1359 5902 praelata
1381 5823 1544 5901 provincia
1567 5824 1606 5885 de
1628 5824 1718 5886 Pasto
1733 5842 1750 5886 a
1765 5825 1851 5887 dioe·
1870 5812 2069 5888 ⁰⁰⁰⁰⁰⁵⁸l⁰¹¹⁹¹¹l

1105 5919 1169 5980 cesi
1190 5917 1344 5991 Quitensi,
1369 5917 1479 5993 eisque
1500 5916 1709 5994 adiungendis
1732 5919 1850 5996 episco-

1719 6065 1745 6112 ve

1775 575 1832 640 t37
1883 575 1936 628 sn,
1951 577 1981 630 c.
2003 574 2073 626 raes
