4864 6994
333 637 385 688 An.
401 634 429 689 O.
454 629 519 686 raet
571 629 611 694 28

552 767 903 841 excommunicationis,
919 767 1136 846 suspensionis
1152 773 1184 827 et
1198 767 1297 828 inter-

553 862 638 934 dicti,
662 863 794 939 aliisque
818 862 1034 924 ecclesiasticis
1055 860 1208 930 censuris,
1226 875 1297 921 sen-

552 956 660 1017 tentiis
682 963 714 1017 et
735 956 845 1033 poenis
861 955 973 1032 quovis
990 954 1085 1014 mollo
1101 959 1133 1014 et
1147 968 1297 1028 quacum-

552 1064 615 1126 que
638 1050 676 1110 de
698 1065 787 1110 cansa
810 1049 889 1120 latis,
915 1048 938 1108 si
962 1063 1038 1124 quas
1061 1047 1143 1108 lorte
1162 1047 1297 1107 incurri-

551 1142 602 1212 sti,
627 1141 722 1202 buius
753 1149 874 1204 tanturn
897 1141 944 1202 rei
968 1141 1066 1217 gratia
1095 1139 1298 1201 absolventes

553 1243 585 1294 et
606 1234 786 1296 absolutum
811 1235 879 1296 lore
895 1240 1073 1304 censentes,
1092 1239 1143 1294 tua
1159 1233 1297 1310 pruden-

448 1355 453 1368 ·
553 1329 604 1400 tia,
635 1329 831 1405 integritate,
865 1327 1040 1404 vigilantia,
1073 1333 1104 1387 et
1132 1325 1298 1402 religionis

552 1423 622 1483 zelo
647 1423 823 1500 plurimum
845 1421 965 1491 conlisi,
996 1421 1034 1482 de
1057 1418 1123 1480 vv.
1148 1418 1205 1479 FF.
1230 1418 1295 1480 NN.

553 1515 583 1576 S.
608 1516 644 1578 ll.
668 1517 703 1577 E.
727 1514 942 1578 Cardinalium
966 1513 1103 1590 negotiis
1121 1512 1298 1590 Propagan-

553 1609 608 1670 dae
640 1609 728 1672 Fidei
761 1608 1017 1687 praepositorum
1051 1606 1182 1668 consilio
1211 1612 1242 1667 16
1264 1605 1298 1668 in

552 1703 696 1765 eiusdem
718 1703 902 1765 monasterii
922 1700 1126 1762 visitatorem
1143 1699 1298 1778 Apostoli-

552 1814 622 1859 cum
648 1797 762 1858 barum
786 1797 965 1858 litterarum
988 1795 1020 1853 vi
1043 1794 1080 1855 ad
1102 1799 1242 1855 nostram
1267 1801 1299 1853 61

553 1892 647 1952 buius
670 1889 701 1952 S.
726 1889 816 1951 Sedis
845 1889 1045 1950 voluntatens
1074 1887 1297 1949 constituimus

553 1991 584 2046 et
606 1986 807 2062 deputamus,
833 1982 1001 2044 interdicta
1023 1981 1154 2042 interim
1170 1982 1202 2043 in
1218 1981 1297 2042 illud

552 2079 770 2140 iurisdictione
786 2077 976 2138 dilectorum
995 2075 1136 2136 liliorum
1153 2075 1207 2135 ΡΡ.
1222 2073 1295 2136 Ord.

553 2171 583 2233 S.
607 2171 762 2233 Dominioi
786 2169 1040 2231 Praedicatornm
1065 2175 1235 2246 nuncupat.

591 2267 609 2340 ἓ
630 2265 658 2325 2.
684 2264 752 2324 Tibi
777 2269 956 2340 propterea,
974 2277 1047 2322 ven.
1067 2262 1175 2332 irater,
1193 2262 1298 2322 iniun-

552 2357 667 2434 gimus,
691 2363 727 2416 ut
742 2356 862 2417 dictum
878 2355 1108 2416 monasterium
1126 2361 1229 2432 perte
1245 2355 1297 2416 vel

552 2466 609 2528 per
630 2449 739 2519 aliurn,
764 2463 821 2508 sen
845 2447 921 2507 alins
940 2447 1165 2508 ecclesiasticos
1182 2447 1297 2506 virosa

552 2551 583 2604 te
606 2542 784 2619 eligendos,
809 2540 928 2610 visites,
953 2557 986 2600 ac
1008 2540 1041 2622 in
1063 2539 1149 2600 illius
1172 2541 1298 2616 regula-

553 2653 622 2699 rem
657 2635 852 2714 disciplinam
889 2649 1076 2710 annuosque
1112 2634 1234 2694 reditus
1267 2641 1298 2695 et

553 2737 739 2809 proventus,
757 2735 852 2804 atque
875 2727 970 2787 etiarn
986 2727 1066 2798 iura,
1085 2743 1248 2804 expensas,
1267 2735 1299 2788 61

552 2841 603 2886 aes
624 2823 765 2884 alienum
787 2821 812 2881 si
835 2820 911 2896 quid
933 2819 1031 2880 luerit
1052 2821 1234 2891 condatum,
1252 2838 1298 2881 ac-

552 2923 660 2981 curate
682 2916 834 2992 inquiras,
860 2931 893 2974 ac
915 2913 1020 2974 omnia
1043 2898 1123 2990 q'uae
1140 2929 1197 2991 pro
1212 2920 1298 2975 reeta

552 3011 637 3074 illins
660 3008 823 3086 disciplina
838 3014 870 3068 et
885 3007 1085 3068 aeconomica
1101 3007 1298 3068 administra-

552 3105 650 3174 tione,
668 3103 755 3164 iuuta
770 3103 872 3162 datam
896 3099 951 3160 tibi
974 3117 990 3159 a
1009 3099 1144 3161 Domino
1160 3100 1297 3177 pruden-

553 3198 639 3269 tiam,
664 3195 838 3258 necessaria
861 3200 892 3254 61
914 3199 1092 3270 opportuna
1114 3191 1182 3253 iore
1200 3193 1297 3254 1111116-

552 3293 605 3362 ris,
638 3297 766 3360 statuae,
802 3285 1004 3366 praescribas,
1039 3287 1202 3347 decernes.
1232 3285 1297 3372 llos

553 3385 639 3447 enim
659 3383 715 3444 tibi
732 3381 888 3459 quaslibet
902 3379 1065 3440 facultates
1082 3381 1226 3455 gerendi,
1245 3380 1297 3442 de-

552 3478 716 3548 cernendi,
748 3473 940 3551 exequendi,
971 3479 1002 3534 et
1031 3474 1101 3534 fieri
1127 3475 1297 3536 mandandi

553 3571 724 3632 tribuimus
746 3575 778 3629 et
799 3566 1015 3644 impertimur.
1041 3566 1223 3628 blandamns
1245 3584 1297 3628 au-

552 3673 629 3735 tom,
643 3665 676 3724 in
692 3662 812 3734 virtute
826 3667 950 3722 sanctae
967 3659 1177 3732 obedientiae,
1192 3678 1226 3722 ac
1238 3661 1297 3722 sub

551 3757 661 3836 poenis
673 3754 805 3816 arbitrio
821 3759 930 3814 nostro
945 3752 1137 3829 infligendis,
1150 3755 1298 3816 omnibus

551 3850 588 3911 ad
604 3866 683 3926 quos
697 3852 827 3924 spectat,
849 3851 885 3904 nt
900 3851 931 3906 te
946 3845 978 3905 in
995 3844 1199 3908 visitatorem
1217 3847 1297 3926 Apo-

550 3943 698 4004 stolicurn
722 3939 906 4000 monasterii
928 3939 967 4000 de
983 3953 1046 4014 [quo
1063 3941 1168 4015 agitur
1184 3944 1298 4003 consti·

553 4043 657 4098 tutum
690 4043 882 4095 reverenter
914 4033 1068 4110 recipiant
1091 4041 1123 4095 61
1143 4051 1298 4112 recogno-

550 4137 647 4200 scant,
672 4146 705 4190 ac
727 4127 783 4188 tibi
805 4127 838 4188 in
862 4125 1008 4186 onrnibus
1030 4127 1067 4187 ad
1083 4127 1298 4191 visitationem

552 4221 735 4300 huiusmodi
762 4217 977 4297 spectantibus
1007 4219 1139 4281 omnino
1168 4229 1300 4298 pareant

553 4324 584 4377 et
599 4315 827 4391 obsequantur,
846 4317 963 4386 tuaque
977 4311 1116 4372 salubria
1131 4314 1251 4374 monita
1267 4322 1298 4376 et

552 4409 697 4470 mandata
719 4405 886 4466 bumiliter
906 4403 1087 4489 suscipiant,
1113 4411 1144 4466 61
1166 4407 1298 4468 omnino

552 4499 751 4579 adimplenda
781 4503 905 4568 curent,
935 4496 1077 4572 alioquin
1104 4500 1297 4561 sententiam

550 4596 618 4656 sive
640 4609 786 4672 poenam,
811 4606 905 4668 quum
935 4589 997 4650 rite
1027 4591 1139 4651 tuleris
1160 4609 1216 4653 seu
1239 4601 1298 4656 sta-

552 4687 652 4748 tueris
674 4687 707 4747 111
729 4683 877 4754 rebelles,
910 4689 1009 4742 ratam
1040 4683 1238 4757 babebimus,
1267 4695 1299 4748 et

551 4780 702 4842 iaciemus
724 4783 907 4838 auctorante
930 4775 1065 4837 Domino
1084 4793 1186 4854 nsque
1202 4780 1238 4840 ad
1253 4797 1298 4841 sa-

551 4872 762 4933 tisfactionem
784 4867 976 4944 condignam
999 4869 1228 4933 inviolabiliter
1244 4873 1297 4934 ob-

548 4965 681 5026 servari.

590 5062 608 5134 5
629 5059 658 5119 3.
682 5057 752 5120 Non
775 5055 971 5118 obstantibus
997 5058 1184 5134 apostolicis,
1210 5060 1297 5121 acin

550 5151 795 5222 universalibus,
823 5150 1147 5228 provincialibusque,
1173 5159 1297 5230 616111-

551 5245 694 5307 odalibus
725 5243 874 5306 Conciliis
904 5243 997 5304 editis
1026 5246 1240 5320 generalibus,
1266 5255 1297 5307 61

549 5337 737 5418 specialibus
752 5335 1031 5398 constitutionibus
1047 5344 1079 5398 et
1091 5339 1296 5400 ordinationi-

550 5432 619 5503 bnS,
643 5448 701 5493 nec
724 5446 788 5492 non
811 5431 997 5492 monasterii
1027 5431 1178 5508 praedicti
1200 5433 1294 5493 etiarn

550 5525 742 5596 iuramento,
767 5523 1011 5585 confirmatione
1039 5524 1219 5601 apostolica,
1243 5526 1295 5586 vel

550 5617 660 5694 quavis
682 5618 834 5678 firmitate
855 5617 913 5678 alia
942 5616 1098 5677 roboratis
1118 5619 1242 5680 statutis
1265 5625 1296 5680 et

550 5711 850 5782 consuetudinibus,
886 5710 1063 5788 privilegiis
1092 5727 1221 5790 quoque
1249 5713 1295 5774 111-

550 5804 647 5864 dultis
679 5811 711 5864 61
746 5804 862 5866 litteris
897 5805 1074 5882 apostolicis
1107 5807 1139 5866 in
1174 5811 1295 5867 contra·

550 5897 635 5959 rium
652 5898 900 5974 praemissorum
917 5899 1159 5975 quomodolibet
1170 5916 1295 5960 conces-

549 5991 601 6064 sis
619 5991 814 6054 coulirmatis
830 5997 862 6052 et
876 5992 1046 6054 innovatis
1060 5992 1178 6065 Quibus
1194 5993 1295 6053 omni-

1069 649 1133 694 lull.
1158 649 1249 694 PONT.
1275 651 1314 695 DE
1338 651 1366 695 Ρ,
1391 651 1419 696 10⁸.
1445 651 1527 696 PARS
1549 651 1570 695 1.

1352 768 1409 829 bus
1431 775 1463 830 et
1485 767 1620 844 singulis
1641 767 1773 830 illorum
1800 775 1929 829 tenores
1952 781 2099 844 praesen-

1352 861 1435 922 tibus
1459 877 1516 940 pro
1540 862 1633 938 plene
1656 866 1688 921 61
1709 859 1906 922 sufficienter
1929 859 2096 937 expressis,

1351 971 1385 1015 ac
1408 955 1446 1014 de
1462 955 1563 1016 verbo
1579 955 1615 1015 ad
1635 954 1773 1014 verbnm
1789 953 1917 1014 insertis
1932 952 2097 1022 babentes,

1351 1047 1413 1108 illis
1436 1048 1509 1108 alias
1532 1047 1563 1107 in
1585 1063 1643 1106 suo
1670 1047 1786 1108 robore
1810 1046 2036 1124 permansuris,
2061 1046 2098 1107 ad

1352 1141 1599 1217 praemissorum
1633 1140 1782 1201 ellectum
1807 1140 1862 1200 bac
1884 1140 1954 1201 vice
1977 1140 2099 1200 dunila-

1352 1241 1404 1296 xat
1434 1235 1614 1313 specialiter
1644 1241 1675 1295 et
1707 1250 1855 1312 expresse
1886 1234 2095 1308 derogamus,

1351 1328 1530 1404 ceterisque
1553 1327 1720 1388 contrariis
1742 1327 2009 1404 quibuscumque.

1391 1420 1504 1480 Datum
1528 1419 1645 1480 Romae
1668 1421 1750 1497 apud
1773 1418 1804 1480 S.
1825 1419 1957 1480 Petrum
1972 1419 2031 1480 sub
2047 1435 2099 1480 an-

1352 1511 1429 1572 nulo
1451 1512 1614 1573 Piscatoris
1638 1512 1688 1574 die
1711 1529 1764 1572 1111.
1790 1513 1857 1574 dec.
1884 1529 2096 1584 uncocxrnn,

1353 1605 1552 1682 pontificatus
1575 1605 1674 1666 nostri
1697 1621 1779 1666 anno
1803 1623 1823 1665 1.

1678 1979 1771 2040 xxn.

1353 2165 1396 2226 Dc
1419 2165 1659 2246 drclcc'cpa‘acopo
1686 2165 1928 2244 llicropclc'tcuo
1959 2162 2099 2225 llaroni-

1393 2263 1501 2320 tarum
1525 2259 1560 2318 ll.
1581 2259 1614 2318 P.
1634 2259 1671 2319 n.
1689 2259 1791 2320 l'onlo
1815 2257 1934 2318 Aralla
1957 2257 1997 2318 nd
2012 2275 2099 2318 anon-

1393 2357 1452 2411 tcm
1475 2349 1633 2413 Liberorum
1664 2351 1814 2420 coeundo,
1838 2355 1868 2410 et
1889 2351 1925 2410 dc
1945 2351 2100 2430 rapiare-inc

1392 2444 1479 2505 itlius
1502 2445 1650 2506 ccclesiae
1668 2445 1791 2506 interea
1807 2444 1873 2505 clia
1888 2443 2014 2504 rectione
2026 2459 2099 2522 pro·

1391 2537 1547 2598 clarend-0.

1452 2721 1621 2787 Venerabili
1648 2721 1734 2788 tratri
1759 2719 1883 2803 losepbo
1907 2720 1999 2787 Petro

1398 2815 1597 2881 Patriarcbec
1621 2815 1809 2880 Antiocheno
1833 2813 2053 2892 Maronitarum,

1525 2997 1743 3066 succentus
1768 2999 1827 3064 ΡΡ.
1852 2999 1922 3066 llll.

1568 3189 1755 3256 Venerabilis
1778 3190 1885 3268 irater,

1386 3283 1513 3349 salutern
1539 3288 1570 3348 61
1591 3283 1789 3367 apostolicam
1816 3285 2064 3350 benedictionem.

1391 3475 1409 3547 ἓ
1434 3473 1460 3533 1.
1481 3471 1620 3534 Summis
1635 3489 1728 3550 saepe
1744 3473 1890 3535 laudibus
1905 3474 2023 3552 inclyta
2039 3473 2098 3534 Ma-

1352 3566 1530 3628 ronitarum
1561 3567 1645 3628 natio
1673 3585 1689 3627 a
1718 3569 2015 3646 praedecessoribus
2044 3587 2099 3631 no-

1351 3661 1423 3720 stris
1456 3661 1567 3722 eutolli
1600 3661 1775 3738 promerita
1803 3669 1850 3723 est
1879 3663 1918 3724 ob
1947 3664 2097 3724 eximiam

1352 3771 1443 3816 suam
1466 3755 1497 3815 in
1516 3753 1667 3816 catbolica
1683 3755 1745 3816 nde
1762 3756 1938 3832 profitenda
1954 3763 2098 3818 constan-

1354 3849 1427 3910 tiam
1445 3856 1477 3909 et
1496 3847 1694 3924 singularem
1710 3849 1743 3909 in
1760 3847 1910 3910 Summos
1929 3851 2098 3912 Pontifices

1353 3949 1384 4004 et
1407 3943 1486 4003 banc
1509 3941 1625 4003 Senem
1641 3941 1855 4020 Apostolicam
1878 3944 2095 4016 devotionern,

1352 4041 1385 4096 tn
1399 4036 1466 4112 ipsc
1479 4035 1673 4096 venerabilis
1686 4035 1783 4096 trater
1796 4036 1953 4097 maiorum
1966 4043 2097 4098 tuorum

1353 4129 1486 4204 vestigia
1505 4144 1657 4206 premens
1673 4128 1747 4189 buic
1764 4127 1895 4190 Sanctae
1911 4128 1985 4190 Sedi
2000 4131 2099 4191 drmi-

1353 4227 1402 4282 ter
1421 4227 1453 4281 61
1469 4228 1625 4299 perpetuo
1641 4221 1855 4284 adhaesurum
1871 4223 1991 4300 pluries
2007 4224 2098 4284 nobis

1352 4315 1562 4391 spopondisti,
1587 4321 1619 4375 et
1646 4330 1717 4375 cnm
1747 4315 1888 4391 negociis
1917 4316 1956 4376 de
1986 4315 2098 4394 Propa-

1354 4409 1454 4484 ganda
1469 4407 1544 4469 Fide
1561 4408 1710 4484 gerendis
1727 4409 1898 4486 praepositi
1914 4425 2052 4481 eramus,
2067 4418 2098 4472 et

1353 4509 1520 4580 postquam
1543 4501 1617 4562 licet
1637 4501 1792 4562 immeriti
1814 4501 1899 4562 Petri
1914 4503 2097 4564 cathedram

1352 4595 1563 4657 ascendimus.
1574 4595 1772 4672 Quapropter
1784 4593 1876 4656 officii
1886 4596 1998 4666 nostri,
2011 4612 2098 4674 prae-

1353 4688 1509 4766 cipueque
1531 4687 1617 4748 illius
1640 4703 1700 4763 qua
1720 4702 1776 4748 vos
1792 4687 1824 4748 in
1840 4687 1977 4749 Domino
1992 4705 2098 4766 prose-

1353 4781 1484 4858 quimur
1505 4781 1676 4852 charitatis,
1695 4797 1763 4842 csse
1780 4781 1925 4843 ducimus
1948 4781 1980 4842 in
1999 4799 2097 4859 angn-

2131 629 2183 679 An.
2199 629 2228 681 C.
2256 627 2326 681 1831

2147 3479 2319 3522 Prooemium.

1352 4875 1419 4936 stiis
1440 4881 1472 4936 61
1493 4875 1524 4934 111
1542 4873 1637 4934 rebus
1654 4873 1758 4934 dubiis
1771 4873 1861 4933 vobis
1874 4881 2001 4950 praesto
2016 4891 2095 4947 esse,
2167 4877 2174 4892 '

1352 4967 1445 5028 utils
1469 4983 1549 5043 quae
1572 4967 1607 5026 ad
1631 4965 1799 5027 evellenda
1821 4967 1965 5028 scandala
1987 4983 2044 5044 per
2067 4975 2097 5028 te

1352 5061 1455 5138 ipsum
1470 5065 1546 5120 sunt
1561 5060 1772 5130 decernenda,
1794 5059 1984 5136 apostolicae
1999 5061 2098 5121 firmi-

1351 5154 1422 5214 tatis
1445 5153 1545 5214 robur
1567 5153 1709 5214 addatur.

1391 5247 1459 5322 §2
1484 5245 1640 5307 Novimus
1670 5247 1796 5308 dissidia
1823 5255 1854 5308 et
1876 5248 2097 5311 contentiones
2139 5263 2330 5312 1111060161-

1352 5347 1435 5401 ortas
1458 5338 1618 5416 Hierapoli
1639 5340 1724 5401 inter
1747 5341 1901 5418 populum
1924 5348 1956 5402 et
1973 5342 2097 5404 clerum

1352 5440 1383 5493 et
1404 5432 1688 5510 Arclriepiscopnrn
1706 5433 1903 5506 llaronitam,
1921 5451 1955 5495 ac
1970 5451 2098 5496 summo

1351 5526 1447 5586 animi
1471 5526 1572 5586 nostri
1589 5527 1699 5588 dolore
1716 5515 1754 5588 eo
1770 5541 1822 5588 res
1838 5529 2025 5605 pervenisse
2041 5529 2098 5590 sci-

1351 5635 1433 5690 mus,
1458 5625 1494 5678 ut
1512 5621 1729 5680 necessarium
1745 5621 1876 5681 omnino
1892 5621 1933 5682 sit
1948 5629 2098 5700 opportu-

1351 5712 1399 5772 nis
1422 5711 1573 5772 remediis
1595 5711 1795 5788 gravioribus
1812 5713 1903 5774 malis
1919 5729 1999 5789 quae
2015 5715 2098 5775 forte

1351 5806 1428 5867 oriri
1441 5812 1571 5884 possent
1586 5822 1768 5868 occurrere.
1782 5805 1954 5868 Possumus
1967 5807 2097 5883 quidem

1351 5905 1482 5976 propter
1505 5899 1664 5976 potiorem
1694 5899 1778 5960 sedis
1800 5899 1896 5961 buius
1919 5900 2098 5979 principali-

1350 5997 1447 6053 tatem
1477 6008 1513 6052 ea
1543 5993 1729 6064 decernere,
1757 6007 1838 6068 quae
1867 5993 1903 6054 ad
1933 6009 2041 6071 pacem
2065 5993 2096 6054 in

2117 5315 2203 5362 sionis.
