4864 6994
332 564 428 622 1111.
452 564 518 620 1832
569 561 607 632 ta

551 703 606 778 qui
627 702 687 765 sub
702 701 792 764 vobis
806 703 892 774 snut,
916 699 1094 764 animarum
1117 707 1292 774 curatores,

551 802 587 856 nt
602 796 703 857 fidelis
716 796 863 858 Bavariae
876 797 1012 875 populus
1028 795 1186 856 excitetur
1199 795 1236 856 ad
1248 811 1294 856 ca-

552 889 701 951 tholicam
717 890 813 951 fidem
832 896 927 966 atque
946 890 1114 960 unitatem,
1132 895 1294 964 tamquam

550 981 587 1042 ad
610 982 736 1043 unicam
758 982 867 1044 salutis
888 982 971 1043 viam
994 981 1293 1057 ardentiori'usque

550 1074 656 1135 studio
673 1075 924 1147 custodiendam,
942 1083 1037 1151 atque
1050 1075 1128 1136 adeo
1144 1073 1181 1134 11
1198 1089 1294 1135 11111

550 1168 636 1229 111111
668 1168 863 1230 deserendae
895 1168 1075 1246 periculum
1114 1167 1291 1228 vitandum.

549 1260 632 1334 Quae
655 1262 785 1338 quidem
798 1261 969 1324 catholicae
985 1262 1114 1324 unitatis
1137 1260 1293 1322 tenendae

550 1355 722 1415 necessitas
745 1355 800 1416 ubi
823 1355 920 1416 luerit
942 1356 1097 1432 impressa
1118 1354 1151 1415 in
1173 1353 1294 1414 cunetis

548 1446 744 1509 Bavarorum
757 1447 901 1509 fidelium
913 1448 1026 1508 animis
1039 1448 1166 1522 alteque
1179 1447 1291 1516 11111,

550 1539 634 1602 haud
655 1539 745 1602 facile
768 1541 916 1619 deinceps
940 1541 1029 1602 irrita
1052 1546 1148 1601 erunt
1174 1539 1294 1600 monita

548 1639 644 1710 atque
656 1633 904 1705 adhortationes
919 1634 1034 1711 quibus
1047 1633 1130 1711 ipsos
1146 1639 1294 1694 avertere

549 1726 741 1787 conabimini
757 1743 772 1787 a
787 1727 972 1804 nuptiarum
987 1725 1117 1786 loedere
1133 1740 1205 1786 cum
1223 1724 1294 1785 hae-

549 1819 656 1880 reticis
678 1819 921 1895 coniungendo;
945 1825 998 1880 aut
1019 1819 1045 1878 si
1067 1819 1170 1894 aliqua
1196 1818 1293 1878 inter-

549 1914 626 1974 dum
639 1914 744 1990 gravis
760 1930 850 1976 causa
865 1913 1069 1983 interveniat,
1084 1928 1164 1988 quae
1179 1911 1293 1972 mixtas

550 2007 734 2069 huiusmodi
762 2008 887 2086 nuptias
916 2007 1050 2068 suadere
1076 2006 1234 2076 videatur,
1259 2012 1294 2066 ut

548 2100 618 2161 illas
640 2117 704 2162 non
719 2101 811 2162 aliter
827 2100 1025 2170 contrahant,
1043 2099 1104 2160 nisi
1125 2099 1293 2176 1111111111

548 2192 707 2255 Ecclesiae
734 2193 980 2271 dispensatione,
998 2200 1030 2253 et
1044 2192 1290 2264 conditionibus,

548 2301 640 2361 quae,
657 2293 802 2365 utsupra
824 2287 974 2358 diximus,
999 2285 1171 2364 praescribi
1186 2285 1224 2345 ab
1239 2285 1292 2346 illd

547 2379 664 2451 solent,
689 2380 840 2456 religiose
862 2381 1008 2442 servatis.
1038 2379 1189 2440 Vestrum
1211 2379 1292 2440 scili-

547 2479 597 2534 cet
619 2473 758 2536 olhcrum
775 2481 833 2546 est,
851 2479 886 2535 ut
908 2474 1018 2535 fideles
1031 2473 1130 2534 mixta
1151 2472 1204 2533 illa
1219 2487 1292 2533 con-

548 2566 643 2628 nubia
665 2566 747 2629 inire
769 2568 933 2646 cupientes
962 2566 1023 2646 (uti
1045 2573 1077 2627 et
1103 2582 1216 2627 eornm
1240 2581 1292 2642 gc-

547 2659 680 2732 nitores,
715 2660 809 2722 aliive
837 2659 897 2721 sub
929 2675 1068 2736 quorum
1101 2661 1175 2722 11111
1204 2657 1293 2736 1111)

547 2752 742 2814 edoceantur
754 2753 866 2816 sedulo
879 2767 1034 2828 quaenam
1043 2752 1123 2813 circa
1136 2767 1206 2812 eam
1222 2767 1291 2812 rem

547 2864 705 2910 canonum
731 2846 889 2908 sententia
910 2846 964 2917 sit,
997 2846 1203 2922 graviterque
1225 2861 1292 2906 mo-

547 2949 685 3002 neantur
713 2957 753 3002 ne
783 2955 837 3001 eos
860 2939 892 2999 in
915 2937 1090 3015 perniciem
1112 2938 1291 2998 animarum

547 3049 678 3095 suarum
700 3033 903 3113 perfringere
918 3032 1064 3093 audeant.
1081 3029 1183 3103 Quare
1198 3031 1224 3090 si
1239 3047 1291 3092 res

545 3127 589 3188 ita
611 3127 762 3204 postulet,
787 3141 939 3188 revocare
961 3124 993 3185 in
1015 3124 1146 3185 illorum
1169 3139 1291 3185 memo-

546 3222 626 3281 riam
644 3218 804 3297 oportebit
818 3219 1023 3281 notissimum
1046 3217 1126 3279 illud
1137 3217 1291 3278 naturalis

546 3314 737 3390 divinaeque
768 3313 849 3388 legis
881 3318 1098 3390 praeceptum,
1133 3325 1196 3387 quo
1225 3326 1290 3372 non

546 3413 671 3484 peccata
693 3407 809 3478 solnm,
826 3407 882 3468 sed
899 3405 1039 3484 pericula
1056 3405 1203 3466 etiamad
1220 3421 1290 3482 pec-

545 3505 650 3560 catum
663 3499 810 3577 proxime
822 3498 1113 3560 inducentiavitare
1125 3497 1287 3570 iubemur,

545 3592 592 3653 uti
614 3600 646 3653 et
668 3598 874 3670 praeceptum
904 3591 990 3652 aliud
1018 3590 1163 3652 eiusdem
1192 3591 1287 3667 legis,

545 3700 608 3762 quo
636 3684 820 3762 parentibus
847 3683 1038 3759 iniungitur,
1069 3683 1150 3744 filios
1179 3684 1290 3745 educa-

543 3793 579 3839 re
606 3777 640 3838 in
673 3775 835 3853 discipline
862 3781 894 3836 et
926 3775 1129 3853 correptione
1162 3775 1289 3837 Domini

542 3869 674 3950 (Ephes.
699 3867 749 3929 Vl.
773 3867 815 3946 1),
839 3867 976 3944 ideoque
999 3876 1031 3929 et
1052 3868 1182 3929 erudire
1204 3869 1288 3947 ipsos

543 3963 581 4023 ad
603 3977 718 4030 verum
747 3961 804 4022 Dei
826 3961 960 4032 cultum,
989 3961 1043 4037 qui
1072 3961 1220 4022 1111111
1242 3979 1289 4024 11-

544 4055 660 4116 tholical
682 4055 840 4132 religione
862 4061 921 4116 est.
945 4053 1024 4116 Hinc
1042 4054 1288 4118 adhortabimini

544 4147 655 4210 fideles
671 4148 754 4220 illos,
773 4153 809 4209 ut
823 4147 908 4208 serio
923 4149 1122 4225 perpendant
1137 4156 1285 4224 quantam

543 4240 836 4320 supremoNumini
847 4240 997 4301 iniuriam
1010 4240 1133 4312 iaciant,
1149 4248 1181 4302 et
1192 4254 1287 4318 quam

544 4333 720 4394 crudeliter
742 4348 818 4410 erga
829 4349 864 4394 se
880 4331 1071 4409 futurosque
1086 4333 1147 4394 sihi
1168 4332 1287 4394 llberos

543 4425 644 4486 acturi
658 4425 731 4496 sint,
746 4425 801 4486 nbi
817 4425 934 4503 nuptiis
951 4425 1059 4486 mixtis
1074 4431 1200 4486 temere
1215 4443 1288 4487 con·

542 4517 707 4579 trahendis
729 4533 763 4578 11
785 4518 933 4594 filiosque
955 4517 1040 4595 ipsos
1069 4518 1286 4596 perversioris

542 4611 687 4688 periculo
709 4611 920 4672 cornmittant.
952 4609 1056 4686 ltaque
1084 4617 1121 4672 ut
1149 4611 1286 4686 gravitas

542 4703 677 4781 periculi
709 4703 867 4765 eiusmodi
899 4703 1094 4765 luculentius
1127 4711 1284 4781 appareat,

498 4809 499 4814 ’
541 4797 834 4860 commemorabilis
859 4797 973 4858 iisdem
1001 4797 1212 4859 saluberrima
1233 4797 1287 4859 illa

541 4889 781 4968 Apostolorum,
812 4891 941 4952 Patrem
969 4907 1193 4968 canonumque
1219 4907 1286 4953 mo-

542 4983 617 5056 nita,
642 4999 723 5061 quae
744 4985 870 5046 suntde
887 4983 1065 5062 periculosa
1080 5001 1153 5046 cum
1176 4986 1286 5047 haere·

541 5077 610 5138 tacis
632 5077 779 5138 familiari
800 5075 1044 5138 conversatione
1067 5076 1223 5137 evitandi.

580 5172 599 5245 5
621 5169 649 5231 7.
673 5169 714 5231 At
734 5186 813 5231 vero
835 5171 862 5230 si
883 5184 1114 5245 nonnunquam
1144 5170 1285 5247 contige-

541 5263 593 5336 rit,
618 5264 704 5340 quod
726 5263 810 5324 Deus
832 5269 965 5335 avertat,
989 5269 1025 5324 ut
1046 5261 1167 5323 monita
1189 5270 1221 5324 et
1235 5265 1285 5325 ad-

540 5356 737 5419 hortationes
758 5357 944 5418 huiusmodi
964 5356 997 5417 in
1018 5356 1147 5418 irritum
1162 5357 1282 5428 cadant,

541 5456 573 5512 et
595 5450 768 5513 catholicus
798 5450 912 5526 aliquis
938 5450 988 5510 vir
1017 5450 1286 5512 11111111111111-1

541 5545 618 5607 dere
639 5543 720 5606 nolit
735 5562 751 5605 a
765 5559 920 5622 perverso
934 5560 992 5605 suo
1004 5543 1137 5605 consilio
1152 5544 1284 5606 ineundi

541 5638 655 5698 mixtas
677 5637 813 5716 nuptias,
836 5653 900 5699 non
926 5637 1034 5714 petiti,
1057 5653 1115 5698 seu
1141 5653 1205 5698 non
1227 5637 1284 5697 im-

541 5731 661 5807 petrata
677 5730 836 5794 Ecclesiae
852 5730 1088 5808 dispensatione
1102 5729 1156 5791 vel
1171 5729 1284 5791 debitis

540 5823 738 5885 cautionibus
760 5839 943 5885 sensarum
966 5823 1069 5900 aliqua
1083 5822 1285 5902 praetermis-

539 5915 582 5990 si,
606 5921 683 5978 tunc
704 5931 779 5978 sane
799 5917 879 5979 sacri
900 5917 1033 5995 pastoris
1062 5915 1201 5980 officium
1224 5915 1286 5978 erit

1067 579 1132 630 111.
1156 581 1248 629 nour.
1272 573 1363 628 111.
1388 583 1417 628 r.
1441 580 1525 631 rans
1546 573 1567 631 t.

1350 699 1521 775 abstinere,
1546 719 1610 765 non
1636 704 1740 766 solum
1763 721 1779 764 a
1801 701 2006 767 matrimonio
2027 705 2095 784 ipso

1350 794 1405 855 sual
1428 797 1606 873 praesentia
1635 797 1851 870 honestando,
1879 797 1935 860 sed
1963 799 2096 860 1111111

1350 887 1592 962 praemittendis
1608 889 1713 950 eidem
1736 889 2037 966 proclamationibus
2053 897 2095 952 at-

1350 993 1414 1054 que
1436 997 1451 1040 a
1473 979 1737 1043 dimissorialibus
1752 983 1852 1044 literis
1872 984 2092 1045 concedendis.

1351 1071 1503 1134 Vestrum
1525 1080 1632 1134 autem
1656 1081 1714 1146 ost,
1731 1090 1829 1136 veno.
1847 1075 1970 1148 iratres,
1989 1075 2095 1137 admo-

1350 1181 1429 1227 nere
1452 1167 1605 1244 parochos
1621 1185 1654 1228 ac
1677 1167 1738 1229 rite
1759 1168 1797 1229 ab
1819 1168 1933 1230 iisdem
1949 1169 2091 1245 exigere,

1350 1265 1384 1318 nt
1397 1258 1435 1319 ab
1450 1259 1538 1321 omni
1554 1260 1738 1322 huiusmodi
1754 1267 1824 1323 actu
1847 1278 1882 1322 se
1904 1261 2092 1324 abstineant.

1351 1351 1526 1414 Enimvero
1541 1353 1720 1415 animarum
1733 1361 1871 1427 curator,
1886 1355 1988 1431 quise
2002 1355 2094 1416 aliter

1351 1453 1481 1520 gereret
1501 1446 1534 1508 in
1550 1448 1769 1525 praesentibus
1792 1449 1980 1526 praesertim
2000 1449 2093 1510 Bava-

1351 1539 1415 1600 1111
1437 1539 1604 1611 adiunctis,
1622 1540 1797 1619 approbare
1810 1541 2093 1616 quodammodoil-

1350 1629 1449 1692 licitas
1465 1632 1533 1694 illas
1550 1634 1675 1710 nuptias
1697 1633 1778 1696 facto
1792 1650 1850 1696 suo
1867 1633 2044 1708 videretur,
2063 1643 2095 1697 et

1350 1723 1478 1786 illarum
1501 1726 1683 1788 libertatem
1706 1727 1884 1789 animarum
1907 1727 2011 1800 saluti,
2029 1731 2094 1792 imo

1351 1823 1382 1877 et
1397 1818 1470 1879 fidei
1493 1835 1603 1880 causae
1619 1819 1831 1897 perniciosam
1846 1821 1901 1882 1111
1916 1821 1983 1899 1111
1999 1825 2093 1900 11111

1350 1909 1485 1972 foveret.

1389 2005 1407 2078 ἓ
1429 2002 1457 2064 8.
1482 2005 1556 2066 Post
1577 2006 1654 2067 haec
1676 2006 1730 2066 vix
1753 2015 1801 2068 est
1822 2013 1858 2068 ut
1879 2007 1983 2084 aliqua
2004 2010 2106 2080 adda-¹

1350 2112 1420 2158 mus
1443 2099 1481 2158 de
1504 2098 1571 2159 aliis
1592 2099 1655 2160 illis
1679 2101 1776 2176 longe
1803 2101 1998 2177 gravissimis
2021 2103 2093 2164 casi-

1349 2189 1408 2250 bus
1430 2191 1625 2254 matrimonii
1644 2193 1729 2254 inter
1750 2193 1921 2256 catholicos
1937 2203 1969 2257 et
1984 2196 2093 2258 haere-

1348 2283 1425 2344 ticos
1447 2285 1668 2356 contrahendi,
1692 2286 1724 2346 in
1747 2287 1861 2364 quibus
1876 2304 1948 2365 pars
1970 2289 2093 2350 acatho-

1349 2375 1406 2436 lica
1430 2376 1542 2438 haheat
1557 2379 1722 2440 viventem
1738 2379 1841 2441 adhuc
1857 2381 1998 2458 priorem
2021 2389 2092 2444 con·-

1349 2470 1476 2546 iugem,
1502 2489 1518 2532 a
1544 2487 1608 2547 quo
1640 2473 1779 2535 divortio
1807 2475 1950 2536 seiuncta
1983 2475 2090 2537 luerit.

1349 2561 1465 2636 Nostis,
1479 2579 1554 2625 ven.
1570 2564 1695 2638 iratres,
1710 2573 1827 2642 quanta
1842 2583 1881 2627 ex
1897 2567 2006 2629 divino
2021 2569 2093 2630 iure

1349 2655 1389 2716 sit
1411 2657 1544 2718 firmitas
1574 2658 1817 2720 matrimonialis
1845 2660 1976 2732 vinculi,
2008 2663 2091 2738 quod

1349 2749 1488 2826 separari
1510 2751 1648 2812 humana
1676 2753 1862 2814 auctoritate
1886 2770 1949 2814 non
1975 2761 2090 2831 potest.

1348 2840 1450 2914 Quare
1472 2844 1713 2907 matrimonium
1732 2846 1870 2907 mixtum
1886 2846 1919 2907 11
1935 2847 2092 2910 eiusmodi

1349 2934 1469 2996 casibus
1491 2953 1556 2998 non
1578 2939 1674 2999 modo
1695 2938 1806 3000 illicite
1828 2941 2000 3012 tieret,sed
2023 2942 2092 3002 nul-

1350 3027 1417 3088 lum
1451 3045 1582 3106 prorsus
1612 3037 1706 3107 atque
1739 3032 1957 3094 adulterinum
1990 3033 2090 3109 loret3

1349 3127 1575 3199 praeterquam
1591 3124 1617 3183 si
1634 3125 1756 3201 priores
1768 3125 1842 3187 illae
1857 3126 1997 3204 nuptiae,
2015 3142 2091 3204 quas

1348 3213 1507 3275 haeretica
1529 3231 1600 3292 pars
1616 3216 1755 3278 divortio
1771 3217 1937 3280 dissolutas
1953 3235 2024 3281 esse
2040 3237 2092 3282 au-

1347 3312 1464 3378 tumat,
1496 3308 1604 3370 irritae
1637 3309 1768 3372 omnino
1797 3311 1933 3373 luissent
1961 3321 2092 3390 propter

1347 3399 1484 3475 aliquod,
1510 3401 1595 3478 quod
1616 3401 1679 3462 illis
1702 3419 1780 3465 vere
1805 3404 1973 3477 obstiterit,
2001 3423 2092 3468 cano-

1347 3493 1454 3554 nicum
1487 3493 1641 3556 dirimens
1673 3495 1959 3574 impedimentum:
1995 3515 2091 3576 porro

1346 3584 1379 3646 in
1394 3593 1557 3665 postremo
1574 3589 1635 3650 hoc
1650 3606 1721 3652 casu
1737 3605 1801 3652 non
1817 3591 1922 3652 solum
1936 3594 2091 3655 servanda

1346 3682 1638 3754 1111111111111,
1665 3697 1746 3759 quae
1770 3699 1866 3762 supra
1894 3684 1975 3746 dicta
2002 3692 2089 3758 sunt,

1344 3773 1400 3833 sed
1421 3775 1599 3836 cavendum
1629 3776 1759 3855 insuper
1781 3783 1817 3839 ut
1838 3793 1960 3839 novum
1986 3777 2090 3857 ipsum

1344 3867 1588 3929 matrimonium
1610 3885 1674 3930 non
1697 3869 1911 3946 permittatur,
1926 3869 1985 3930 nisi
2007 3878 2091 3949 post-

1346 3974 1441 4036 quam
1463 3979 1553 4023 causa
1577 3961 1672 4039 primi
1698 3962 1850 4023 connubii
1871 3962 1909 4023 ab
1931 3963 2090 4026 1111111111

1346 4060 1434 4130 11111
1456 4055 1518 4116 iam
1533 4061 1625 4116 antea
1647 4055 1718 4116 initi
1733 4055 1859 4132 cognita
1872 4055 1970 4117 luerit
1991 4057 2090 4119 ecole-

1345 4147 1468 4208 siastico
1490 4148 1607 4210 iudicio
1622 4148 1659 4209 ad
1675 4163 1833 4210 canonum
1855 4163 2003 4209 normam
2020 4165 2090 4210 exa·

1345 4247 1406 4310 cto,
1431 4255 1494 4316 quo
1516 4241 1714 4303 connubium
1735 4241 1821 4303 idem
1841 4240 1939 4302 luerit
1960 4241 2098 4304 irritum

1345 4332 1551 4394 declaratum.

1383 4427 1401 4500 ἓ
1423 4423 1451 4486 9.
1476 4425 1557 4488 Haeo
1579 4433 1663 4498 sunt,
1682 4442 1779 4488 venn.
1795 4427 1919 4498 iratres,
1937 4442 2018 4503 quae
2033 4442 2088 4489 vo·

1344 4519 1391 4580 bis
1414 4520 1494 4582 circa
1516 4535 1587 4581 rem
1609 4520 1647 4582 de
1670 4535 1731 4596 qua
1753 4521 1867 4598 agitur
1883 4521 2089 4598 significanda

1344 4613 1538 4674 censuimus.
1560 4613 1685 4674 interea
1701 4629 1765 4675 non
1780 4613 1964 4676 desistimus
1986 4615 2088 4676 Deum

1343 4704 1377 4768 Ο.
1402 4706 1441 4766 Μ.
1465 4706 1598 4768 fervidis
1619 4706 1768 4784 precibus
1790 4707 1959 4780 solicitare,
1977 4715 2013 4770 ut
2031 4723 2088 4768 vos

1344 4805 1376 4860 et
1396 4798 1553 4877 inclytum
1576 4813 1706 4860 omnem
1718 4798 1867 4860 Bavariae
1886 4799 2009 4861 clerum
2025 4799 2087 4860 vir·

1343 4898 1411 4952 tute
1433 4891 1543 4953 induat
1558 4907 1598 4952 11
1613 4891 1687 4963 alto,
1705 4897 1799 4967 atque
1821 4907 1884 4952 una
1905 4907 1979 4952 cum
2000 4891 2088 4953 fideli

1342 4985 1404 5045 isto
1427 4985 1545 5062 populo
1574 4985 1763 5046 1111111111
1792 4990 1879 5060 tegat
1901 4990 1933 5044 et
1958 4983 2088 5046 brachio

1342 5083 1450 5138 sancto
1470 5093 1529 5139 suo
1545 5077 1704 5138 defendat.
1722 5076 1875 5138 Maximae
1890 5083 2008 5150 autem,
2026 5093 2088 5155 qua

1342 5170 1557 5234 fraternitates
1579 5169 1749 5231 vestraein
1765 5169 1900 5230 Domino
1922 5171 2087 5247 prosequi-

1342 5280 1427 5332 mur,
1451 5264 1587 5325 caritatis
1611 5263 1726 5340 pignus
1740 5263 1781 5324 sit
1801 5262 1970 5341 apostolica
1991 5263 2087 5326 bene-

1342 5357 1448 5428 dictio,
1474 5371 1568 5433 quam
1598 5356 1784 5418 memoratis
1812 5371 1941 5432 quoque
1966 5362 2087 5417 vestra·

1342 5467 1414 5512 rum
1438 5450 1634 5512 dioecesium
1663 5450 1787 5511 clericis
1809 5449 1961 5527 laicisque
1987 5449 2087 5511 fideli-

1341 5543 1400 5604 bus
1423 5542 1683 5622 dispertiendam,
1698 5542 1789 5604 vobis
1812 5548 2014 5620 peramanter
2028 5541 2086 5602 im·

1341 5636 1509 5714 pertimur.

2127 559 2238 624 111.
2265 567 2341 619 1111

1380 5727 1494 5790 hatum
1516 5729 1644 5800 Romae,
1669 5729 1751 5807 apud
1768 5727 1798 5790 S.
1816 5729 1948 5790 Petrum
1959 5728 2019 5791 sub
2034 5745 2085 5791 an·
2117 5727 2122 5736 '

1341 5821 1604 5895 nuloPiscatoris,
1617 5821 2083 5884 111111111111111111111111.

1342 5915 1545 5994 pontificatus
1568 5914 1670 5976 nostri
1691 5931 1774 5976 anno
1795 5929 1830 5978 11.
