4788 6980
920 557 1095 604 caesonius
1116 557 1166 604 ra.
1190 559 1256 604 rvr.
1786 537 1843 602 rao
1893 543 1946 594 Aa.
1961 543 1990 594 c.
2014 544 2082 595 mae

318 676 476 755 praeclara
498 683 622 754 accepta
644 683 719 738 sunt
740 676 933 747 testimonia,
952 675 1061 736 oculos
1118 681 1225 736 nostra
1255 675 1443 752 impendere
1469 673 1555 736 licite
1583 673 1703 745 valeat,
1734 672 1861 750 plenam

318 769 434 831 mentis
447 777 573 830 nostrae
585 768 900 842 direximusbuibus
913 767 1062 830 omnibns
1118 768 1232 828 irarum
1252 768 1433 829 litterarum
1448 768 1532 830 serie
1547 767 1720 830 tribuimus
1735 764 1861 828 laculta-

318 869 444 924 mature
465 863 643 940 perpensis,
660 867 692 924 te
709 880 726 923 a
746 861 914 938 quibusvis
936 875 1062 922 excom·
1118 866 1195 922 tem.
1210 860 1366 922 Volumus
1378 867 1495 932 tamen,
1509 866 1541 922 et
1551 861 1663 922 eadem
1675 857 1863 920 auctoritate

318 954 554 1026 manicationis,
568 955 786 1032 suspensionis
802 960 835 1016 et
848 953 1020 1022 interdicti,
1034 969 1062 1013 a·
1119 953 1341 1030 praecipimus,
1365 959 1401 1014 ut
1423 953 1484 1014 nisi
1505 951 1673 1030 receptisa
1691 957 1722 1012 te
1745 965 1802 1028 per
1818 950 1862 1012 di-

318 1047 434 1124 liisque
446 1046 667 1108 ecclesiasticis
682 1047 838 1118 censuris,
851 1046 1019 1108 sententiis
1031 1051 1063 1107 et
1118 1051 1205 1106 ctum
1220 1043 1405 1106 Antistitem
1421 1045 1602 1106 iuramento
1619 1050 1651 1106 et
1662 1043 1862 1122 professione

319 1139 429 1217 poenis
439 1139 553 1216 quovis
564 1139 659 1201 modo
671 1145 703 1200 et
712 1153 914 1215 quacumque
924 1139 963 1200 de
973 1155 1063 1200 eausa
1119 1137 1193 1199 fidei
1214 1138 1399 1199 huiusmodi
1413 1138 1481 1214 ipse
1497 1137 1638 1199 Antistes
1653 1135 1863 1198 consecratio-

318 1231 399 1304 latis,
413 1233 439 1292 si
451 1245 528 1308 quas
541 1231 624 1293 lorte
636 1231 821 1302 incurreris,
832 1231 927 1292 buius
940 1237 1062 1294 tantum
1119 1230 1167 1292 nis
1190 1245 1308 1292 munus
1336 1229 1393 1290 tibi
1418 1229 1626 1307 impendere,
1658 1235 1759 1304 tuque
1783 1227 1863 1290 illud

318 1325 366 1386 rei
389 1324 487 1400 gratia
509 1323 713 1386 absolventes
735 1331 768 1385 et
787 1323 970 1385 absolutum
994 1324 1063 1386 lore
1119 1323 1263 1400 recipere
1292 1321 1589 1400 praesumpseritis,
1613 1321 1698 1382 idem
1721 1320 1863 1382 Antiates

318 1416 834 1486 censentes,eamdemecclesiam
844 1415 1062 1494 Arcbiepiseo
1119 1415 1335 1491 apontiiiealis
1358 1414 1452 1476 olbcri
1475 1413 1640 1486 exercitio,
1656 1419 1767 1474 actam
1783 1412 1861 1490 ipse,

319 1510 423 1588 palem
446 1509 664 1572 Taronensem
686 1511 725 1571 de
747 1525 883 1586 persona
903 1517 955 1570 tna
971 1510 1062 1572 nobis
1119 1523 1214 1585 quam
1244 1516 1278 1569 tu
1300 1525 1316 1570 a
1342 1508 1502 1584 regimine
1531 1513 1563 1568 et
1590 1505 1863 1569 administratione

319 1609 352 1664 et
362 1602 547 1664 memoratis
559 1601 779 1664 cardinalibus
794 1601 834 1663 ob
850 1609 981 1664 tuorum
998 1603 1063 1664 eri·
1119 1601 1325 1664 ecclesiarum
1353 1607 1536 1662 vestrarum
1558 1600 1705 1677 suspensi
1732 1599 1802 1662 sitis
1824 1616 1862 1661 eo

320 1694 459 1771 gentiam
471 1693 664 1756 meritorum
676 1701 811 1771 accepta,
821 1694 861 1754 de
873 1694 1062 1756 eorumdem
1118 1695 1198 1773 ipso.

319 1787 455 1848 fratrum
486 1786 641 1857 consilio,
675 1786 862 1848 auctoritate
893 1785 1063 1863 apostolica
1157 1787 1226 1862 §2-
1249 1785 1320 1847 Non
1342 1786 1541 1848 obstantibus
1568 1784 1747 1863 apostolicis
1775 1803 1810 1848 ac
1830 1787 1864 1848 in
1905 1797 2096 1843 concentusco-

319 1880 538 1957 providemus,
560 1885 656 1955 teque
670 1878 717 1940 illi
732 1879 765 1940 in
780 1879 1061 1956 Archiepiscopum
1117 1877 1355 1940 universalibus
1377 1877 1691 1956 provincialibusque
1714 1884 1746 1939 et
1769 1895 1863 1956 syno
1884 1855 1963 1905 roaaa.

319 1972 521 2051 praeficimus
548 1979 643 2049 atque
666 1979 837 2050 pastorem,
868 1988 989 2043 curam,
1013 1988 1062 2033 re·
1119 1971 1241 2032 datibus
1253 1970 1394 2032 conciliis
1407 1971 1500 2033 editis
1513 1969 1718 2046 generalibus
1730 1970 1782 2032 vel
1794 1987 1864 2048 spe-

320 2064 429 2140 gimen
450 2071 484 2126 et
503 2064 813 2126 administrationem
842 2064 940 2142 ipsius
963 2065 1063 2126 eccle·
1118 2064 1248 2126 cialibus
1260 2062 1862 2136 constitutionibusetcrdinationibus,

319 2157 383 2218 siae
405 2157 462 2218 tibi
482 2157 516 2218 in
537 2157 756 2236 spiritualibus
777 2174 811 2220 ac
834 2158 1063 2236 temporalibus
1117 2157 1316 2234 caeterisque
1337 2156 1504 2219 contrariis
1527 2157 1795 2233 quibuscumque.

319 2250 461 2328 plenarie
483 2251 714 2312 committendo
735 2250 769 2312 in
783 2250 840 2312 illo
855 2251 909 2326 qni
926 2251 977 2312 dat
993 2266 1062 2326 gra·
1157 2251 1270 2311 Datum
1286 2250 1415 2321 Romae,
1433 2249 1516 2327 apud
1533 2248 1563 2310 S.
1581 2249 1713 2310 Petrum
1735 2250 1794 2310 sub
1811 2267 1863 2312 an-

320 2343 395 2404 tiem
418 2349 450 2404 et
470 2341 608 2418 largitur
629 2343 710 2404 dona
732 2343 854 2412 contisi,
879 2343 965 2419 quod
987 2343 1062 2404 diri·
1118 2343 1195 2404 nulo
1217 2343 1341 2414 Placet,
1365 2342 1417 2403 die
1439 2359 1483 2403 ar.
1503 2343 1577 2402 maii
1599 2357 1861 2415 nncccxxxvnr„

320 2443 417 2512 gente
431 2435 568 2497 Domino
590 2441 761 2496 actustuos
777 2434 915 2512 praelata
931 2434 1063 2496 eeclesia
1118 2437 1319 2514 pontificatus
1342 2434 1445 2496 nostri
1466 2450 1549 2496 anno
1573 2451 1642 2495 vrrr.

320 2545 377 2607 per
398 2534 471 2590 tuae
496 2528 790 2606 circumspectionis
819 2527 1009 2589 industriam
1032 2533 1064 2590 et

319 2622 462 2684 studium
484 2621 608 2683 utiliter
629 2637 664 2683 ac
685 2636 838 2700 prospere
860 2621 1017 2697 dirigatur
1031 2629 1063 2683 et

320 2716 352 2776 in
366 2714 585 2794 spiritualibus
597 2731 632 2776 ac
643 2713 873 2791 temporalibus
885 2714 1063 2776 orthodoxa
1409 2713 1573 2776 cxxxiv.

318 2808 434 2884 religio
455 2807 653 2869 incrementa
678 2805 838 2883 suscipiat.
868 2805 983 2882 logum
1005 2807 1064 2883 igi-

320 2899 510 2962 tnrllomini
527 2899 1063 2977 tuisimpositnmhumerisprom·
1119 2897 1245 2978 lpnatt‘e
1267 2897 1436 2978 Pupartna
1464 2897 1557 2959 electo
1588 2895 1734 2979 Arcbiep.
1770 2897 1864 2960 Taro-

320 3003 371 3074 pta
392 2993 565 3056 devotione
586 2992 813 3070 complectens,
827 3008 936 3054 curam
959 3000 991 3054 et
1013 2995 1063 3055 ad·
1158 2993 1250 3053 censi
1265 2992 1389 3054 arment
1403 2991 1487 3052 ritus
1502 2989 1691 3070 superiorib.
1705 2991 1768 3060 tit,
1785 3007 1865 3052 com-

319 3087 587 3149 ministrationem
610 3084 764 3163 praelatas
778 3085 820 3145 ita
838 3085 965 3148 studeas
988 3087 1064 3149 lide-
1159 3085 1259 3146 anittt't
1280 3085 1314 3146 tn
1339 3081 1629 3163 Urbepoattficnlic
1644 3089 1798 3146 evaseras
1813 3099 1862 3144 or-

320 3181 394 3242 liter
415 3179 658 3257 prudenterque
680 3193 851 3248 exercere,
874 3183 911 3238 nt
933 3178 1064 3240 ecclesia
1158 3177 1339 3240 directiones
1366 3177 1464 3240 inacta
1483 3176 1573 3239 illlata
1600 3176 1748 3239 ccclesiae
1777 3175 1862 3237 ritate

320 3272 457 3352 praelata
480 3270 614 3346 gaudeat
639 3287 674 3331 se
696 3269 829 3348 provido
856 3269 1064 3346 gubernatori
1157 3287 1308 3351 peragere
1328 3269 1384 3350 (l).

321 3371 352 3427 et
372 3364 539 3426 fructuoso
559 3361 809 3424 administratori
831 3379 901 3424 esse
916 3363 1064 3442 commis-

320 3473 398 3530 sam,
421 3461 505 3518 actu
525 3460 651 3533 praeter
673 3463 821 3518 aeternae
842 3455 1064 3517 retributionis
1121 3456 1237 3522 niteeto
1268 3455 1332 3522 titio
1359 3454 1536 3538 presbytero
1569 3454 1684 3536 ¹ignatio
1714 3453 1865 3537 Peperine

321 3551 499 3629 praemium
521 3554 663 3610 nostram
686 3563 816 3625 quoqne
831 3555 863 3609 et
878 3546 968 3610 Sedis
982 3547 1065 3626 Apo·
1161 3547 1308 3614 monacho
1332 3547 1501 3614 Antoniano
1517 3545 1714 3613 Benedictinc
1731 3547 1865 3631 Gangre·

1370 2591 1608 2603 *-

321 3643 449 3705 stolicae
464 3641 597 3704 uberius
609 3641 728 3715 exinde
742 3641 895 3718 consequi
911 3643 1064 3702 merearis
1159 3642 1289 3726 patienia
1312 3639 1745 3707 tanente-deetttartatieae.

320 3736 577 3799 benedictionem
600 3743 632 3796 et
651 3734 795 3812 gratiam.
812 3735 980 3796 Praeterea
995 3734 1062 3806 tibi,

320 3837 356 3891 nt
376 3829 414 3891 ad
443 3829 610 3892 ecclesiam
637 3827 820 3905 praelatam,
847 3828 999 3904 quamdiu
1027 3829 1065 3890 ab

321 3922 504 3984 infidelibus
522 3921 730 3992 detinebitur,
751 3921 913 3990 accedere,
933 3927 966 3982 et
983 3921 1065 3998 apud
1394 3919 1511 3985 Dileote
1533 3919 1591 3996 titt,

321 4013 610 4092 eampersonaliter
621 4014 763 4075 residere
773 4012 905 4074 minime
915 4014 1063 4087 tenearis,
1155 4013 1337 4081 salutemet
1362 4009 1559 4094 apostolicam
1582 4009 1832 4092 benedictionem.

322 4110 403 4171 dicta
421 4107 608 4170 auctoritate
627 4107 832 4168 concedimus
852 4113 947 4183 atque
962 4106 1066 4168 indul-

323 4218 447 4280 gemus.
466 4201 534 4262 l'ibi
549 4201 763 4278 insuperata
782 4215 987 4277 quocumque
1003 4215 1066 4261 ma·
1160 4201 1242 4263 ilum
1255 4201 1295 4262 ob
1307 4199 1549 4262 translationem
1565 4214 1639 4262 ven.
1654 4198 1761 4260 fratris
1780 4199 1867 4261 Pauli

323 4296 421 4358 lucris
443 4293 598 4356 catholice
619 4292 771 4354 Antistite
786 4292 917 4354 Sanctae
939 4299 1067 4355 nostrae
1123 4293 1506 4371 llarnscidrelliepiscopi
1521 4292 1738 4356 Chalcidensis
1754 4294 1867 4370 inpar-

324 4387 413 4451 Sedis
437 4387 569 4464 gratiam
586 4393 617 4447 et
632 4387 894 4448 communionem
917 4385 1065 4458 babente,
1123 4387 1208 4448 tibus
1229 4387 1409 4449 infidelium
1428 4387 1466 4448 ad
1488 4387 1597 4448 sedern
1620 4385 1867 4465 archiepiscopa-

323 4481 443 4554 adcitis,
461 4487 494 4542 et
507 4481 541 4542 in
556 4479 617 4540 boc
631 4479 678 4540 illi
694 4479 920 4540 adsistentibus
942 4479 1067 4540 duobus
1123 4481 1187 4542 lem
1198 4479 1409 4558 primatialem
1419 4477 1803 4556 Constantinopolitanam
1815 4479 1868 4541 de·

323 4575 391 4636 aliis
420 4573 584 4651 Episcopis
610 4572 674 4644 vel,
697 4577 856 4650 quatenus
879 4571 911 4632 bi
933 4572 1067 4632 comode
1123 4574 1163 4634 sit
1185 4573 1218 4634 in
1229 4572 1315 4634 Urbe
1337 4571 1511 4649 Episcopus
1527 4570 1699 4632 Armenius
1721 4571 1776 4648 qui
1791 4587 1868 4648 pon-

323 4667 460 4744 reperiri
488 4671 667 4741 nequeant,
701 4663 825 4726 duobus
854 4679 968 4725 eorum
998 4665 1067 4725 loco
1123 4666 1248 4727 tiflcalia
1260 4663 1639 4727 etsacrasbrmenlorum
1653 4665 1868 4748 ordinationes

325 4759 521 4838 presbyteris
549 4757 776 4827 saecularibus,
807 4757 859 4818 vel
887 4755 1067 4819 cuiuscum·
1123 4759 1308 4820 iuxtaillius
1330 4757 1482 4820 ecclesiae
1505 4759 1585 4820 ritus
1601 4765 1741 4836 peragat,
1756 4775 1814 4820 nos
1829 4759 1869 4820 de

1300 3779 1516 3852 caesonius
1539 3783 1598 3851 ΡΡ.
1621 3785 1692 3851 ill.

324 4867 387 4929 que
416 4851 555 4924 ordinis,
586 4849 845 4926 congregationis
871 4855 903 4910 et
931 4849 1068 4911 instituti
1123 4867 1220 4913 venn.
1238 4849 1868 4912 fratrumnostrorumCardinaliomne-

323 4945 528 5022 regularibus
550 4942 689 5004 similem
715 4942 873 5019 praelatae
902 4941 998 5003 lluius
1020 4957 1068 5003 se·
1124 4945 1218 5023 gotiis
1236 4943 1328 5022 Prop.
1350 4942 1438 5006 Fidei
1457 4943 1714 5021 praepositorum
1735 4943 1869 5005 consilio

324 5039 370 5100 dis
393 5037 527 5114 gratiam
540 5042 572 5098 et
585 5035 848 5097 communionem
864 5033 1065 5107 habentibus,
1123 5036 1286 5098 buismodi
1308 5051 1427 5098 munus
1448 5035 1505 5097 tibi
1527 5035 1654 5097 deterre
1670 5036 1866 5112 censuimus,

324 5147 442 5192 munus
464 5129 713 5191 consecrationis
740 5129 886 5206 recipere
911 5126 1014 5188 libere
1037 5133 1069 5188 et
1124 5144 1178 5206 qur
1195 5128 1323 5206 pietate,
1338 5128 1676 5210 doctrina,prudentia
1691 5129 1868 5206 plurimum

325 5224 409 5286 licite
431 5223 533 5300 possis
549 5227 581 5283 et
594 5221 711 5292 valeas,
735 5227 830 5298 atque
853 5220 957 5282 eidem
981 5218 1068 5282 Anti·
1123 5221 1365 5283 commendatus
1381 5237 1414 5281 ac
1428 5227 1499 5282 tuae
1515 5221 1772 5298 congregationis
1786 5221 1869 5300 prio-

323 5317 400 5387 stiti,
417 5321 464 5386 nt,
478 5314 643 5393 receptisa
660 5319 690 5374 te
703 5314 792 5392 prius
807 5313 979 5374 catholicae
994 5313 1069 5374 fidei
1124 5314 1167 5374 ris
1191 5313 1349 5390 generalis
1371 5314 1453 5391 apud
1477 5315 1556 5376 banc
1574 5313 1690 5376 Sedem
1712 5313 1869 5392 Apostoli-

323 5409 524 5488 proiessione
546 5409 633 5469 iuxta
648 5407 799 5469 articulos
822 5405 946 5483 pridem
961 5421 977 5466 a
993 5403 1068 5467 San·
1124 5422 1191 5468 cam
1207 5421 1344 5468 munere
1359 5406 1488 5469 tanetus
1504 5408 1675 5469 maximam
1691 5407 1747 5469 tibi
1762 5408 1869 5470 existi-

323 5511 371 5566 cta
388 5501 470 5564 Sede
492 5501 672 5580 propositos
687 5517 721 5561 ac
737 5505 848 5561 nostro
863 5503 895 5559 et
909 5497 1069 5560 Romanae
1124 5499 1298 5560 mationem
1320 5500 1519 5576 comparasti.
1542 5499 1693 5573 Quocirca
1712 5505 1754 5572 te,
1771 5515 1868 5577 quem

323 5596 482 5659 Ecclesiae
504 5593 635 5656 nomine
657 5593 818 5654 fidelitatis
840 5591 965 5653 debitae
986 5592 1068 5652 iura·
1123 5593 1191 5654 eius
1213 5591 1260 5653 rei
1283 5607 1363 5668 ergo
1385 5607 1443 5670 per
1464 5591 1586 5654 similes
1608 5591 1794 5669 apostolicas
1817 5592 1868 5653 lit-

324 5697 445 5762 mento,
462 5688 659 5768 praedictum
676 5702 794 5748 munus
809 5685 866 5746 tibi
882 5685 1068 5747 auctoritate
1123 5692 1206 5746 teras
1229 5685 1289 5745 boc
1309 5683 1378 5762 ipso
1401 5681 1452 5746 die
1474 5684 1559 5746 datas
1581 5683 1865 5764 Arcbiepiscepum

365 5902 395 5960 tlt
408 5903 445 5946 iix
459 5901 549 5947 eodem
563 5911 618 5956 reg,
633 5899 683 5947 vol.
697 5902 747 5955 lv,
761 5907 819 5955 pag.
833 5899 880 5942 267.
