4828 6974
13 1697 15 1804 1

13 1837 15 1924 t

13 1805 14 1816 ¹
68 1806 200 1860 nepotatio
208 1815 271 1850 exe-

847 569 849 576 '
898 559 1073 608 obscoenis
1094 560 1156 608 PE..
1169 560 1235 609 XVI.

293 680 435 744 terendis
457 679 692 744 canonicatibus
715 685 747 742 et
761 679 952 760 praebendis
968 695 1038 742 ena·

293 774 392 847 mino,
416 773 469 836 uel
491 773 554 836 alio
582 773 807 853 experimento
832 789 890 852 per
911 772 1040 852 Episco-

294 883 371 945 pum
399 869 614 945 designando,
646 868 724 944 quin
753 873 860 932 tamen
888 867 921 930 in
944 884 1039 946 supra

293 967 469 1024 memorata
490 961 769 1024 commendatione
785 961 887 1024 aliena
901 960 981 1032 iura,
999 960 1039 1021 si-

292 1069 373 1130 quae
394 1061 481 1126 sunt,
499 1070 632 1133 prorsus
648 1053 825 1127 laedantur,
844 1063 875 1117 et
890 1053 968 1132 quin
984 1054 1039 1116 bo·

292 1148 425 1212 dieruus
447 1150 604 1228 parochus
624 1149 776 1214 ecclesiae
793 1149 899 1212 Sancti
914 1147 1039 1226 losepbi

292 1258 396 1320 nuper
418 1243 454 1305 ad
477 1244 646 1306 cathedrae
672 1243 858 1322 episcopalis
880 1243 1039 1306 liquorem

292 1343 418 1398 erectae
439 1337 601 1414 praedicto
622 1336 791 1400 concursui
813 1335 971 1399 obnoxius
987 1336 1037 1407 sit,

291 1443 390 1505 quem
411 1429 478 1492 imo
499 1430 537 1492 ad
558 1431 727 1492 decanatus
753 1445 883 1508 quoque
905 1430 1040 1507 dignita-

292 1529 359 1584 tem
381 1539 455 1585 cum
476 1525 657 1586 animarum
679 1541 754 1587 cura
776 1524 845 1586 sine
867 1539 949 1587 nova
968 1535 1039 1603 pro-

291 1616 416 1679 visione
431 1617 628 1690 entollimus,
643 1634 677 1680 ac
691 1619 805 1696 uigore
821 1617 1039 1697 praesentium

292 1709 501 1774 instituimus,

125 1861 143 1880 .,
334 1804 1040 1880 5Elouamobremvenerabiliiratrilusto

58 1865 144 1958 iiim
159 1863 271 1916 ηοω
293 1916 311 1959 3
326 1897 436 1960 Sancta
447 1899 542 1962 illaria
554 1900 594 1962 de
605 1897 668 1962 Oro
681 1900 837 1978 Episcopo
849 1899 1040 1962 Taumacen-

294 1992 320 2052 si
342 1991 539 2071 inpartibus
560 1993 753 2066 infidelium,
777 2009 874 2072 quem
897 1994 930 2056 in
951 2010 1040 2072 prae·

293 2086 434 2148 sentium
457 2087 626 2150 literarum
652 2096 837 2150 nostrarum
864 2094 1040 2166 exequutu-

293 2196 364 2242 rem
376 2180 527 2257 eligimus
538 2198 572 2242 oc
584 2182 787 2260 deputamus,
801 2197 859 2259 per
871 2181 1040 2260 apostolica

293 2274 408 2352 scripta
420 2275 620 2346 mandamus,
632 2279 669 2336 ut
680 2274 749 2352 ipse
760 2289 818 2352 per
829 2291 864 2336 33
876 2273 930 2336 vel
941 2274 1039 2336 alium

294 2368 400 2430 uirum
430 2368 639 2431 ecclesiastica
668 2369 821 2446 dignitate
850 2369 1040 2446 insignitum

293 2462 333 2523 ab
353 2478 391 2523 eo
411 2461 689 2538 subdelegandum
705 2461 760 2524 lias
776 2469 900 2524 nostras
918 2462 1038 2534 literas,

293 2555 349 2616 ubi
371 2563 402 2616 et
422 2555 550 2632 quando
571 2571 650 2634 opus
673 2555 772 2618 luerit
793 2563 847 2618 aut
861 2555 987 2632 quoties
1002 2555 1041 2617 ab

294 2649 333 2709 iis
354 2664 492 2726 quorum
515 2649 650 2712 interest
670 2649 781 2712 veleb
802 2649 910 2726 aliquo
925 2665 1040 2712 eorum

295 2742 392 2804 luerit
419 2743 604 2820 requisitus,
629 2741 819 2806 solemniter
841 2743 982 2821 publicet
1009 2749 1041 2804 et

295 2843 484 2912 exequatur,
498 2853 532 2900 ac
548 2835 653 2898 omnia
670 2842 701 2898 et
715 2835 842 2912 singula
857 2836 890 2898 in
906 2835 951 2898 eis
967 2852 1040 2898 con·

294 2934 381 2992 teum
402 2928 492 2991 iaciat
510 2929 697 2992 auctoritate
713 2935 821 2992 nostra
836 2928 879 2990 ab·
891 2929 1040 2992 omnibus

295 3023 333 3084 ad
353 3037 433 3099 quos
456 3028 577 3101 spectat
598 3031 629 3084 et
651 3040 710 3102 pro
726 3030 872 3102 tempore
887 3022 1040 3101 spectabit

294 3115 523 3180 inuiolabiliter
539 3117 714 3189 obseruari,
731 3123 827 3194 atque
841 3124 878 3180 ut
893 3123 956 3178 tarn
972 3117 1039 3195 ipse

294 3223 390 3286 quarn
413 3224 549 3286 persona
570 3209 608 3272 ab
630 3227 668 3272 eo
690 3209 927 3287 subdeleganda
942 3226 1040 3288 super

295 3318 497 3382 quacumque
527 3303 727 3382 oppositione
748 3303 781 3364 in
803 3310 874 3366 ectu
897 3319 1039 3381 exequu-

295 3395 391 3458 tionis
410 3396 654 3473 quomodolibet
675 3397 796 3459 oritura
817 3397 912 3460 etiam
929 3398 1039 3460 delini-

295 3489 374 3562 tivo,
394 3497 426 3552 et
448 3505 650 3567 quacumque
669 3489 882 3569 appellatione
903 3497 1037 3563 remota,

295 3584 508 3661 pronunciare
530 3583 633 3646 libere
654 3590 686 3645 et
706 3583 791 3646 licite
814 3584 914 3663 possit
935 3591 974 3670 et
987 3599 1039 3646 ua-

295 3677 367 3750 leat,
390 3677 640 3740 contradictores
663 3677 824 3756 quoslibet
845 3695 879 3739 ac
900 3678 1040 3740 rebelles

296 3786 355 3848 per
374 3771 567 3844 sententias,
599 3787 750 3834 censuras
779 3787 962 3851 poenasque
991 3788 1040 3833 ec-

296 3863 493 3936 clesiasticas,
517 3865 641 3941 aliaque
663 3865 742 3927 iuris
765 3872 797 3928 et
812 3865 882 3927 iacti
897 3864 1040 3928 remedia

296 3958 538 4036 compascendo,
548 3958 696 4020 invocato
705 3959 801 4021 etiam
813 3959 838 4020 si
851 3973 931 4038 opus
943 3957 1041 4021 luerit

296 4051 414 4112 auxilio
435 4051 557 4112 brachii
577 4053 760 4127 saecularis,
781 4054 909 4132 plenam
926 4059 958 4116 et
974 4068 1040 4115 cm-

296 4143 457 4206 nimmiam
490 4143 674 4208 laenitatem
709 4147 914 4209 concedimus
945 4153 1040 4222 atque

296 4238 484 4316 elargimur.
508 4239 621 4302 Eidem
638 4238 794 4320 Episcopo
810 4239 1040 4303 Thaumacensi

296 4333 507 4410 praecipimus
523 4338 555 4394 et
569 4334 768 4407 mandamus,
785 4341 821 4397 ut
834 4334 1039 4412 singulorum

295 4432 439 4488 actorum
460 4425 493 4489 in
521 4427 739 4506 praesentium
769 4427 938 4491 literarum
967 4443 1040 4491 exe·

296 4520 451 4596 quutione
484 4521 757 4591 conficiendorum
790 4523 955 4600 exemplar
987 4538 1040 4584 au-

295 4613 474 4676 tbeuticum
500 4613 583 4676 intra
611 4631 733 4678 annum
754 4615 792 4678 ab
815 4616 941 4694 expleta
961 4615 1042 4694 ipsa·

296 4723 369 4768 rum
386 4708 603 4784 exequutione
615 4709 654 4770 ad
668 4707 749 4770 banc
760 4707 974 4787 apostolicam
987 4707 1040 4770 Se-

297 4799 377 4860 dem·
386 4800 589 4872 transmittat,
602 4801 749 4878 illudque
761 4801 794 4863 in
806 4802 948 4864 archivio
959 4801 1040 4864 Con-

297 4894 493 4972 gregationis
509 4894 608 4956 rebus
622 4895 894 4957 consistorialibus
909 4911 1040 4975 praepo·

296 4986 373 5048 sitae
395 4987 546 5048 demere
568 4987 725 5050 asservari
746 4987 908 5050 volumus.

75 5091 278 5192 ,ffffgissffigiff
336 5079 355 5154 ἓ
375 5078 425 5140 22.
449 5079 637 5142 Praesentes
653 5087 761 5142 autem
776 5080 885 5142 literas
902 5089 934 5144 et
946 5082 982 5144 in
995 5083 1041 5144 eis

13 5257 14 5264 ἵ
75 5202 119 5243 „m
135 5201 248 5245 „spana
297 5177 444 5236 contentu
465 5188 697 5251 quaecumque,
715 5175 811 5236 etiam
834 5192 873 5237 en
895 5192 933 5238 eo
955 5179 1041 5255 quod

296 5269 317 5329 ii
340 5283 478 5346 qnorum
507 5267 657 5340 interest,
682 5275 737 5330 aut
756 5267 913 5332 interesse
934 5279 1042 5348 posset

296 5362 329 5424 in
349 5362 508 5434 futurum,
524 5363 628 5422 vocati
650 5369 682 5424 et
702 5363 800 5425 auditi
823 5379 888 5426 non
906 5363 1039 5439 luerint,

297 5462 350 5517 ani
375 5454 559 5534 praemissis
587 5470 652 5516 non
680 5456 920 5529 consenserint,
950 5457 1041 5520 nullo

297 5563 438 5626 tanquam
460 5555 608 5627 ternpore
630 5547 669 5611 d'e
687 5549 904 5628 subreptionis
918 5550 972 5613 vel
987 5551 1041 5614 ob-

296 5640 451 5719 reptionis
474 5646 528 5702 aut
549 5640 703 5702 nullitatis
725 5640 803 5703 uitio
818 5658 877 5703 seu
892 5641 1041 5706 intentio

297 5735 344 5796 nis
366 5741 494 5796 nostrae
517 5733 643 5796 deiectu
658 5735 773 5806 notari,
789 5735 973 5814 impugnari
987 5737 1041 5799 uel

296 5826 329 5889 in
350 5827 603 5890 controversiam
628 5827 735 5890 vocari
757 5843 869 5908 posse;
892 5827 948 5889 sed
970 5843 1041 5906 pcr-

296 5929 392 5998 petuo
413 5921 533 5983 validas
553 5927 585 5983 et
600 5921 741 5984 efficaces
757 5921 897 5983 existere
913 5927 944 5982 et
957 5919 1038 5996 iore,

1767 541 1826 612 lib
1874 543 1927 596 nn.
1942 547 1972 597 c.
1994 546 2064 600 1834

1094 694 1236 758 suosque
1248 679 1408 759 plenarios
1425 685 1458 744 et
1475 679 1618 758 integros
1631 679 1843 742 3133133333-

1094 772 1146 834 tiri
1170 779 1203 834 et
1220 772 1388 848 obtinere3
1416 771 1526 850 sicque
1548 779 1580 834 et
1601 787 1666 834 non
1688 771 1763 833 alias
1786 787 1843 850 per

1096 883 1318 946 quoscumque
1336 867 1457 932 iudices
1480 867 1658 930 ordinarios
1680 865 1733 930 vel
1757 865 1844 930 dele-

1096 968 1185 1038 gatos
1197 961 1309 1038 quavis
1321 961 1509 1024 aructoritate
1521 960 1706 1036 iungentes,
1720 957 1843 1020 sublata

1096 1053 1152 1127 eis,
1177 1061 1345 1117 eteorum
1368 1057 1500 1118 cuilibet
1520 1054 1613 1118 aliter
1636 1053 1794 1118 iudicandi
1808 1069 1843 1114 ac

1094 1147 1327 1225 interpretandi
1342 1146 1501 1219 facultate,
1520 1145 1651 1208 iudicari
1668 1152 1699 1208 et
1715 1145 1840 1206 definiri

1096 1241 1226 1312 debere,
1251 1248 1282 1303 et
1303 1242 1328 1303 si
1352 1257 1443 1304 secus
1465 1255 1563 1318 super
1583 1241 1633 1302 bis
1648 1257 1664 1302 3
1679 1255 1841 1317 quoquam

1096 1336 1206 1413 quavis
1229 1334 1415 1397 auctoritate
1432 1335 1571 1396 scienter
1587 1334 1639 1396 vel
1655 1333 1842 1410 ignoranter

1096 1430 1268 1507 contigerit
1289 1429 1446 1500 attentari,
1468 1429 1596 1490 irritum
1618 1445 1652 1490 ao
1673 1428 1767 1490 inane
1790 1428 1842 1490 de·

1095 1524 1258 1586 cernimus
1281 1529 1375 1600 atque
1397 1521 1606 1594 declaramus,

1136 1617 1225 1693 523.
1248 1616 1319 1680 Non
1341 1616 1540 1678 obstantibus
1563 1615 1689 1679 deiectu
1710 1631 1842 1677 consen·
1875 1630 2075 1694 3333333333-

1096 1729 1149 1774 333
1165 1710 1293 1790 capituli
1310 1717 1343 1774 ot
1358 1711 1586 1772 canonicorum
1602 1709 1781 1788 praedictae
1796 1726 1843 1771 ca·
1863 1688 2007 1730 mmm·

1098 1805 1251 1868 tlredralis
1263 1804 1415 1868 ecclesius
1427 1803 1656 1876 Cordubensis,
1671 1820 1705 1865 ac
1717 1804 1758 1866 de
1772 1805 1843 1866 iure

1096 1899 1240 1976 quaesito
1263 1915 1327 1960 non
1351 1898 1506 1970 tollendo,
1527 1898 1566 1960 de
1588 1897 1843 1960 dismembratio-

1096 1994 1190 2055 nibus
1212 1994 1248 2055 ad
1272 1999 1378 2071 partes
1401 1991 1649 2064 committendis,
1674 1991 1769 2054 etiam
1788 2007 1844 2053 vo-

1096 2087 1172 2148 catis
1196 2085 1344 2148 omnibus
1368 2099 1508 2163 quorum
1540 2086 1685 2158 interest,
1709 2085 1843 2162 aliisque

1096 2181 1214 2243 nostris
1234 2188 1265 2242 et
1281 2179 1486 2244 cancellariae
1502 2179 1693 2258 apostolicae
1708 2177 1841 2256 regulis,

1096 2293 1130 2338 ac
1152 2274 1374 2338 lateranensis
1402 2273 1536 2336 Consilii
1563 2273 1739 2338 novissime
1761 2273 1843 2335 cele·

1095 2369 1192 2441 brati,
1222 2367 1357 2444 aliisque
1378 2367 1411 2428 in
1433 2366 1630 2430 contrarium
1653 2366 1843 2445 praemisso-

1095 2481 1169 2527 rum
1185 2460 1428 2541 quomodolibet
1440 2460 1533 2522 editis
1549 2461 1645 2522 etiam
1661 2460 1694 2522 in
1709 2460 1843 2538 synoda-

1095 2558 1190 2630 libus,
1216 2553 1476 2636 provincialibus,
1500 2553 1738 2616 universalibus
1770 2569 1843 2616 con-

1096 2651 1176 2713 ciliis
1195 2647 1385 2728 specialibus
1401 2647 1453 2710 vel
1471 2648 1676 2725 generalibus
1691 2647 1843 2710 constitu-

1095 2745 1237 2808 tionibus
1260 2750 1293 2806 et
1315 2742 1567 2806 ordinationibus
1582 2741 1774 2821 apostolicis,
1791 2758 1843 2804 su-

1095 2839 1318 2918 pradictaeque
1340 2836 1558 2902 Cordubensis
1580 2837 1732 2900 ecclesiae
1747 2837 1842 2899 etiam

1095 2931 1288 3002 iuramento,
1313 2929 1556 2992 confirmatione
1585 2929 1766 3008 apostolica,
1788 2929 1842 2992 uel

1095 3023 1206 3101 quavis
1229 3022 1380 3086 firmitate
1401 3021 1460 3084 alia
1482 3022 1639 3084 roboratis
1664 3022 1789 3084 statutis
1812 3029 1843 3084 et

1095 3116 1392 3188 consuetudinibus,
1418 3116 1596 3194 privilegiis
1614 3131 1744 3194 quoque
1760 3123 1791 3178 et
1806 3115 1842 3177 li-

1095 3212 1171 3274 teris
1208 3209 1407 3290 apostolicis‚
1442 3211 1642 3288 caeterisque
1675 3210 1841 3274 contrariis

1094 3306 1362 3384 quibuscumque.

1134 3399 1223 3475 §ib
1247 3397 1437 3460 Huiusmodi
1460 3411 1539 3460 vero
1566 3398 1734 3462 literarum
1759 3403 1841 3460 tran·
1874 3407 2076 3474 rrnesuauenaa

1094 3493 1231 3572 sumptis
1246 3508 1304 3554 seu
1319 3492 1476 3570 exemplis
1492 3493 1588 3556 etiarn
1600 3493 1765 3572 impressis
1777 3511 1842 3556 ma·
1860 3465 2039 3520 transumens.

1094 3602 1139 3648 nu
1159 3585 1275 3648 notarii
1303 3583 1421 3661 publici
1449 3584 1653 3663 subscriptis,
1678 3604 1713 3648 ac
1734 3585 1842 3662 sigillo

1094 3695 1249 3760 personae
1271 3679 1305 3740 in
1328 3678 1537 3742 ecclesiastica
1556 3680 1710 3757 dignitate
1725 3679 1841 3742 consti-

1097 3779 1181 3836 tutae
1197 3771 1340 3844 munitis,
1355 3771 1501 3834 eamdem
1516 3771 1637 3849 ubique
1650 3772 1796 3835 locorum
1807 3773 1841 3834 in

1094 3865 1211 3928 iudicio
1238 3871 1270 3928 et
1291 3870 1382 3928 extra
1409 3863 1506 3926 iidem
1535 3864 1646 3926 baberi
1675 3866 1840 3938 volumus,

1095 3974 1176 4036 quae
1198 3958 1274 4036 ipsis
1296 3956 1519 4036 praesentibus
1535 3957 1720 4032 baberetur,
1738 3958 1765 4019 si
1780 3959 1842 4020 ori·

1096 4051 1244 4130 ginaliter
1267 4051 1512 4114 saluberentur.

1135 4145 1225 4221 525.
1249 4145 1336 4208 Nulli
1359 4160 1438 4222 ergo
1460 4144 1592 4208 omnino
1614 4146 1785 4210 bominum
1806 4145 1842 4208 li·
1897 4157 2000 4222 sancus
2015 4171 2073 4218 poe-

1096 4245 1164 4302 ceat
1184 4239 1263 4302 banc
1279 4237 1427 4317 paginam
1444 4245 1571 4302 nostrae
1587 4240 1843 4302 dismembratio-
1862 4213 1937 4258 ”³¹¹³

1096 4333 1162 4406 nis,
1187 4332 1370 4400 divisionis.
1402 4331 1592 4405 erectionis,
1616 4331 1840 4408 subiectionis

1096 4427 1342 4498 commissionis,
1367 4425 1590 4504 deputationis,
1615 4427 1765 4500 mandati,
1789 4428 1843 4490 de-

1095 4519 1270 4598 rogationis
1293 4527 1325 4582 ct
1346 4518 1530 4590 uoluntatis,
1547 4518 1728 4596 intringere
1743 4522 1796 4583 vel
1813 4521 1842 4584 ei

1095 4631 1174 4677 ausu
1197 4613 1369 4676 temerario
1391 4613 1562 4674 contraire.
1587 4611 1620 4674 Si
1641 4615 1713 4690 quis
1735 4622 1842 4678 autern

1095 4709 1156 4770 hoc
1184 4713 1340 4770 attentare
1362 4707 1626 4784 praesumpserit,
1652 4708 1844 4786 indignatio-

1096 4817 1172 4864 nem
1194 4799 1423 4877 omnipotentis
1445 4799 1500 4861 Dei
1524 4817 1558 4862 ac
1573 4800 1741 4864 beatorum
1757 4801 1842 4864 Petri

1096 4902 1128 4958 et
1149 4893 1236 4956 Pauli
1259 4892 1488 4972 Apostolorum
1512 4894 1581 4956 eius
1602 4911 1637 4957 se
1652 4896 1781 4958 noverit
1798 4897 1843 4960 in-

1096 5005 1280 5054 cursurum.

1136 5083 1250 5145 Datum
1265 5082 1384 5144 Romae
1400 5082 1481 5160 apud
1499 5081 1530 5144 S.
1546 5082 1674 5145 biaciam
1691 5083 1843 5146 Maiorem

1095 5192 1178 5238 anno
1207 5174 1435 5238 incarnationis
1464 5173 1642 5238 dominicae
1670 5176 1844 5238 millesimo

1097 5267 1365 5344 octingentesimo
1388 5266 1556 5343 trigesimo
1576 5275 1700 5344 quarto,
1719 5268 1843 5331 decimo

1095 5361 1192 5423 tertio
1214 5361 1368 5422 kalendas
1390 5359 1539 5433 octobris,
1565 5361 1765 5438 pontificatus
1788 5379 1843 5423 no-

1095 5455 1152 5516 stri
1174 5471 1258 5518 anno
1282 5461 1406 5534 quarto.
