4822 6986
713 1115 977 1222 INDEX
1017 1107 1574 1220 RUBRICARUM

1009 1419 1275 1428 Μ-

906 1879 1176 1946 bedttiribb
1203 1880 1269 1944 Pr.
1295 1879 1388 1946 xvi.

366 2113 577 2176 Cossrmurro
607 2115 628 2176 l.
660 2114 862 2176 Franciscum
897 2113 1069 2174 Xaverium
1100 2128 1115 2172 a
1230 2125 1328 2187 super
1350 2107 1571 2170 iurisdictione
1591 2107 1745 2186 Episcopi
1768 2106 1923 2168 braiben-

426 2207 457 2268 S.
482 2207 582 2278 Anna,
609 2224 727 2268 munus
744 2207 937 2268 missionarii
952 2206 1113 2284 apostolici
1231 2204 1273 2264 sis
1295 2204 1328 2264 in
1351 2202 1494 2280 partibus
1516 2201 1707 2264 infidelium.
1734 2201 1780 2262 te.

426 2307 633 2363 exercentem
650 2303 732 2378 apud
749 2300 815 2362 Vic.
834 2299 943 2378 apost.
962 2300 1113 2376 Bombay,
1171 2297 1251 2358 lllV.
1276 2298 1380 2373 Erigit
1413 2295 1607 2358 vicariatum
1640 2295 1860 2374 apostolicum
1891 2295 1923 2356 in

426 2394 618 2471 Episcopum
642 2393 787 2455 bnaaten.
812 2393 921 2470 elegit.
947 2381 1021 2472 po‘p.
1044 2392 1074 2453 o.
1233 2407 1336 2467 regno
1356 2390 1487 2452 Coreae.
1512 2389 1561 2450 ab.
1903 2449 1909 2458 ,

367 2485 402 2546 ll.
427 2487 618 2566 Episcopum
643 2486 789 2549 doraten.
814 2487 880 2548 l'ic.
906 2486 963 2564 Ap.
989 2486 1116 2563 provin·
1172 2485 1238 2548 llll.
1264 2485 1425 2547 Vicarium
1439 2483 1548 2562 Apost.
1563 2483 1774 2546 Goucincinae
1790 2483 1923 2545 etCam-

428 2581 492 2640 ciae
516 2580 631 2642 Serrae
654 2581 858 2642 llalabarium
880 2580 1056 2642 constituit.
1085 2577 1115 2639 o.
1232 2579 1344 2656 podiae
1377 2578 1523 2640 concedit
1552 2578 1674 2661 eligere
1704 2577 1923 2639 coadiutorem

369 2673 417 2733 lll.
443 2673 570 2736 Erectio
593 2674 744 2736 ccclesiae
767 2668 956 2736 catbedralis
972 2673 1118 2734 Galvien—
1233 2688 1306 2734 cum
1336 2671 1443 2732 lutura
1470 2672 1671 2732 successione
1702 2678 1734 2732 et
1755 2671 1924 2748 episcopali

425 2767 484 2838 sis,
509 2769 644 2844 eiusque
666 2768 822 2828 subiectio
846 2767 908 2827 iuri
931 2759 1128 2844 metropoli?
1232 2767 1415 2828 charactere
1437 2765 1475 2826 ab
1497 2766 1564 2843 ipso
1587 2765 1789 2842 insignitum.
1814 2765 1892 2826 lbid.

429 2861 489 2921 tico
513 2861 750 2938 Arcbiepiscopi
773 2861 972 2922 Tuamensis.
997 2861 1024 2922 7.
1174 2860 1253 2922 lllll.
1287 2859 1412 2920 vicario
1444 2858 1552 2935 Apost.
1588 2857 1744 2920 Siamensi
1780 2858 1927 2919 concedit

369 2953 418 3016 lll.
444 2955 579 3033 Deputat
602 2955 800 3016 visitatorem
822 2955 1042 3032 apostolicum,
1064 2955 1118 3031 qui
1234 2953 1451 3014 coadiutorem
1482 2952 1604 3028 eligere
1627 2968 1701 3012 cum
1727 2951 1835 3012 lutura
1857 2967 1927 3012 snc-

312 3039 315 3050 '
429 3049 559 3109 nomine
584 3047 614 3108 S.
641 3048 730 3110 Sedis
764 3049 959 3124 gubernium
983 3055 1120 3110 assumat
1235 3047 1396 3118 cessione,
1429 3061 1571 3124 euinque
1601 3046 1794 3123 Episcopum
1817 3062 1927 3106 eonse-

428 3141 580 3202 ecclesiae
604 3148 635 3202 et
657 3141 811 3202 dioecesis
835 3141 1010 3204 Naxiensis.
1034 3141 1064 3202 9.
1237 3158 1336 3202 crare.
1360 3142 1409 3202 El.

370 3231 407 3294 ll.
433 3233 569 3312 Deputat
596 3235 793 3296 visitatorem
825 3235 1035 3312 apostolicum
1065 3236 1121 3297 Ec·
1176 3233 1270 3296 llllll.
1295 3235 1424 3296 Erectio
1446 3234 1622 3296 Vicariatus
1639 3232 1810 3311 apostolici
1833 3233 1864 3292 iu
1881 3249 1930 3292 re-

430 3328 544 3388 clesiae
567 3327 784 3405 Smprnensis.
811 3327 857 3390 ld.
1238 3343 1301 3406 gno
1324 3327 1479 3390 Goreano.
1503 3329 1552 3389 22.

371 3419 421 3482 Vl.
439 3421 575 3500 Deputat
586 3423 784 3484 visitatorem
802 3423 1022 3500 apostolicum,
1037 3431 1073 3486 ut
1087 3425 1120 3485 in
1178 3421 1284 3484 XVlll.
1303 3422 1385 3483 Unio
1401 3421 1598 3482 dioecesium
1610 3420 1793 3482 Uraniensis
1806 3427 1838 3481 et
1851 3420 1930 3482 Sub-

433 3515 619 3590 regionibus
642 3515 810 3578 Mexicanis
832 3516 1031 3592 regularium
1055 3534 1121 3578 om-
1237 3515 1451 3592 sylvaniensis
1488 3514 1660 3576 basileensi
1696 3514 1778 3590 apud
1816 3513 1930 3574 llelve-

432 3607 522 3669 ninm
535 3608 699 3686 disciplina
712 3608 904 3685 reintegrari
917 3611 1026 3687 possit.
1041 3610 1118 3671 lbid.
1241 3597 1311 3670 tios.
1336 3609 1385 3670 23.

375 3701 437 3762 Vll.
462 3701 632 3764 Concessio
655 3703 876 3778 indulgentiae
904 3703 1122 3780 assequendae
1179 3703 1258 3764 Xlll.
1284 3701 1451 3779 aloysium
1481 3702 1619 3762 lastaria
1649 3717 1698 3779 ep.
1731 3701 1822 3776 eligit
1851 3700 1927 3761 eccl.

432 3795 548 3866 abeis,
574 3796 627 3871 qui
650 3795 859 3857 interfuerint
875 3797 988 3856 missac
1003 3796 1122 3858 Conco·
1239 3796 1433 3858 Zacintbien.
1463 3803 1494 3857 et
1519 3796 1749 3874 Cepbalonieu.
1778 3794 1929 3870 canonice

434 3889 550 3965 rationis
566 3889 775 3950 celebrandae
790 3889 823 3949 in
839 3896 1000 3950 conventu
1018 3890 1121 3950 Sancti
1188 3941 1190 3945 ,
1239 3897 1396 3968 perpetuo
1419 3890 1596 3950 unitarum.
1620 3889 1668 3950 25.

433 3981 538 4041 llidari
553 3981 689 4042 civitatis
705 3981 836 4042 Sanctae
850 3981 936 4042 bidei
952 3982 990 4042 de
1004 3982 1123 4057 Bogota
1181 3983 1246 4046 llll.
1271 3983 1457 4046 imminutio
1487 3983 1644 4044 festorum
1671 3984 1704 4044 in
1731 3983 1930 4044 dioecesibus

433 4074 465 4134 in
488 4075 644 4136 America.
673 4075 720 4136 l‘s.
993 4139 996 4144 Δ
1240 4078 1427 4140 Hildesiensi
1453 4084 1485 4138 et
1507 4076 1756 4154 Osnaburgensi.
1780 4075 1829 4139 26.

376 4165 451 4229 Vlll.
476 4167 652 4230 Confirmat
672 4169 955 4246 praedecessorum
971 4171 1124 4231 constitu·
1181 4172 1260 4233 lllll.
1285 4171 1571 4250 Arctaiepiscopom
1600 4171 1831 4233 Dublinensem
1859 4172 1933 4232 visi-

436 4262 537 4322 tiones
554 4262 812 4338 quibuscautum
829 4262 974 4334 babetur,
991 4264 1122 4340 nequid
1243 4270 1379 4328 latorem
1407 4263 1517 4342 Apost.
1550 4264 1716 4326 constitnit
1746 4264 1932 4326 monasterii
1973 4331 1975 4336 .

436 4356 514 4418 iuris
547 4356 683 4432 quisque
712 4356 772 4417 sibi
805 4362 924 4417 asserat
954 4373 992 4417 ex
1024 4358 1124 4418 titulis
1242 4358 1273 4420 S.
1295 4359 1412 4434 'Mariae
1434 4359 1473 4420 de
1495 4357 1594 4419 Gabra
1621 4358 1747 4426 Ordinis
1771 4357 1802 4419 S.
1826 4358 1932 4418 Donn-

435 4450 739 4526 quomodoeumque
759 4451 863 4512 eidem
886 4451 1015 4512 tributis
1036 4451 1069 4512 in
1089 4451 1124 4512 ll·
1242 4454 1314 4524 ruci,
1339 4469 1439 4530 prope
1461 4452 1647 4514 Dublinum.
1671 4452 1720 4514 27.

436 4542 522 4613 teris,
540 4543 834 4615 constitutionibus
852 4544 985 4619 aliisque
1004 4544 1125 4605 actibus
1182 4547 1276 4610 llllll.
1298 4547 1342 4608 De
1358 4546 1605 4624 archiepiscopo
1620 4546 1858 4624 Hierapolitano
1876 4547 1935 4608 bla-

435 4636 566 4698 nomine
590 4634 621 4697 S.
647 4635 737 4697 Sedis
761 4637 929 4714 expeditis.
957 4637 1003 4698 ll.
1243 4642 1422 4702 renitarum
1451 4640 1486 4701 lt.
1512 4639 1543 4700 P.
1568 4640 1603 4700 b.
1632 4639 1728 4702 Paulo
1759 4640 1874 4703 brutio
1897 4641 1932 4702 ad

376 4729 427 4790 lll.
452 4729 576 4790 insulae
599 4730 747 4802 blauritii‚
769 4730 840 4792 loco
863 4731 1002 4792 Eduardi
1025 4732 1126 4793 Bedae
1245 4740 1389 4796 montem
1413 4733 1569 4794 Libanum
1591 4735 1745 4806 vocando,
1770 4735 1863 4796 etde
1886 4751 1934 4794 re-

437 4823 716 4896 Slate1·‚lac0bum
738 4825 907 4886 Bramston
927 4825 1126 4886 visitatorem
1244 4828 1366 4905 gimine
1388 4827 1473 4888 illius
1496 4827 1646 4890 eeclesiae
1667 4829 1791 4890 interea
1812 4829 1869 4890 alia
1886 4845 1933 4890 ra-

436 4933 497 4994 ap..
521 4919 609 4978 iuxta
631 4917 775 4990 mudum,
800 4917 901 4994 eligit.
927 4919 973 4979 lb.
1244 4923 1331 4983 tione
1353 4922 1566 4999 procuranda.
1589 4921 1638 4983 28.

378 5011 415 5072 X.
432 5011 650 5090 Episcopalem
663 5011 828 5072 ecclesiam
840 5011 1042 5074 Galviensem
1056 5029 1127 5090 pro·
1183 5012 1291 5078 lllllll.
1316 5015 1457 5077 Cessatio
1479 5015 1764 5078 administrationis
1780 5015 1935 5078 dioecesis

437 5103 526 5166 videt
544 5103 576 5164 in
591 5119 727 5181 persona
743 5105 889 5181 Gregorii
905 5105 1051 5167 browne.
1078 5105 1124 5166 le.
1244 5108 1604 5172 Graeco-Melcbitarum
1616 5109 1793 5188 Hierapolis
1806 5108 1935 5170 brebie-

378 5198 429 5274 xl.
454 5197 590 5275 lleputat
610 5197 811 5260 visitatorem
837 5198 1045 5275 apostolicum
1070 5216 1127 5276 pro
1245 5203 1375 5282 piscopo
1397 5201 1589 5279 Fergulensi
1611 5202 1754 5274 collatae,
1775 5209 1806 5264 et
1822 5203 1936 5264 electio

437 5292 644 5370 inquisitione
665 5297 765 5352 status
789 5293 935 5353 coenobii
951 5300 982 5354 et
998 5293 1128 5370 collegii
1246 5297 1321 5358 novi
1344 5296 1583 5374 brobiepiscopi
1598 5283 1936 5374 ¹HierapolitaniGrae-

439 5387 575 5448 fratrum
599 5385 763 5446 minorum
780 5384 885 5447 Sancti
899 5385 1056 5448 Francisci
1071 5386 1129 5449 lle-
1245 5390 1470 5454 co-blelcbitae
1492 5390 1525 5450 in
1549 5405 1718 5468 personam
1741 5390 1936 5451 venerabilis

439 5479 652 5540 formatorum
674 5479 707 5540 in
730 5477 842 5541 Sancto
870 5480 964 5541 Petro
986 5481 1018 5541 in
1042 5481 1127 5542 llon-
1245 5485 1352 5546 fratris
1374 5484 1487 5561 ignatii
1516 5483 1713 5546 Patriarebae
1744 5484 1935 5546 Antiocbeni

440 5573 521 5635 torio
543 5573 642 5634 urbis.
670 5572 716 5634 18.
934 5615 937 5620 -
1248 5579 1482 5640 blelebitarum.
1505 5576 1554 5640 29.

381 5666 445 5728 llll.
469 5665 641 5743 Privilegia
669 5683 817 5728 concessa
844 5669 1002 5731 sodalitati
1025 5669 1130 5732 Sancti
1186 5673 1296 5734 Xlllll.
1321 5673 1520 5736 Patriarebae
1543 5672 1701 5750 Syrorum
1723 5672 1758 5734 ll.
1777 5673 1809 5733 P.
1829 5672 1863 5733 b.
1886 5673 1940 5732 Po-

440 5761 596 5822 Dominici
618 5761 752 5822 civitatis
768 5761 925 5824 Fluminis
941 5763 1076 5825 lanuarii
1097 5766 1130 5826 in
1248 5775 1298 5828 tro
1321 5767 1435 5828 Giarve
1456 5768 1669 5840 commendat,
1688 5773 1724 5828 ut
1739 5766 1776 5828 ad
1792 5773 1936 5828 montem

440 5855 590 5916 Brasiliae
612 5871 715 5931 regno
737 5856 915 5917 confirmat.
939 5857 1016 5919 ibid.
1247 5860 1404 5922 Libanum
1426 5866 1671 5932 revertato1·‚et
1692 5860 1937 5922 inmonasterio

382 5948 460 6010 lllll.
485 5949 661 6010 Conbrmat
675 5949 842 6011 decretum
858 5968 874 6011 a
888 5968 973 6013 sacra
989 5951 1131 6029 Congre—
1249 5953 1354 6016 Sancti
1376 5953 1519 6032 Ephrem
1542 5954 1691 6016 resideat.
1715 5954 1792 6016 lbid.
1817 5970 1820 5975 ·

444 6046 572 6119 gatione
601 6044 639 6104 de
668 6043 873 6122 Propaganda
905 6045 980 6108 ride
1009 6045 1132 6108 editum
1189 6040 1284 6109 XXV.
1313 6048 1550 6110 Praeeationem
1574 6047 1702 6110 Rosorii
1719 6048 1869 6128 Perpetui
1892 6056 1967 6128 apt

493 6187 541 6234 lor.
562 6189 630 6232 l‘ont.
645 6187 676 6233 de
693 6189 764 6247 l'rop.
782 6189 843 6236 Fide
857 6191 937 6235 Partis
953 6193 969 6235 l.
986 6191 1038 6238 vol.
1057 6195 1081 6236 v.
1810 6201 1835 6242 bd
