<?xml version="1.0" encoding="UTF-8"?>
<!DOCTYPE html PUBLIC "-//W3C//DTD XHTML 1.0 Transitional//EN"
    "http://www.w3.org/TR/xhtml1/DTD/xhtml1-transitional.dtd">
<html xmlns="http://www.w3.org/1999/xhtml" xml:lang="en" lang="en">
 <head>
  <title>
</title>
<meta http-equiv="Content-Type" content="text/html;charset=utf-8" />
  <meta name='ocr-system' content='tesseract 3.04.00' />
  <meta name='ocr-capabilities' content='ocr_page ocr_carea ocr_par ocr_line ocrx_word'/>
</head>
<body>
  <div class='ocr_page' id='page_1' title='image "./iurispontificii01martgoog_0105.png"; bbox 0 0 4828 6974; ppageno 0'>
   <div class='ocr_carea' id='block_1_1' title="bbox 905 545 1240 594">
    <p class='ocr_par' dir='ltr' id='par_1_1' title="bbox 905 545 1240 594">
     <span class='ocr_line' id='line_1_1' title="bbox 905 545 1240 594; baseline 0.006 -4"><span class='ocrx_word' id='word_1_1' title='bbox 905 545 1079 590; x_wconf 77' lang='lat' dir='ltr'><strong>unsuotuus</strong></span> <span class='ocrx_word' id='word_1_2' title='bbox 1101 547 1151 592; x_wconf 78' lang='grc' dir='ltr'><strong>ΡΡ.</strong></span> <span class='ocrx_word' id='word_1_3' title='bbox 1175 548 1240 594; x_wconf 81' lang='lat' dir='ltr'><strong>XVI.</strong></span> 
     </span>
    </p>
   </div>
   <div class='ocr_carea' id='block_1_2' title="bbox 298 661 1047 4660">
    <p class='ocr_par' dir='ltr' id='par_1_2' title="bbox 298 661 1046 1844">
     <span class='ocr_line' id='line_1_2' title="bbox 298 661 1043 741; baseline 0.003 -19"><span class='ocrx_word' id='word_1_4' title='bbox 298 663 366 725; x_wconf 91' lang='lat' dir='ltr'><strong>sint</strong></span> <span class='ocrx_word' id='word_1_5' title='bbox 386 661 513 735; x_wconf 90' lang='lat' dir='ltr'><strong>abusus,</strong></span> <span class='ocrx_word' id='word_1_6' title='bbox 528 663 725 741; x_wconf 91' lang='lat' dir='ltr'><strong>eosdemque</strong></span> <span class='ocrx_word' id='word_1_7' title='bbox 748 663 873 734; x_wconf 88' lang='lat' dir='ltr'><strong>tollere,</strong></span> <span class='ocrx_word' id='word_1_8' title='bbox 891 669 924 724; x_wconf 84' lang='lat' dir='ltr'><strong>et</strong></span> <span class='ocrx_word' id='word_1_9' title='bbox 944 663 1043 724; x_wconf 91' lang='lat' dir='ltr'><strong>servi-</strong></span> 
     </span>
     <span class='ocr_line' id='line_1_3' title="bbox 300 755 1044 818; baseline -0.001 -2"><span class='ocrx_word' id='word_1_10' title='bbox 300 755 382 818; x_wconf 93' lang='lat' dir='ltr'><strong>tium</strong></span> <span class='ocrx_word' id='word_1_11' title='bbox 397 773 413 816; x_wconf 96' lang='lat' dir='ltr'><strong>a</strong></span> <span class='ocrx_word' id='word_1_12' title='bbox 428 755 590 818; x_wconf 86' lang='lat' dir='ltr'><strong>missionis</strong></span> <span class='ocrx_word' id='word_1_13' title='bbox 611 756 774 818; x_wconf 74' lang='lat' dir='ltr'><strong>Praefecto</strong></span> <span class='ocrx_word' id='word_1_14' title='bbox 790 763 822 818; x_wconf 88' lang='lat' dir='ltr'><strong>et</strong></span> <span class='ocrx_word' id='word_1_15' title='bbox 836 755 1044 818; x_wconf 90' lang='lat' dir='ltr'><strong>missicuariis</strong></span> 
     </span>
     <span class='ocr_line' id='line_1_4' title="bbox 299 847 1044 928; baseline -0.009 -15"><span class='ocrx_word' id='word_1_16' title='bbox 299 849 537 928; x_wconf 88' lang='lat' dir='ltr'><strong>praestandum,</strong></span> <span class='ocrx_word' id='word_1_17' title='bbox 562 849 689 926; x_wconf 91' lang='lat' dir='ltr'><strong>quoties</strong></span> <span class='ocrx_word' id='word_1_18' title='bbox 713 865 792 927; x_wconf 91' lang='lat' dir='ltr'><strong>opus</strong></span> <span class='ocrx_word' id='word_1_19' title='bbox 819 848 927 920; x_wconf 90' lang='lat' dir='ltr'><strong>fuerit,</strong></span> <span class='ocrx_word' id='word_1_20' title='bbox 952 847 1044 910; x_wconf 89' lang='lat' dir='ltr'><strong>novis</strong></span> 
     </span>
     <span class='ocr_line' id='line_1_5' title="bbox 300 941 1045 1021; baseline -0.004 -15"><span class='ocrx_word' id='word_1_21' title='bbox 300 943 396 1006; x_wconf 88' lang='lat' dir='ltr'><strong>etiam</strong></span> <span class='ocrx_word' id='word_1_22' title='bbox 409 941 579 1021; x_wconf 91' lang='lat' dir='ltr'><strong>propositis</strong></span> <span class='ocrx_word' id='word_1_23' title='bbox 595 941 728 1019; x_wconf 88' lang='lat' dir='ltr'><strong>regulis,</strong></span> <span class='ocrx_word' id='word_1_24' title='bbox 743 958 820 1019; x_wconf 93' lang='lat' dir='ltr'><strong>quas</strong></span> <span class='ocrx_word' id='word_1_25' title='bbox 835 941 964 1017; x_wconf 92' lang='lat' dir='ltr'><strong>regulas</strong></span> <span class='ocrx_word' id='word_1_26' title='bbox 980 941 1045 1019; x_wconf 93' lang='lat' dir='ltr'><strong>ple-</strong></span> 
     </span>
     <span class='ocr_line' id='line_1_6' title="bbox 299 1034 1045 1106; baseline -0.001 -8"><span class='ocrx_word' id='word_1_27' title='bbox 299 1037 427 1098; x_wconf 91' lang='lat' dir='ltr'><strong>narium</strong></span> <span class='ocrx_word' id='word_1_28' title='bbox 449 1036 600 1098; x_wconf 85' lang='lat' dir='ltr'><strong>ellectum</strong></span> <span class='ocrx_word' id='word_1_29' title='bbox 622 1036 741 1098; x_wconf 92' lang='lat' dir='ltr'><strong>babere</strong></span> <span class='ocrx_word' id='word_1_30' title='bbox 762 1034 922 1106; x_wconf 89' lang='lat' dir='ltr'><strong>iubemus,</strong></span> <span class='ocrx_word' id='word_1_31' title='bbox 944 1035 1045 1097; x_wconf 90' lang='lat' dir='ltr'><strong>donec</strong></span> 
     </span>
     <span class='ocr_line' id='line_1_7' title="bbox 298 1127 1045 1192; baseline -0.005 0"><span class='ocrx_word' id='word_1_32' title='bbox 298 1131 398 1192; x_wconf 93' lang='lat' dir='ltr'><strong>iidem</strong></span> <span class='ocrx_word' id='word_1_33' title='bbox 420 1145 517 1192; x_wconf 84' lang='lat' dir='ltr'><strong>vemt.</strong></span> <span class='ocrx_word' id='word_1_34' title='bbox 541 1129 657 1191; x_wconf 91' lang='lat' dir='ltr'><strong>fratres</strong></span> <span class='ocrx_word' id='word_1_35' title='bbox 686 1129 788 1190; x_wconf 89' lang='lat' dir='ltr'><strong>nostri</strong></span> <span class='ocrx_word' id='word_1_36' title='bbox 810 1127 842 1190; x_wconf 92' lang='lat' dir='ltr'><strong>S.</strong></span> <span class='ocrx_word' id='word_1_37' title='bbox 859 1128 894 1190; x_wconf 88' lang='lat' dir='ltr'><strong>R.</strong></span> <span class='ocrx_word' id='word_1_38' title='bbox 912 1128 948 1190; x_wconf 86' lang='lat' dir='ltr'><strong>E.</strong></span> <span class='ocrx_word' id='word_1_39' title='bbox 972 1127 1045 1190; x_wconf 86' lang='lat' dir='ltr'><strong>Car-</strong></span> 
     </span>
     <span class='ocr_line' id='line_1_8' title="bbox 300 1222 1045 1301; baseline -0.005 -15"><span class='ocrx_word' id='word_1_40' title='bbox 300 1225 422 1286; x_wconf 88' lang='lat' dir='ltr'><strong>dinales</strong></span> <span class='ocrx_word' id='word_1_41' title='bbox 443 1223 582 1300; x_wconf 91' lang='lat' dir='ltr'><strong>negotiis</strong></span> <span class='ocrx_word' id='word_1_42' title='bbox 604 1222 826 1301; x_wconf 81' lang='lat' dir='ltr'><strong>Propagandae</strong></span> <span class='ocrx_word' id='word_1_43' title='bbox 848 1222 935 1284; x_wconf 82' lang='lat' dir='ltr'><strong>videi</strong></span> <span class='ocrx_word' id='word_1_44' title='bbox 957 1237 1045 1299; x_wconf 92' lang='lat' dir='ltr'><strong>prae-</strong></span> 
     </span>
     <span class='ocr_line' id='line_1_9' title="bbox 300 1312 1044 1394; baseline -0.008 -16"><span class='ocrx_word' id='word_1_45' title='bbox 300 1315 395 1394; x_wconf 87' lang='lat' dir='ltr'><strong>positi</strong></span> <span class='ocrx_word' id='word_1_46' title='bbox 417 1313 640 1384; x_wconf 89' lang='lat' dir='ltr'><strong>iudicaverint,</strong></span> <span class='ocrx_word' id='word_1_47' title='bbox 664 1313 741 1390; x_wconf 93' lang='lat' dir='ltr'><strong>quid</strong></span> <span class='ocrx_word' id='word_1_48' title='bbox 764 1329 862 1390; x_wconf 93' lang='lat' dir='ltr'><strong>super</strong></span> <span class='ocrx_word' id='word_1_49' title='bbox 883 1313 921 1373; x_wconf 90' lang='lat' dir='ltr'><strong>iis</strong></span> <span class='ocrx_word' id='word_1_50' title='bbox 943 1312 976 1374; x_wconf 91' lang='lat' dir='ltr'><strong>in</strong></span> <span class='ocrx_word' id='word_1_51' title='bbox 992 1327 1044 1390; x_wconf 93' lang='lat' dir='ltr'><strong>po-</strong></span> 
     </span>
     <span class='ocr_line' id='line_1_10' title="bbox 300 1405 1046 1472; baseline -0.005 -2"><span class='ocrx_word' id='word_1_52' title='bbox 300 1415 424 1472; x_wconf 91' lang='lat' dir='ltr'><strong>sterum</strong></span> <span class='ocrx_word' id='word_1_53' title='bbox 440 1407 482 1468; x_wconf 91' lang='lat' dir='ltr'><strong>sit</strong></span> <span class='ocrx_word' id='word_1_54' title='bbox 496 1409 703 1469; x_wconf 91' lang='lat' dir='ltr'><strong>servandum.</strong></span> <span class='ocrx_word' id='word_1_55' title='bbox 727 1405 885 1468; x_wconf 86' lang='lat' dir='ltr'><strong>Volumus</strong></span> <span class='ocrx_word' id='word_1_56' title='bbox 908 1405 995 1468; x_wconf 92' lang='lat' dir='ltr'><strong>enim</strong></span> <span class='ocrx_word' id='word_1_57' title='bbox 1009 1411 1046 1467; x_wconf 90' lang='lat' dir='ltr'><strong>ut</strong></span> 
     </span>
     <span class='ocr_line' id='line_1_11' title="bbox 300 1499 1046 1576; baseline -0.004 -12"><span class='ocrx_word' id='word_1_58' title='bbox 300 1508 372 1564; x_wconf 90' lang='lat' dir='ltr'><strong>tuae</strong></span> <span class='ocrx_word' id='word_1_59' title='bbox 395 1500 591 1563; x_wconf 79' lang='lat' dir='ltr'><strong>visitationis</strong></span> <span class='ocrx_word' id='word_1_60' title='bbox 603 1506 670 1562; x_wconf 94' lang='lat' dir='ltr'><strong>acta</strong></span> <span class='ocrx_word' id='word_1_61' title='bbox 684 1501 721 1562; x_wconf 88' lang='lat' dir='ltr'><strong>ad</strong></span> <span class='ocrx_word' id='word_1_62' title='bbox 737 1500 882 1562; x_wconf 91' lang='lat' dir='ltr'><strong>eamdem</strong></span> <span class='ocrx_word' id='word_1_63' title='bbox 903 1499 1046 1576; x_wconf 84' lang='lat' dir='ltr'><strong>Congre-</strong></span> 
     </span>
     <span class='ocr_line' id='line_1_12' title="bbox 301 1589 1045 1673; baseline -0.004 -17"><span class='ocrx_word' id='word_1_64' title='bbox 301 1596 461 1673; x_wconf 90' lang='lat' dir='ltr'><strong>gationem</strong></span> <span class='ocrx_word' id='word_1_65' title='bbox 475 1594 514 1656; x_wconf 89' lang='lat' dir='ltr'><strong>de</strong></span> <span class='ocrx_word' id='word_1_66' title='bbox 526 1589 729 1672; x_wconf 71' lang='lat' dir='ltr'><strong>Propagandi</strong></span> <span class='ocrx_word' id='word_1_67' title='bbox 741 1593 817 1654; x_wconf 81' lang='lat' dir='ltr'><strong>vide</strong></span> <span class='ocrx_word' id='word_1_68' title='bbox 830 1593 947 1664; x_wconf 87' lang='lat' dir='ltr'><strong>mittas,</strong></span> <span class='ocrx_word' id='word_1_69' title='bbox 962 1609 1045 1654; x_wconf 92' lang='lat' dir='ltr'><strong>eam-</strong></span> 
     </span>
     <span class='ocr_line' id='line_1_13' title="bbox 300 1685 1045 1766; baseline -0.003 -16"><span class='ocrx_word' id='word_1_70' title='bbox 300 1705 364 1766; x_wconf 94' lang='lat' dir='ltr'><strong>que</strong></span> <span class='ocrx_word' id='word_1_71' title='bbox 386 1687 535 1750; x_wconf 89' lang='lat' dir='ltr'><strong>omnibus</strong></span> <span class='ocrx_word' id='word_1_72' title='bbox 550 1688 590 1750; x_wconf 90' lang='lat' dir='ltr'><strong>de</strong></span> <span class='ocrx_word' id='word_1_73' title='bbox 605 1686 702 1748; x_wconf 92' lang='lat' dir='ltr'><strong>rebus</strong></span> <span class='ocrx_word' id='word_1_74' title='bbox 725 1686 777 1748; x_wconf 92' lang='lat' dir='ltr'><strong>vel</strong></span> <span class='ocrx_word' id='word_1_75' title='bbox 799 1685 1045 1763; x_wconf 89' lang='lat' dir='ltr'><strong>diligentissime</strong></span> 
     </span>
     <span class='ocr_line' id='line_1_14' title="bbox 300 1781 599 1844; baseline -0.01 0"><span class='ocrx_word' id='word_1_76' title='bbox 300 1782 473 1844; x_wconf 82' lang='lat' dir='ltr'><strong>certiorem</strong></span> <span class='ocrx_word' id='word_1_77' title='bbox 496 1781 599 1844; x_wconf 89' lang='lat' dir='ltr'><strong>facias.</strong></span> 
     </span>
    </p>

    <p class='ocr_par' dir='ltr' id='par_1_3' title="bbox 298 1875 1047 4376">
     <span class='ocr_line' id='line_1_15' title="bbox 339 1875 1044 1953; baseline -0.004 -16"><span class='ocrx_word' id='word_1_78' title='bbox 339 1878 358 1951; x_wconf 74' lang='grc'>5</span> <span class='ocrx_word' id='word_1_79' title='bbox 379 1875 408 1937; x_wconf 82' lang='grc'><strong>3.</strong></span> <span class='ocrx_word' id='word_1_80' title='bbox 432 1875 647 1953; x_wconf 89' lang='lat' dir='ltr'><strong>Praecipimus</strong></span> <span class='ocrx_word' id='word_1_81' title='bbox 663 1881 832 1952; x_wconf 87' lang='lat' dir='ltr'><strong>propterea</strong></span> <span class='ocrx_word' id='word_1_82' title='bbox 848 1880 942 1950; x_wconf 91' lang='lat' dir='ltr'><strong>atque</strong></span> <span class='ocrx_word' id='word_1_83' title='bbox 957 1889 1044 1934; x_wconf 90' lang='lat' dir='ltr'><strong>man-</strong></span> 
     </span>
     <span class='ocr_line' id='line_1_16' title="bbox 300 1967 1044 2045; baseline -0.005 -13"><span class='ocrx_word' id='word_1_84' title='bbox 300 1971 411 2032; x_wconf 84' lang='lat' dir='ltr'><strong>damus</strong></span> <span class='ocrx_word' id='word_1_85' title='bbox 440 1969 590 2030; x_wconf 89' lang='lat' dir='ltr'><strong>emnibus</strong></span> <span class='ocrx_word' id='word_1_86' title='bbox 611 1969 675 2031; x_wconf 90' lang='lat' dir='ltr'><strong>illis</strong></span> <span class='ocrx_word' id='word_1_87' title='bbox 701 1969 861 2045; x_wconf 83' lang='lat' dir='ltr'><strong>religiosis</strong></span> <span class='ocrx_word' id='word_1_88' title='bbox 883 1967 962 2028; x_wconf 87' lang='lat' dir='ltr'><strong>viris</strong></span> <span class='ocrx_word' id='word_1_89' title='bbox 984 1968 1044 2028; x_wconf 86' lang='lat' dir='ltr'><strong>Tu-</strong></span> 
     </span>
     <span class='ocr_line' id='line_1_17' title="bbox 298 2062 1045 2139; baseline -0.008 -13"><span class='ocrx_word' id='word_1_90' title='bbox 298 2069 433 2126; x_wconf 90' lang='lat' dir='ltr'><strong>netanae</strong></span> <span class='ocrx_word' id='word_1_91' title='bbox 455 2062 616 2124; x_wconf 90' lang='lat' dir='ltr'><strong>missionis</strong></span> <span class='ocrx_word' id='word_1_92' title='bbox 644 2062 794 2139; x_wconf 90' lang='lat' dir='ltr'><strong>aliisque,</strong></span> <span class='ocrx_word' id='word_1_93' title='bbox 818 2062 934 2138; x_wconf 91' lang='lat' dir='ltr'><strong>quibus</strong></span> <span class='ocrx_word' id='word_1_94' title='bbox 957 2076 1045 2138; x_wconf 90' lang='lat' dir='ltr'><strong>prae-</strong></span> 
     </span>
     <span class='ocr_line' id='line_1_18' title="bbox 300 2155 1045 2236; baseline -0.004 -17"><span class='ocrx_word' id='word_1_95' title='bbox 300 2158 361 2236; x_wconf 86' lang='lat' dir='ltr'><strong>cipi</strong></span> <span class='ocrx_word' id='word_1_96' title='bbox 384 2173 463 2236; x_wconf 91' lang='lat' dir='ltr'><strong>opus</strong></span> <span class='ocrx_word' id='word_1_97' title='bbox 478 2162 537 2228; x_wconf 89' lang='lat' dir='ltr'><strong>est,</strong></span> <span class='ocrx_word' id='word_1_98' title='bbox 551 2161 587 2218; x_wconf 89' lang='lat' dir='ltr'><strong>ut</strong></span> <span class='ocrx_word' id='word_1_99' title='bbox 600 2155 634 2218; x_wconf 92' lang='lat' dir='ltr'><strong>in</strong></span> <span class='ocrx_word' id='word_1_100' title='bbox 649 2156 770 2218; x_wconf 91' lang='lat' dir='ltr'><strong>virtute</strong></span> <span class='ocrx_word' id='word_1_101' title='bbox 793 2171 818 2216; x_wconf 90' lang='lat' dir='ltr'><strong>s.</strong></span> <span class='ocrx_word' id='word_1_102' title='bbox 842 2155 1045 2224; x_wconf 91' lang='lat' dir='ltr'><strong>obedientiae</strong></span> 
     </span>
     <span class='ocr_line' id='line_1_19' title="bbox 300 2247 1045 2313; baseline -0.005 -1"><span class='ocrx_word' id='word_1_103' title='bbox 300 2259 332 2313; x_wconf 91' lang='lat' dir='ltr'><strong>te</strong></span> <span class='ocrx_word' id='word_1_104' title='bbox 347 2252 379 2312; x_wconf 89' lang='lat' dir='ltr'><strong>iu</strong></span> <span class='ocrx_word' id='word_1_105' title='bbox 395 2250 578 2312; x_wconf 79' lang='lat' dir='ltr'><strong>Tuneianae</strong></span> <span class='ocrx_word' id='word_1_106' title='bbox 600 2249 761 2312; x_wconf 90' lang='lat' dir='ltr'><strong>missionis</strong></span> <span class='ocrx_word' id='word_1_107' title='bbox 783 2248 990 2310; x_wconf 75' lang='lat' dir='ltr'><strong>visitatorem</strong></span> <span class='ocrx_word' id='word_1_108' title='bbox 1005 2247 1045 2308; x_wconf 80' lang='grc' dir='ltr'><strong>Α-</strong></span> 
     </span>
     <span class='ocr_line' id='line_1_20' title="bbox 300 2342 1042 2424; baseline -0.005 -18"><span class='ocrx_word' id='word_1_109' title='bbox 300 2343 490 2424; x_wconf 91' lang='lat' dir='ltr'><strong>postolioum</strong></span> <span class='ocrx_word' id='word_1_110' title='bbox 502 2349 686 2420; x_wconf 90' lang='lat' dir='ltr'><strong>agnoscant,</strong></span> <span class='ocrx_word' id='word_1_111' title='bbox 701 2343 824 2420; x_wconf 93' lang='lat' dir='ltr'><strong>tibique</strong></span> <span class='ocrx_word' id='word_1_112' title='bbox 836 2342 869 2404; x_wconf 92' lang='lat' dir='ltr'><strong>in</strong></span> <span class='ocrx_word' id='word_1_113' title='bbox 882 2342 1042 2413; x_wconf 91' lang='lat' dir='ltr'><strong>omnibus,</strong></span> 
     </span>
     <span class='ocr_line' id='line_1_21' title="bbox 300 2435 1045 2516; baseline -0.005 -16"><span class='ocrx_word' id='word_1_114' title='bbox 300 2453 381 2516; x_wconf 91' lang='lat' dir='ltr'><strong>quae</strong></span> <span class='ocrx_word' id='word_1_115' title='bbox 402 2437 440 2498; x_wconf 88' lang='lat' dir='ltr'><strong>ad</strong></span> <span class='ocrx_word' id='word_1_116' title='bbox 461 2435 619 2508; x_wconf 89' lang='lat' dir='ltr'><strong>eiusmodi</strong></span> <span class='ocrx_word' id='word_1_117' title='bbox 643 2436 807 2514; x_wconf 89' lang='lat' dir='ltr'><strong>pertinent</strong></span> <span class='ocrx_word' id='word_1_118' title='bbox 837 2451 966 2507; x_wconf 93' lang='lat' dir='ltr'><strong>munus,</strong></span> <span class='ocrx_word' id='word_1_119' title='bbox 992 2435 1045 2496; x_wconf 92' lang='lat' dir='ltr'><strong>cb-</strong></span> 
     </span>
     <span class='ocr_line' id='line_1_22' title="bbox 300 2527 1046 2608; baseline -0.007 -15"><span class='ocrx_word' id='word_1_120' title='bbox 300 2531 412 2608; x_wconf 91' lang='lat' dir='ltr'><strong>sequio</strong></span> <span class='ocrx_word' id='word_1_121' title='bbox 434 2529 508 2592; x_wconf 92' lang='lat' dir='ltr'><strong>huic</strong></span> <span class='ocrx_word' id='word_1_122' title='bbox 529 2528 729 2608; x_wconf 85' lang='lat' dir='ltr'><strong>Apostolicae</strong></span> <span class='ocrx_word' id='word_1_123' title='bbox 752 2527 825 2590; x_wconf 90' lang='lat' dir='ltr'><strong>Sedi</strong></span> <span class='ocrx_word' id='word_1_124' title='bbox 847 2527 954 2589; x_wconf 91' lang='lat' dir='ltr'><strong>debito</strong></span> <span class='ocrx_word' id='word_1_125' title='bbox 977 2528 1046 2589; x_wconf 92' lang='lat' dir='ltr'><strong>dili-</strong></span> 
     </span>
     <span class='ocr_line' id='line_1_23' title="bbox 301 2621 1045 2702; baseline -0.005 -15"><span class='ocrx_word' id='word_1_126' title='bbox 301 2630 415 2702; x_wconf 90' lang='lat' dir='ltr'><strong>genter</strong></span> <span class='ocrx_word' id='word_1_127' title='bbox 446 2631 594 2702; x_wconf 90' lang='lat' dir='ltr'><strong>pareant,</strong></span> <span class='ocrx_word' id='word_1_128' title='bbox 629 2623 758 2699; x_wconf 89' lang='lat' dir='ltr'><strong>tuisque</strong></span> <span class='ocrx_word' id='word_1_129' title='bbox 790 2621 921 2683; x_wconf 86' lang='lat' dir='ltr'><strong>monitis</strong></span> <span class='ocrx_word' id='word_1_130' title='bbox 950 2627 1045 2698; x_wconf 92' lang='lat' dir='ltr'><strong>atque</strong></span> 
     </span>
     <span class='ocr_line' id='line_1_24' title="bbox 300 2714 1045 2786; baseline -0.008 -6"><span class='ocrx_word' id='word_1_131' title='bbox 300 2717 455 2780; x_wconf 88' lang='lat' dir='ltr'><strong>mandatis</strong></span> <span class='ocrx_word' id='word_1_132' title='bbox 470 2715 630 2786; x_wconf 83' lang='lat' dir='ltr'><strong>obediant,</strong></span> <span class='ocrx_word' id='word_1_133' title='bbox 647 2715 770 2776; x_wconf 87' lang='lat' dir='ltr'><strong>sublatai</strong></span> <span class='ocrx_word' id='word_1_134' title='bbox 792 2714 924 2776; x_wconf 86' lang='lat' dir='ltr'><strong>cuilibet</strong></span> <span class='ocrx_word' id='word_1_135' title='bbox 939 2731 978 2775; x_wconf 87' lang='lat' dir='ltr'><strong>ex</strong></span> <span class='ocrx_word' id='word_1_136' title='bbox 994 2731 1045 2775; x_wconf 95' lang='lat' dir='ltr'><strong>su-</strong></span> 
     </span>
     <span class='ocr_line' id='line_1_25' title="bbox 300 2807 1045 2890; baseline -0.004 -19"><span class='ocrx_word' id='word_1_137' title='bbox 300 2809 481 2890; x_wconf 90' lang='lat' dir='ltr'><strong>perioribus</strong></span> <span class='ocrx_word' id='word_1_138' title='bbox 503 2808 648 2870; x_wconf 90' lang='lat' dir='ltr'><strong>eiusdem</strong></span> <span class='ocrx_word' id='word_1_139' title='bbox 671 2808 854 2870; x_wconf 88' lang='lat' dir='ltr'><strong>Tuneianae</strong></span> <span class='ocrx_word' id='word_1_140' title='bbox 884 2807 1045 2874; x_wconf 88' lang='lat' dir='ltr'><strong>missionis</strong></span> 
     </span>
     <span class='ocr_line' id='line_1_26' title="bbox 299 2899 1045 2982; baseline -0.007 -17"><span class='ocrx_word' id='word_1_141' title='bbox 299 2909 467 2982; x_wconf 85' lang='lat' dir='ltr'><strong>potestate,</strong></span> <span class='ocrx_word' id='word_1_142' title='bbox 490 2901 652 2978; x_wconf 87' lang='lat' dir='ltr'><strong>quidpiam</strong></span> <span class='ocrx_word' id='word_1_143' title='bbox 675 2917 733 2980; x_wconf 93' lang='lat' dir='ltr'><strong>per</strong></span> <span class='ocrx_word' id='word_1_144' title='bbox 754 2917 789 2962; x_wconf 91' lang='lat' dir='ltr'><strong>se</strong></span> <span class='ocrx_word' id='word_1_145' title='bbox 814 2900 867 2962; x_wconf 92' lang='lat' dir='ltr'><strong>vel</strong></span> <span class='ocrx_word' id='word_1_146' title='bbox 889 2915 946 2978; x_wconf 91' lang='lat' dir='ltr'><strong>per</strong></span> <span class='ocrx_word' id='word_1_147' title='bbox 968 2899 1045 2962; x_wconf 93' lang='lat' dir='ltr'><strong>alios</strong></span> 
     </span>
     <span class='ocr_line' id='line_1_27' title="bbox 299 2992 1045 3073; baseline -0.005 -17"><span class='ocrx_word' id='word_1_148' title='bbox 299 2997 369 3058; x_wconf 90' lang='lat' dir='ltr'><strong>sive</strong></span> <span class='ocrx_word' id='word_1_149' title='bbox 390 2994 515 3073; x_wconf 89' lang='lat' dir='ltr'><strong>scriptis</strong></span> <span class='ocrx_word' id='word_1_150' title='bbox 536 2994 605 3056; x_wconf 90' lang='lat' dir='ltr'><strong>sive</strong></span> <span class='ocrx_word' id='word_1_151' title='bbox 627 3008 707 3055; x_wconf 92' lang='lat' dir='ltr'><strong>voce</strong></span> <span class='ocrx_word' id='word_1_152' title='bbox 728 2992 909 3064; x_wconf 90' lang='lat' dir='ltr'><strong>mandandi,</strong></span> <span class='ocrx_word' id='word_1_153' title='bbox 932 3008 1045 3054; x_wconf 88' lang='lat' dir='ltr'><strong>consu-</strong></span> 
     </span>
     <span class='ocr_line' id='line_1_28' title="bbox 299 3085 1045 3163; baseline -0.008 -11"><span class='ocrx_word' id='word_1_154' title='bbox 299 3089 404 3162; x_wconf 90' lang='lat' dir='ltr'><strong>lendi,</strong></span> <span class='ocrx_word' id='word_1_155' title='bbox 435 3085 647 3158; x_wconf 91' lang='lat' dir='ltr'><strong>decernendi,</strong></span> <span class='ocrx_word' id='word_1_156' title='bbox 672 3087 757 3163; x_wconf 91' lang='lat' dir='ltr'><strong>quod</strong></span> <span class='ocrx_word' id='word_1_157' title='bbox 787 3087 968 3158; x_wconf 86' lang='lat' dir='ltr'><strong>retardare,</strong></span> <span class='ocrx_word' id='word_1_158' title='bbox 992 3086 1045 3146; x_wconf 90' lang='lat' dir='ltr'><strong>vel</strong></span> 
     </span>
     <span class='ocr_line' id='line_1_29' title="bbox 299 3177 1047 3256; baseline -0.005 -14"><span class='ocrx_word' id='word_1_159' title='bbox 299 3179 495 3242; x_wconf 90' lang='lat' dir='ltr'><strong>imminuere</strong></span> <span class='ocrx_word' id='word_1_160' title='bbox 516 3177 569 3239; x_wconf 92' lang='lat' dir='ltr'><strong>vel</strong></span> <span class='ocrx_word' id='word_1_161' title='bbox 592 3177 706 3256; x_wconf 92' lang='lat' dir='ltr'><strong>quovis</strong></span> <span class='ocrx_word' id='word_1_162' title='bbox 732 3177 828 3238; x_wconf 92' lang='lat' dir='ltr'><strong>modo</strong></span> <span class='ocrx_word' id='word_1_163' title='bbox 850 3177 970 3238; x_wconf 90' lang='lat' dir='ltr'><strong>directe</strong></span> <span class='ocrx_word' id='word_1_164' title='bbox 993 3183 1047 3238; x_wconf 92' lang='lat' dir='ltr'><strong>aut</strong></span> 
     </span>
     <span class='ocr_line' id='line_1_30' title="bbox 298 3270 1045 3350; baseline -0.003 -14"><span class='ocrx_word' id='word_1_165' title='bbox 298 3275 456 3338; x_wconf 89' lang='lat' dir='ltr'><strong>indirecte</strong></span> <span class='ocrx_word' id='word_1_166' title='bbox 472 3277 606 3334; x_wconf 88' lang='lat' dir='ltr'><strong>tenuare</strong></span> <span class='ocrx_word' id='word_1_167' title='bbox 622 3271 722 3350; x_wconf 91' lang='lat' dir='ltr'><strong>possit</strong></span> <span class='ocrx_word' id='word_1_168' title='bbox 737 3271 834 3331; x_wconf 90' lang='lat' dir='ltr'><strong>buius</strong></span> <span class='ocrx_word' id='word_1_169' title='bbox 846 3270 1045 3350; x_wconf 83' lang='lat' dir='ltr'><strong>Apostolicae</strong></span> 
     </span>
     <span class='ocr_line' id='line_1_31' title="bbox 299 3365 1042 3442; baseline -0.005 -12"><span class='ocrx_word' id='word_1_170' title='bbox 299 3367 498 3430; x_wconf 74' lang='lat' dir='ltr'><strong>visitationis</strong></span> <span class='ocrx_word' id='word_1_171' title='bbox 531 3365 681 3428; x_wconf 89' lang='lat' dir='ltr'><strong>ellectum</strong></span> <span class='ocrx_word' id='word_1_172' title='bbox 714 3370 746 3426; x_wconf 93' lang='lat' dir='ltr'><strong>et</strong></span> <span class='ocrx_word' id='word_1_173' title='bbox 778 3366 1042 3442; x_wconf 82' lang='lat' dir='ltr'><strong>exequutionem,</strong></span> 
     </span>
     <span class='ocr_line' id='line_1_32' title="bbox 299 3459 1045 3538; baseline -0.008 -14"><span class='ocrx_word' id='word_1_174' title='bbox 299 3461 441 3538; x_wconf 87' lang='lat' dir='ltr'><strong>alioquin</strong></span> <span class='ocrx_word' id='word_1_175' title='bbox 470 3459 662 3521; x_wconf 87' lang='lat' dir='ltr'><strong>sententiam</strong></span> <span class='ocrx_word' id='word_1_176' title='bbox 685 3473 742 3520; x_wconf 91' lang='lat' dir='ltr'><strong>seu</strong></span> <span class='ocrx_word' id='word_1_177' title='bbox 772 3473 926 3536; x_wconf 89' lang='lat' dir='ltr'><strong>poenam,</strong></span> <span class='ocrx_word' id='word_1_178' title='bbox 950 3472 1045 3534; x_wconf 91' lang='lat' dir='ltr'><strong>quam</strong></span> 
     </span>
     <span class='ocr_line' id='line_1_33' title="bbox 300 3549 1045 3622; baseline -0.005 -8"><span class='ocrx_word' id='word_1_179' title='bbox 300 3555 363 3616; x_wconf 91' lang='lat' dir='ltr'><strong>rite</strong></span> <span class='ocrx_word' id='word_1_180' title='bbox 384 3552 497 3615; x_wconf 90' lang='lat' dir='ltr'><strong>tuleris</strong></span> <span class='ocrx_word' id='word_1_181' title='bbox 519 3553 552 3612; x_wconf 91' lang='lat' dir='ltr'><strong>in</strong></span> <span class='ocrx_word' id='word_1_182' title='bbox 573 3549 713 3612; x_wconf 88' lang='lat' dir='ltr'><strong>rebelles</strong></span> <span class='ocrx_word' id='word_1_183' title='bbox 734 3565 791 3612; x_wconf 92' lang='lat' dir='ltr'><strong>seu</strong></span> <span class='ocrx_word' id='word_1_184' title='bbox 813 3549 974 3622; x_wconf 89' lang='lat' dir='ltr'><strong>statueris,</strong></span> <span class='ocrx_word' id='word_1_185' title='bbox 998 3567 1045 3611; x_wconf 92' lang='lat' dir='ltr'><strong>ra·</strong></span> 
     </span>
     <span class='ocr_line' id='line_1_34' title="bbox 300 3643 1045 3722; baseline -0.007 -13"><span class='ocrx_word' id='word_1_186' title='bbox 300 3655 365 3710; x_wconf 85' lang='lat' dir='ltr'><strong>tam</strong></span> <span class='ocrx_word' id='word_1_187' title='bbox 381 3645 581 3716; x_wconf 90' lang='lat' dir='ltr'><strong>babebimus,</strong></span> <span class='ocrx_word' id='word_1_188' title='bbox 595 3649 627 3706; x_wconf 86' lang='lat' dir='ltr'><strong>et</strong></span> <span class='ocrx_word' id='word_1_189' title='bbox 642 3643 794 3706; x_wconf 90' lang='lat' dir='ltr'><strong>faciemus</strong></span> <span class='ocrx_word' id='word_1_190' title='bbox 809 3643 841 3704; x_wconf 94' lang='lat' dir='ltr'><strong>vi</strong></span> <span class='ocrx_word' id='word_1_191' title='bbox 856 3643 1045 3722; x_wconf 92' lang='lat' dir='ltr'><strong>apostolicae</strong></span> 
     </span>
     <span class='ocr_line' id='line_1_35' title="bbox 301 3735 1045 3814; baseline -0.008 -10"><span class='ocrx_word' id='word_1_192' title='bbox 301 3747 430 3804; x_wconf 90' lang='lat' dir='ltr'><strong>nostrae</strong></span> <span class='ocrx_word' id='word_1_193' title='bbox 455 3737 649 3802; x_wconf 87' lang='lat' dir='ltr'><strong>auctoritatis</strong></span> <span class='ocrx_word' id='word_1_194' title='bbox 678 3751 782 3814; x_wconf 91' lang='lat' dir='ltr'><strong>usque</strong></span> <span class='ocrx_word' id='word_1_195' title='bbox 803 3737 841 3798; x_wconf 93' lang='lat' dir='ltr'><strong>ad</strong></span> <span class='ocrx_word' id='word_1_196' title='bbox 862 3735 1045 3798; x_wconf 88' lang='lat' dir='ltr'><strong>satisfactio-</strong></span> 
     </span>
     <span class='ocr_line' id='line_1_36' title="bbox 301 3829 1043 3910; baseline -0.011 -12"><span class='ocrx_word' id='word_1_197' title='bbox 301 3851 377 3898; x_wconf 92' lang='lat' dir='ltr'><strong>nem</strong></span> <span class='ocrx_word' id='word_1_198' title='bbox 398 3834 590 3910; x_wconf 82' lang='lat' dir='ltr'><strong>condignam</strong></span> <span class='ocrx_word' id='word_1_199' title='bbox 612 3829 840 3892; x_wconf 86' lang='lat' dir='ltr'><strong>inviolabilitcr</strong></span> <span class='ocrx_word' id='word_1_200' title='bbox 863 3830 1043 3905; x_wconf 87' lang='lat' dir='ltr'><strong>observari;</strong></span> 
     </span>
     <span class='ocr_line' id='line_1_37' title="bbox 301 3923 1045 4003; baseline -0.005 -14"><span class='ocrx_word' id='word_1_201' title='bbox 301 3929 386 3990; x_wconf 81' lang='lat' dir='ltr'><strong>salva</strong></span> <span class='ocrx_word' id='word_1_202' title='bbox 408 3935 514 3989; x_wconf 89' lang='lat' dir='ltr'><strong>tamen</strong></span> <span class='ocrx_word' id='word_1_203' title='bbox 537 3939 666 4003; x_wconf 89' lang='lat' dir='ltr'><strong>semper</strong></span> <span class='ocrx_word' id='word_1_204' title='bbox 687 3923 720 3984; x_wconf 90' lang='lat' dir='ltr'><strong>in</strong></span> <span class='ocrx_word' id='word_1_205' title='bbox 736 3923 918 4000; x_wconf 88' lang='lat' dir='ltr'><strong>praemissis</strong></span> <span class='ocrx_word' id='word_1_206' title='bbox 940 3929 1045 3985; x_wconf 94' lang='lat' dir='ltr'><strong>aucto-</strong></span> 
     </span>
     <span class='ocr_line' id='line_1_38' title="bbox 301 4015 1045 4096; baseline -0.007 -13"><span class='ocrx_word' id='word_1_207' title='bbox 301 4021 395 4083; x_wconf 91' lang='lat' dir='ltr'><strong>ritate</strong></span> <span class='ocrx_word' id='word_1_208' title='bbox 408 4017 676 4096; x_wconf 74' lang='lat' dir='ltr'><strong>congregationis</strong></span> <span class='ocrx_word' id='word_1_209' title='bbox 692 4017 882 4078; x_wconf 90' lang='lat' dir='ltr'><strong>eorumdem</strong></span> <span class='ocrx_word' id='word_1_210' title='bbox 897 4015 1045 4078; x_wconf 85' lang='lat' dir='ltr'><strong>Gardiua-</strong></span> 
     </span>
     <span class='ocr_line' id='line_1_39' title="bbox 301 4109 1046 4176; baseline -0.005 0"><span class='ocrx_word' id='word_1_211' title='bbox 301 4113 392 4176; x_wconf 90' lang='lat' dir='ltr'><strong>lium.</strong></span> <span class='ocrx_word' id='word_1_212' title='bbox 416 4111 487 4175; x_wconf 89' lang='lat' dir='ltr'><strong>Non</strong></span> <span class='ocrx_word' id='word_1_213' title='bbox 502 4110 700 4175; x_wconf 87' lang='lat' dir='ltr'><strong>obstantibus</strong></span> <span class='ocrx_word' id='word_1_214' title='bbox 716 4109 998 4172; x_wconf 88' lang='lat' dir='ltr'><strong>constitutionibus</strong></span> <span class='ocrx_word' id='word_1_215' title='bbox 1014 4116 1046 4172; x_wconf 90' lang='lat' dir='ltr'><strong>et</strong></span> 
     </span>
     <span class='ocr_line' id='line_1_40' title="bbox 301 4203 1045 4282; baseline -0.003 -15"><span class='ocrx_word' id='word_1_216' title='bbox 301 4205 518 4269; x_wconf 89' lang='lat' dir='ltr'><strong>sanctionibus</strong></span> <span class='ocrx_word' id='word_1_217' title='bbox 539 4203 731 4282; x_wconf 90' lang='lat' dir='ltr'><strong>apostolicis,</strong></span> <span class='ocrx_word' id='word_1_218' title='bbox 749 4203 949 4280; x_wconf 91' lang='lat' dir='ltr'><strong>caeterisque</strong></span> <span class='ocrx_word' id='word_1_219' title='bbox 972 4220 1045 4266; x_wconf 92' lang='lat' dir='ltr'><strong>cou-</strong></span> 
     </span>
     <span class='ocr_line' id='line_1_41' title="bbox 302 4298 698 4376; baseline -0.01 -16"><span class='ocrx_word' id='word_1_220' title='bbox 302 4299 407 4361; x_wconf 90' lang='lat' dir='ltr'><strong>trariis</strong></span> <span class='ocrx_word' id='word_1_221' title='bbox 429 4298 698 4376; x_wconf 91' lang='lat' dir='ltr'><strong>quibuscumque.</strong></span> 
     </span>
    </p>

    <p class='ocr_par' dir='ltr' id='par_1_4' title="bbox 302 4388 1046 4660">
     <span class='ocr_line' id='line_1_42' title="bbox 341 4388 1046 4468; baseline -0.003 -14"><span class='ocrx_word' id='word_1_222' title='bbox 341 4393 455 4454; x_wconf 87' lang='lat' dir='ltr'><strong>Datum</strong></span> <span class='ocrx_word' id='word_1_223' title='bbox 469 4391 599 4461; x_wconf 88' lang='lat' dir='ltr'><strong>Romae,</strong></span> <span class='ocrx_word' id='word_1_224' title='bbox 616 4389 699 4468; x_wconf 91' lang='lat' dir='ltr'><strong>apud</strong></span> <span class='ocrx_word' id='word_1_225' title='bbox 716 4388 746 4450; x_wconf 90' lang='lat' dir='ltr'><strong>S.</strong></span> <span class='ocrx_word' id='word_1_226' title='bbox 764 4389 896 4451; x_wconf 91' lang='lat' dir='ltr'><strong>Petrum</strong></span> <span class='ocrx_word' id='word_1_227' title='bbox 918 4389 978 4452; x_wconf 94' lang='lat' dir='ltr'><strong>sub</strong></span> <span class='ocrx_word' id='word_1_228' title='bbox 993 4407 1046 4452; x_wconf 90' lang='lat' dir='ltr'><strong>an-</strong></span> 
     </span>
     <span class='ocr_line' id='line_1_43' title="bbox 302 4483 1044 4556; baseline -0.008 -8"><span class='ocrx_word' id='word_1_229' title='bbox 302 4486 379 4548; x_wconf 91' lang='lat' dir='ltr'><strong>nulo</strong></span> <span class='ocrx_word' id='word_1_230' title='bbox 400 4485 524 4556; x_wconf 86' lang='lat' dir='ltr'><strong>Piscat,</strong></span> <span class='ocrx_word' id='word_1_231' title='bbox 541 4483 592 4546; x_wconf 93' lang='lat' dir='ltr'><strong>die</strong></span> <span class='ocrx_word' id='word_1_232' title='bbox 610 4499 674 4544; x_wconf 82' lang='lat' dir='ltr'><strong>xiv.</strong></span> <span class='ocrx_word' id='word_1_233' title='bbox 689 4483 795 4544; x_wconf 92' lang='lat' dir='ltr'><strong>martii</strong></span> <span class='ocrx_word' id='word_1_234' title='bbox 811 4499 1044 4555; x_wconf 68' lang='lat' dir='ltr'><strong>uocccxxurv,</strong></span> 
     </span>
     <span class='ocr_line' id='line_1_44' title="bbox 302 4577 798 4660; baseline -0.014 -17"><span class='ocrx_word' id='word_1_235' title='bbox 302 4579 502 4660; x_wconf 88' lang='lat' dir='ltr'><strong>pontificatus</strong></span> <span class='ocrx_word' id='word_1_236' title='bbox 525 4577 628 4640; x_wconf 89' lang='lat' dir='ltr'><strong>nostri</strong></span> <span class='ocrx_word' id='word_1_237' title='bbox 649 4591 733 4638; x_wconf 90' lang='lat' dir='ltr'><strong>anne</strong></span> <span class='ocrx_word' id='word_1_238' title='bbox 755 4593 798 4636; x_wconf 88' lang='lat' dir='ltr'><strong>rv.</strong></span> 
     </span>
    </p>
   </div>
   <div class='ocr_carea' id='block_1_3' title="bbox 553 4772 792 4787">
    <p class='ocr_par' dir='ltr' id='par_1_5' title="bbox 553 4772 792 4787">
     <span class='ocr_line' id='line_1_45' title="bbox 553 4772 792 4787; baseline 0 -1"><span class='ocrx_word' id='word_1_239' title='bbox 553 4772 792 4787; x_wconf 57' lang='lat' dir='ltr'><strong>*nu-</strong></span> 
     </span>
    </p>
   </div>
   <div class='ocr_carea' id='block_1_4' title="bbox 627 4950 720 5013">
    <p class='ocr_par' dir='ltr' id='par_1_6' title="bbox 627 4950 720 5013">
     <span class='ocr_line' id='line_1_46' title="bbox 627 4950 720 5013; baseline 0.011 -1"><span class='ocrx_word' id='word_1_240' title='bbox 627 4950 720 5013; x_wconf 89' lang='lat' dir='ltr'><strong>Lllv.</strong></span> 
     </span>
    </p>
   </div>
   <div class='ocr_carea' id='block_1_5' title="bbox 306 5137 1047 5782">
    <p class='ocr_par' dir='ltr' id='par_1_7' title="bbox 306 5137 1047 5782">
     <span class='ocr_line' id='line_1_47' title="bbox 306 5137 1046 5220; baseline -0.005 -17"><span class='ocrx_word' id='word_1_241' title='bbox 306 5141 464 5205; x_wconf 83' lang='lat' dir='ltr'><strong>vicarium</strong></span> <span class='ocrx_word' id='word_1_242' title='bbox 486 5139 544 5220; x_wconf 86' lang='lat' dir='ltr'><strong>Ap.</strong></span> <span class='ocrx_word' id='word_1_243' title='bbox 572 5137 737 5201; x_wconf 84' lang='lat' dir='ltr'><strong>Geicettcc</strong></span> <span class='ocrx_word' id='word_1_244' title='bbox 752 5137 920 5199; x_wconf 81' lang='lat' dir='ltr'><strong>constituit</strong></span> <span class='ocrx_word' id='word_1_245' title='bbox 941 5137 1046 5199; x_wconf 78' lang='lat' dir='ltr'><strong>imene-</strong></span> 
     </span>
     <span class='ocr_line' id='line_1_48' title="bbox 341 5229 1046 5310; baseline -0.006 -14"><span class='ocrx_word' id='word_1_246' title='bbox 341 5234 427 5296; x_wconf 88' lang='lat' dir='ltr'><strong>diote</strong></span> <span class='ocrx_word' id='word_1_247' title='bbox 449 5251 470 5298; x_wconf 85' lang='lat' dir='ltr'><strong>a</strong></span> <span class='ocrx_word' id='word_1_248' title='bbox 491 5231 522 5294; x_wconf 91' lang='lat' dir='ltr'><strong>S.</strong></span> <span class='ocrx_word' id='word_1_249' title='bbox 554 5229 629 5293; x_wconf 83' lang='lat' dir='ltr'><strong>Sede</strong></span> <span class='ocrx_word' id='word_1_250' title='bbox 657 5229 891 5310; x_wconf 81' lang='lat' dir='ltr'><strong>dependentem,</strong></span> <span class='ocrx_word' id='word_1_251' title='bbox 915 5231 969 5292; x_wconf 84' lang='lat' dir='ltr'><strong>cui</strong></span> <span class='ocrx_word' id='word_1_252' title='bbox 990 5246 1046 5310; x_wconf 84' lang='lat' dir='ltr'><strong>pu-</strong></span> 
     </span>
     <span class='ocr_line' id='line_1_49' title="bbox 341 5323 1047 5402; baseline -0.008 -11"><span class='ocrx_word' id='word_1_253' title='bbox 341 5326 487 5391; x_wconf 85' lang='lat' dir='ltr'><strong>bercium</strong></span> <span class='ocrx_word' id='word_1_254' title='bbox 521 5323 690 5388; x_wconf 83' lang='lat' dir='ltr'><strong>committit</strong></span> <span class='ocrx_word' id='word_1_255' title='bbox 725 5323 890 5386; x_wconf 83' lang='lat' dir='ltr'><strong>Colcuttae</strong></span> <span class='ocrx_word' id='word_1_256' title='bbox 920 5323 1047 5402; x_wconf 83' lang='lat' dir='ltr'><strong>eiusque</strong></span> 
     </span>
     <span class='ocr_line' id='line_1_50' title="bbox 338 5416 1046 5502; baseline -0.006 -19"><span class='ocrx_word' id='word_1_257' title='bbox 338 5421 489 5502; x_wconf 85' lang='lat' dir='ltr'><strong>politicae</strong></span> <span class='ocrx_word' id='word_1_258' title='bbox 507 5419 742 5500; x_wconf 71' lang='lat' dir='ltr'><strong>praefecturae,</strong></span> <span class='ocrx_word' id='word_1_259' title='bbox 759 5416 896 5496; x_wconf 79' lang='lat' dir='ltr'><strong>conceptis</strong></span> <span class='ocrx_word' id='word_1_260' title='bbox 911 5417 1046 5497; x_wconf 83' lang='lat' dir='ltr'><strong>ropioni-</strong></span> 
     </span>
     <span class='ocr_line' id='line_1_51' title="bbox 341 5507 1047 5590; baseline -0.01 -11"><span class='ocrx_word' id='word_1_261' title='bbox 341 5514 399 5579; x_wconf 79' lang='lat' dir='ltr'><strong>bus</strong></span> <span class='ocrx_word' id='word_1_262' title='bbox 418 5512 567 5577; x_wconf 80' lang='lat' dir='ltr'><strong>subiectis</strong></span> <span class='ocrx_word' id='word_1_263' title='bbox 592 5511 653 5574; x_wconf 88' lang='lat' dir='ltr'><strong>vic.</strong></span> <span class='ocrx_word' id='word_1_264' title='bbox 671 5511 728 5590; x_wconf 83' lang='lat' dir='ltr'><strong>Ap.</strong></span> <span class='ocrx_word' id='word_1_265' title='bbox 754 5507 890 5573; x_wconf 82' lang='lat' dir='ltr'><strong>Tbibetic</strong></span> <span class='ocrx_word' id='word_1_266' title='bbox 910 5510 996 5572; x_wconf 82' lang='lat' dir='ltr'><strong>Acce</strong></span> <span class='ocrx_word' id='word_1_267' title='bbox 1017 5515 1047 5572; x_wconf 90' lang='lat' dir='ltr'><strong>et</strong></span> 
     </span>
     <span class='ocr_line' id='line_1_52' title="bbox 341 5603 1046 5689; baseline -0.006 -20"><span class='ocrx_word' id='word_1_268' title='bbox 341 5607 441 5689; x_wconf 83' lang='lat' dir='ltr'><strong>Papae,</strong></span> <span class='ocrx_word' id='word_1_269' title='bbox 473 5606 566 5669; x_wconf 82' lang='lat' dir='ltr'><strong>uella</strong></span> <span class='ocrx_word' id='word_1_270' title='bbox 594 5603 705 5668; x_wconf 85' lang='lat' dir='ltr'><strong>dubito</strong></span> <span class='ocrx_word' id='word_1_271' title='bbox 732 5604 859 5668; x_wconf 81' lang='lat' dir='ltr'><strong>ratione</strong></span> <span class='ocrx_word' id='word_1_272' title='bbox 886 5603 923 5665; x_wconf 90' lang='lat' dir='ltr'><strong>de</strong></span> <span class='ocrx_word' id='word_1_273' title='bbox 944 5619 1046 5686; x_wconf 81' lang='lat' dir='ltr'><strong>pecco</strong></span> 
     </span>
     <span class='ocr_line' id='line_1_53' title="bbox 339 5696 593 5782; baseline -0.024 -17"><span class='ocrx_word' id='word_1_274' title='bbox 339 5705 517 5782; x_wconf 80' lang='lat' dir='ltr'><strong>petroccio</strong></span> <span class='ocrx_word' id='word_1_275' title='bbox 537 5696 593 5778; x_wconf 86' lang='lat' dir='ltr'><strong>(l).</strong></span> 
     </span>
    </p>
   </div>
   <div class='ocr_carea' id='block_1_6' title="bbox 342 5913 784 5972">
    <p class='ocr_par' dir='ltr' id='par_1_8' title="bbox 342 5913 784 5972">
     <span class='ocr_line' id='line_1_54' title="bbox 342 5913 784 5972; baseline -0.007 -13"><span class='ocrx_word' id='word_1_276' title='bbox 342 5916 371 5972; x_wconf 79' lang='lat' dir='ltr'><strong>tl)</strong></span> <span class='ocrx_word' id='word_1_277' title='bbox 387 5915 449 5960; x_wconf 85' lang='lat' dir='ltr'><strong>Vide</strong></span> <span class='ocrx_word' id='word_1_278' title='bbox 465 5913 533 5960; x_wconf 82' lang='lat' dir='ltr'><strong>infra</strong></span> <span class='ocrx_word' id='word_1_279' title='bbox 549 5917 687 5960; x_wconf 79' lang='lat' dir='ltr'><strong>Commissi</strong></span> <span class='ocrx_word' id='word_1_280' title='bbox 702 5917 784 5958; x_wconf 67' lang='lat' dir='ltr'><strong>crocle.</strong></span> 
     </span>
    </p>
   </div>
   <div class='ocr_carea' id='block_1_7' title="bbox 1102 661 1845 838">
    <p class='ocr_par' dir='ltr' id='par_1_9' title="bbox 1102 661 1845 838">
     <span class='ocr_line' id='line_1_55' title="bbox 1102 661 1845 754; baseline 0.012 -26"><span class='ocrx_word' id='word_1_281' title='bbox 1102 661 1218 732; x_wconf 83' lang='lat' dir='ltr'><strong>Dilecto</strong></span> <span class='ocrx_word' id='word_1_282' title='bbox 1240 664 1304 732; x_wconf 89' lang='lat' dir='ltr'><strong>lilio</strong></span> <span class='ocrx_word' id='word_1_283' title='bbox 1326 664 1459 734; x_wconf 84' lang='lat' dir='ltr'><strong>lieberto</strong></span> <span class='ocrx_word' id='word_1_284' title='bbox 1481 665 1528 734; x_wconf 83' lang='lat' dir='ltr'><strong>St.</strong></span> <span class='ocrx_word' id='word_1_285' title='bbox 1547 669 1648 752; x_wconf 77' lang='lat' dir='ltr'><strong>Lepet·</strong></span> <span class='ocrx_word' id='word_1_286' title='bbox 1667 671 1845 754; x_wconf 82' lang='lat' dir='ltr'><strong>presbytero</strong></span> 
     </span>
     <span class='ocr_line' id='line_1_56' title="bbox 1341 757 1606 838; baseline 0 -14"><span class='ocrx_word' id='word_1_287' title='bbox 1341 757 1508 827; x_wconf 79' lang='lat' dir='ltr'><strong>societatis</strong></span> <span class='ocrx_word' id='word_1_288' title='bbox 1530 758 1606 838; x_wconf 83' lang='lat' dir='ltr'><strong>lesu,</strong></span> 
     </span>
    </p>
   </div>
   <div class='ocr_carea' id='block_1_8' title="bbox 1280 943 1671 1015">
    <p class='ocr_par' dir='ltr' id='par_1_10' title="bbox 1280 943 1671 1015">
     <span class='ocr_line' id='line_1_57' title="bbox 1280 943 1671 1015; baseline 0.013 -5"><span class='ocrx_word' id='word_1_289' title='bbox 1280 943 1496 1012; x_wconf 67' lang='lat' dir='ltr'><strong>edicemus</strong></span> <span class='ocrx_word' id='word_1_290' title='bbox 1519 945 1579 1014; x_wconf 89' lang='grc' dir='ltr'><strong>ΡΡ.</strong></span> <span class='ocrx_word' id='word_1_291' title='bbox 1602 946 1671 1015; x_wconf 73' lang='lat' dir='ltr'><strong>xvl.</strong></span> 
     </span>
    </p>
   </div>
   <div class='ocr_carea' id='block_1_9' title="bbox 1134 1131 1811 1306">
    <p class='ocr_par' dir='ltr' id='par_1_11' title="bbox 1134 1131 1811 1306">
     <span class='ocr_line' id='line_1_58' title="bbox 1375 1131 1573 1214; baseline 0.015 -16"><span class='ocrx_word' id='word_1_292' title='bbox 1375 1131 1491 1200; x_wconf 87' lang='lat' dir='ltr'><strong>ftilecte</strong></span> <span class='ocrx_word' id='word_1_293' title='bbox 1514 1134 1573 1214; x_wconf 85' lang='lat' dir='ltr'><strong>lili,</strong></span> 
     </span>
     <span class='ocr_line' id='line_1_59' title="bbox 1134 1218 1811 1306; baseline 0.018 -21"><span class='ocrx_word' id='word_1_294' title='bbox 1134 1218 1262 1286; x_wconf 82' lang='lat' dir='ltr'><strong>salutem</strong></span> <span class='ocrx_word' id='word_1_295' title='bbox 1286 1227 1318 1287; x_wconf 90' lang='lat' dir='ltr'><strong>et</strong></span> <span class='ocrx_word' id='word_1_296' title='bbox 1343 1224 1539 1306; x_wconf 84' lang='lat' dir='ltr'><strong>apostolicam</strong></span> <span class='ocrx_word' id='word_1_297' title='bbox 1562 1227 1811 1296; x_wconf 85' lang='lat' dir='ltr'><strong>benedictionem.</strong></span> 
     </span>
    </p>
   </div>
   <div class='ocr_carea' id='block_1_10' title="bbox 1140 1408 2077 1529">
    <p class='ocr_par' dir='ltr' id='par_1_12' title="bbox 1140 1408 2077 1529">
     <span class='ocr_line' id='line_1_60' title="bbox 1140 1408 2077 1529; baseline 0.017 -61"><span class='ocrx_word' id='word_1_298' title='bbox 1140 1409 1159 1482; x_wconf 68' lang='grc' dir='ltr'><strong>ἓ</strong></span> <span class='ocrx_word' id='word_1_299' title='bbox 1183 1408 1209 1468; x_wconf 90' lang='lat' dir='ltr'><strong>l.</strong></span> <span class='ocrx_word' id='word_1_300' title='bbox 1234 1408 1392 1472; x_wconf 77' lang='lat' dir='ltr'><strong>latissimi</strong></span> <span class='ocrx_word' id='word_1_301' title='bbox 1425 1419 1586 1476; x_wconf 91' lang='lat' dir='ltr'><strong>terrarum</strong></span> <span class='ocrx_word' id='word_1_302' title='bbox 1620 1417 1771 1490; x_wconf 89' lang='lat' dir='ltr'><strong>tractus,&#39;</strong></span> <span class='ocrx_word' id='word_1_303' title='bbox 1791 1421 1845 1497; x_wconf 94' lang='lat' dir='ltr'><strong>qui</strong></span> <span class='ocrx_word' id='word_1_304' title='bbox 1865 1429 2077 1529; x_wconf 51' lang='lat' dir='ltr'><strong>siginfffmnm</strong></span> 
     </span>
    </p>
   </div>
   <div class='ocr_carea' id='block_1_11' title="bbox 1100 1498 1847 3998">
    <p class='ocr_par' dir='ltr' id='par_1_13' title="bbox 1100 1498 1847 3998">
     <span class='ocr_line' id='line_1_61' title="bbox 1101 1498 1845 1590; baseline 0.022 -31"><span class='ocrx_word' id='word_1_305' title='bbox 1101 1498 1320 1564; x_wconf 89' lang='lat' dir='ltr'><strong>Brittanorum</strong></span> <span class='ocrx_word' id='word_1_306' title='bbox 1335 1504 1483 1583; x_wconf 91' lang='lat' dir='ltr'><strong>imperio,</strong></span> <span class='ocrx_word' id='word_1_307' title='bbox 1500 1508 1709 1586; x_wconf 91' lang='lat' dir='ltr'><strong>ipsorumque</strong></span> <span class='ocrx_word' id='word_1_308' title='bbox 1725 1514 1845 1590; x_wconf 91' lang='lat' dir='ltr'><strong>magni-</strong></span> 
     </span>
     <span class='ocr_line' id='line_1_62' title="bbox 1101 1591 1842 1677; baseline 0.02 -25"><span class='ocrx_word' id='word_1_309' title='bbox 1101 1591 1178 1654; x_wconf 90' lang='lat' dir='ltr'><strong>ficae</strong></span> <span class='ocrx_word' id='word_1_310' title='bbox 1199 1594 1343 1656; x_wconf 90' lang='lat' dir='ltr'><strong>societati</strong></span> <span class='ocrx_word' id='word_1_311' title='bbox 1364 1596 1397 1658; x_wconf 92' lang='lat' dir='ltr'><strong>in</strong></span> <span class='ocrx_word' id='word_1_312' title='bbox 1419 1597 1505 1660; x_wconf 87' lang='lat' dir='ltr'><strong>ludia</strong></span> <span class='ocrx_word' id='word_1_313' title='bbox 1519 1598 1672 1662; x_wconf 88' lang='lat' dir='ltr'><strong>Orientali</strong></span> <span class='ocrx_word' id='word_1_314' title='bbox 1696 1603 1842 1677; x_wconf 89' lang='lat' dir='ltr'><strong>subsunt,</strong></span> 
     </span>
     <span class='ocr_line' id='line_1_63' title="bbox 1100 1684 1847 1772; baseline 0.021 -28"><span class='ocrx_word' id='word_1_315' title='bbox 1100 1684 1350 1750; x_wconf 87' lang='lat' dir='ltr'><strong>sollicitudinem</strong></span> <span class='ocrx_word' id='word_1_316' title='bbox 1376 1696 1519 1752; x_wconf 90' lang='lat' dir='ltr'><strong>nostram</strong></span> <span class='ocrx_word' id='word_1_317' title='bbox 1545 1709 1639 1772; x_wconf 89' lang='lat' dir='ltr'><strong>saepe</strong></span> <span class='ocrx_word' id='word_1_318' title='bbox 1666 1696 1847 1760; x_wconf 85' lang='lat' dir='ltr'><strong>excitarunt</strong></span> 
     </span>
     <span class='ocr_line' id='line_1_64' title="bbox 1100 1776 1846 1864; baseline 0.02 -27"><span class='ocrx_word' id='word_1_319' title='bbox 1100 1776 1162 1838; x_wconf 92' lang='lat' dir='ltr'><strong>iam</strong></span> <span class='ocrx_word' id='word_1_320' title='bbox 1185 1777 1259 1840; x_wconf 91' lang='lat' dir='ltr'><strong>iude</strong></span> <span class='ocrx_word' id='word_1_321' title='bbox 1281 1779 1318 1842; x_wconf 94' lang='lat' dir='ltr'><strong>ab</strong></span> <span class='ocrx_word' id='word_1_322' title='bbox 1341 1797 1380 1843; x_wconf 92' lang='lat' dir='ltr'><strong>eo</strong></span> <span class='ocrx_word' id='word_1_323' title='bbox 1402 1788 1564 1862; x_wconf 90' lang='lat' dir='ltr'><strong>tempere,</strong></span> <span class='ocrx_word' id='word_1_324' title='bbox 1588 1801 1652 1864; x_wconf 93' lang='lat' dir='ltr'><strong>quo</strong></span> <span class='ocrx_word' id='word_1_325' title='bbox 1678 1790 1846 1852; x_wconf 92' lang='lat' dir='ltr'><strong>venerabi-</strong></span> 
     </span>
     <span class='ocr_line' id='line_1_65' title="bbox 1102 1867 1846 1944; baseline 0.023 -16"><span class='ocrx_word' id='word_1_326' title='bbox 1102 1867 1181 1930; x_wconf 92' lang='lat' dir='ltr'><strong>lium</strong></span> <span class='ocrx_word' id='word_1_327' title='bbox 1203 1869 1338 1934; x_wconf 84' lang='lat' dir='ltr'><strong>fratrum</strong></span> <span class='ocrx_word' id='word_1_328' title='bbox 1362 1882 1549 1940; x_wconf 92' lang='lat' dir='ltr'><strong>nostrorum</strong></span> <span class='ocrx_word' id='word_1_329' title='bbox 1572 1877 1603 1940; x_wconf 91' lang='lat' dir='ltr'><strong>S.</strong></span> <span class='ocrx_word' id='word_1_330' title='bbox 1621 1880 1657 1942; x_wconf 86' lang='lat' dir='ltr'><strong>R.</strong></span> <span class='ocrx_word' id='word_1_331' title='bbox 1679 1880 1715 1942; x_wconf 85' lang='lat' dir='ltr'><strong>E.</strong></span> <span class='ocrx_word' id='word_1_332' title='bbox 1739 1881 1846 1944; x_wconf 84' lang='lat' dir='ltr'><strong>Cardi-</strong></span> 
     </span>
     <span class='ocr_line' id='line_1_66' title="bbox 1102 1963 1846 2056; baseline 0.022 -32"><span class='ocrx_word' id='word_1_333' title='bbox 1102 1963 1222 2024; x_wconf 90' lang='lat' dir='ltr'><strong>nalium</strong></span> <span class='ocrx_word' id='word_1_334' title='bbox 1238 1969 1376 2044; x_wconf 90' lang='lat' dir='ltr'><strong>negotiis</strong></span> <span class='ocrx_word' id='word_1_335' title='bbox 1393 1970 1433 2031; x_wconf 93' lang='lat' dir='ltr'><strong>de</strong></span> <span class='ocrx_word' id='word_1_336' title='bbox 1448 1970 1650 2049; x_wconf 88' lang='lat' dir='ltr'><strong>Propaganda</strong></span> <span class='ocrx_word' id='word_1_337' title='bbox 1666 1975 1742 2038; x_wconf 83' lang='lat' dir='ltr'><strong>Fide</strong></span> <span class='ocrx_word' id='word_1_338' title='bbox 1757 1993 1846 2056; x_wconf 91' lang='lat' dir='ltr'><strong>prae-</strong></span> 
     </span>
     <span class='ocr_line' id='line_1_67' title="bbox 1101 2056 1846 2144; baseline 0.027 -29"><span class='ocrx_word' id='word_1_339' title='bbox 1101 2056 1280 2134; x_wconf 91' lang='lat' dir='ltr'><strong>positorum</strong></span> <span class='ocrx_word' id='word_1_340' title='bbox 1292 2059 1543 2140; x_wconf 77' lang='lat' dir='ltr'><strong>congregationi</strong></span> <span class='ocrx_word' id='word_1_341' title='bbox 1555 2082 1771 2144; x_wconf 89' lang='lat' dir='ltr'><strong>praeeramus.</strong></span> <span class='ocrx_word' id='word_1_342' title='bbox 1788 2071 1846 2134; x_wconf 88' lang='lat' dir='ltr'><strong>De-</strong></span> 
     </span>
     <span class='ocr_line' id='line_1_68' title="bbox 1100 2149 1847 2238; baseline 0.024 -30"><span class='ocrx_word' id='word_1_343' title='bbox 1100 2149 1175 2212; x_wconf 92' lang='lat' dir='ltr'><strong>inde</strong></span> <span class='ocrx_word' id='word_1_344' title='bbox 1197 2166 1276 2214; x_wconf 92' lang='lat' dir='ltr'><strong>vero</strong></span> <span class='ocrx_word' id='word_1_345' title='bbox 1298 2155 1335 2215; x_wconf 93' lang='lat' dir='ltr'><strong>ad</strong></span> <span class='ocrx_word' id='word_1_346' title='bbox 1357 2156 1551 2233; x_wconf 85' lang='lat' dir='ltr'><strong>apostolatus</strong></span> <span class='ocrx_word' id='word_1_347' title='bbox 1566 2161 1698 2238; x_wconf 89' lang='lat' dir='ltr'><strong>apicem,</strong></span> <span class='ocrx_word' id='word_1_348' title='bbox 1722 2163 1788 2225; x_wconf 89' lang='lat' dir='ltr'><strong>Deo</strong></span> <span class='ocrx_word' id='word_1_349' title='bbox 1802 2164 1847 2226; x_wconf 90' lang='lat' dir='ltr'><strong>sic</strong></span> 
     </span>
     <span class='ocr_line' id='line_1_69' title="bbox 1101 2244 1845 2336; baseline 0.02 -32"><span class='ocrx_word' id='word_1_350' title='bbox 1101 2244 1303 2321; x_wconf 88' lang='lat' dir='ltr'><strong>disponente,</strong></span> <span class='ocrx_word' id='word_1_351' title='bbox 1318 2250 1469 2325; x_wconf 91' lang='lat' dir='ltr'><strong>promoti,</strong></span> <span class='ocrx_word' id='word_1_352' title='bbox 1483 2253 1586 2314; x_wconf 90' lang='lat' dir='ltr'><strong>multo</strong></span> <span class='ocrx_word' id='word_1_353' title='bbox 1598 2254 1775 2334; x_wconf 92' lang='lat' dir='ltr'><strong>impensius</strong></span> <span class='ocrx_word' id='word_1_354' title='bbox 1787 2273 1845 2336; x_wconf 92' lang='lat' dir='ltr'><strong>pro</strong></span> 
     </span>
     <span class='ocr_line' id='line_1_70' title="bbox 1101 2339 1846 2419; baseline 0.02 -21"><span class='ocrx_word' id='word_1_355' title='bbox 1101 2339 1203 2398; x_wconf 90' lang='lat' dir='ltr'><strong>nostri</strong></span> <span class='ocrx_word' id='word_1_356' title='bbox 1219 2342 1363 2402; x_wconf 87' lang='lat' dir='ltr'><strong>muneris</strong></span> <span class='ocrx_word' id='word_1_357' title='bbox 1379 2345 1546 2419; x_wconf 90' lang='lat' dir='ltr'><strong>gravitate,</strong></span> <span class='ocrx_word' id='word_1_358' title='bbox 1564 2347 1604 2409; x_wconf 89' lang='lat' dir='ltr'><strong>de</strong></span> <span class='ocrx_word' id='word_1_359' title='bbox 1624 2349 1776 2412; x_wconf 88' lang='lat' dir='ltr'><strong>catholica</strong></span> <span class='ocrx_word' id='word_1_360' title='bbox 1796 2367 1846 2413; x_wconf 92' lang='lat' dir='ltr'><strong>re-</strong></span> 
     </span>
     <span class='ocr_line' id='line_1_71' title="bbox 1101 2429 1845 2522; baseline 0.023 -33"><span class='ocrx_word' id='word_1_361' title='bbox 1101 2429 1223 2506; x_wconf 90' lang='lat' dir='ltr'><strong>ligione</strong></span> <span class='ocrx_word' id='word_1_362' title='bbox 1244 2433 1277 2494; x_wconf 91' lang='lat' dir='ltr'><strong>in</strong></span> <span class='ocrx_word' id='word_1_363' title='bbox 1300 2435 1467 2512; x_wconf 86' lang='lat' dir='ltr'><strong>praedictis</strong></span> <span class='ocrx_word' id='word_1_364' title='bbox 1495 2439 1683 2516; x_wconf 91' lang='lat' dir='ltr'><strong>regionibus</strong></span> <span class='ocrx_word' id='word_1_365' title='bbox 1712 2445 1845 2522; x_wconf 87' lang='lat' dir='ltr'><strong>amplifi-</strong></span> 
     </span>
     <span class='ocr_line' id='line_1_72' title="bbox 1101 2525 1846 2606; baseline 0.023 -23"><span class='ocrx_word' id='word_1_366' title='bbox 1101 2525 1197 2586; x_wconf 90' lang='lat' dir='ltr'><strong>canda</strong></span> <span class='ocrx_word' id='word_1_367' title='bbox 1225 2529 1366 2602; x_wconf 92' lang='lat' dir='ltr'><strong>cogitare</strong></span> <span class='ocrx_word' id='word_1_368' title='bbox 1395 2530 1576 2593; x_wconf 90' lang='lat' dir='ltr'><strong>debuimus.</strong></span> <span class='ocrx_word' id='word_1_369' title='bbox 1606 2533 1710 2606; x_wconf 88' lang='lat' dir='ltr'><strong>Quum</strong></span> <span class='ocrx_word' id='word_1_370' title='bbox 1738 2543 1846 2599; x_wconf 91' lang='lat' dir='ltr'><strong>autem</strong></span> 
     </span>
     <span class='ocr_line' id='line_1_73' title="bbox 1101 2616 1847 2706; baseline 0.023 -30"><span class='ocrx_word' id='word_1_371' title='bbox 1101 2616 1186 2679; x_wconf 91' lang='lat' dir='ltr'><strong>inter</strong></span> <span class='ocrx_word' id='word_1_372' title='bbox 1208 2619 1350 2696; x_wconf 91' lang='lat' dir='ltr'><strong>politicas</strong></span> <span class='ocrx_word' id='word_1_373' title='bbox 1372 2628 1438 2684; x_wconf 91' lang='lat' dir='ltr'><strong>tres</strong></span> <span class='ocrx_word' id='word_1_374' title='bbox 1461 2625 1686 2702; x_wconf 77' lang='lat' dir='ltr'><strong>praefecturas,</strong></span> <span class='ocrx_word' id='word_1_375' title='bbox 1700 2644 1782 2706; x_wconf 94' lang='lat' dir='ltr'><strong>quae</strong></span> <span class='ocrx_word' id='word_1_376' title='bbox 1803 2631 1847 2693; x_wconf 90' lang='lat' dir='ltr'><strong>ibi</strong></span> 
     </span>
     <span class='ocr_line' id='line_1_74' title="bbox 1101 2712 1846 2786; baseline 0.02 -16"><span class='ocrx_word' id='word_1_377' title='bbox 1101 2712 1293 2774; x_wconf 88' lang='lat' dir='ltr'><strong>constitutae</strong></span> <span class='ocrx_word' id='word_1_378' title='bbox 1314 2721 1401 2786; x_wconf 89' lang='lat' dir='ltr'><strong>sunt,</strong></span> <span class='ocrx_word' id='word_1_379' title='bbox 1417 2714 1628 2779; x_wconf 87' lang='lat' dir='ltr'><strong>Calcuttensis</strong></span> <span class='ocrx_word' id='word_1_380' title='bbox 1651 2727 1683 2782; x_wconf 89' lang='lat' dir='ltr'><strong>et</strong></span> <span class='ocrx_word' id='word_1_381' title='bbox 1703 2723 1780 2784; x_wconf 91' lang='lat' dir='ltr'><strong>sede</strong></span> <span class='ocrx_word' id='word_1_382' title='bbox 1795 2739 1846 2785; x_wconf 94' lang='lat' dir='ltr'><strong>su·</strong></span> 
     </span>
     <span class='ocr_line' id='line_1_75' title="bbox 1102 2803 1846 2880; baseline 0.022 -18"><span class='ocrx_word' id='word_1_383' title='bbox 1102 2803 1205 2880; x_wconf 91' lang='lat' dir='ltr'><strong>premi</strong></span> <span class='ocrx_word' id='word_1_384' title='bbox 1235 2805 1471 2880; x_wconf 71' lang='lat' dir='ltr'><strong>gubernatoris</strong></span> <span class='ocrx_word' id='word_1_385' title='bbox 1496 2815 1528 2871; x_wconf 91' lang='lat' dir='ltr'><strong>et</strong></span> <span class='ocrx_word' id='word_1_386' title='bbox 1549 2810 1757 2876; x_wconf 89' lang='lat' dir='ltr'><strong>multitudine</strong></span> <span class='ocrx_word' id='word_1_387' title='bbox 1783 2831 1846 2878; x_wconf 92' lang='lat' dir='ltr'><strong>ma-</strong></span> 
     </span>
     <span class='ocr_line' id='line_1_76' title="bbox 1102 2899 1846 2980; baseline 0.023 -25"><span class='ocrx_word' id='word_1_388' title='bbox 1102 2901 1234 2972; x_wconf 89' lang='lat' dir='ltr'><strong>gnatum</strong></span> <span class='ocrx_word' id='word_1_389' title='bbox 1247 2899 1376 2961; x_wconf 91' lang='lat' dir='ltr'><strong>urbium</strong></span> <span class='ocrx_word' id='word_1_390' title='bbox 1390 2908 1422 2962; x_wconf 92' lang='lat' dir='ltr'><strong>et</strong></span> <span class='ocrx_word' id='word_1_391' title='bbox 1434 2904 1628 2980; x_wconf 94' lang='lat' dir='ltr'><strong>populorum</strong></span> <span class='ocrx_word' id='word_1_392' title='bbox 1640 2906 1846 2972; x_wconf 90' lang='lat' dir='ltr'><strong>diversorum</strong></span> 
     </span>
     <span class='ocr_line' id='line_1_77' title="bbox 1102 2993 1846 3080; baseline 0.02 -30"><span class='ocrx_word' id='word_1_393' title='bbox 1102 3005 1250 3064; x_wconf 91' lang='lat' dir='ltr'><strong>numero,</strong></span> <span class='ocrx_word' id='word_1_394' title='bbox 1266 2993 1433 3072; x_wconf 90' lang='lat' dir='ltr'><strong>praecipua</strong></span> <span class='ocrx_word' id='word_1_395' title='bbox 1449 2996 1606 3070; x_wconf 91' lang='lat' dir='ltr'><strong>videatur,</strong></span> <span class='ocrx_word' id='word_1_396' title='bbox 1620 2999 1658 3061; x_wconf 89' lang='lat' dir='ltr'><strong>ad</strong></span> <span class='ocrx_word' id='word_1_397' title='bbox 1675 3000 1755 3062; x_wconf 90' lang='lat' dir='ltr'><strong>banc</strong></span> <span class='ocrx_word' id='word_1_398' title='bbox 1771 3019 1846 3080; x_wconf 89' lang='lat' dir='ltr'><strong>prae</strong></span> 
     </span>
     <span class='ocr_line' id='line_1_78' title="bbox 1101 3084 1847 3168; baseline 0.02 -26"><span class='ocrx_word' id='word_1_399' title='bbox 1101 3084 1236 3144; x_wconf 86' lang='lat' dir='ltr'><strong>caeteris</strong></span> <span class='ocrx_word' id='word_1_400' title='bbox 1258 3085 1391 3148; x_wconf 89' lang='lat' dir='ltr'><strong>idoneos</strong></span> <span class='ocrx_word' id='word_1_401' title='bbox 1404 3089 1564 3165; x_wconf 91' lang='lat' dir='ltr'><strong>evangelii</strong></span> <span class='ocrx_word' id='word_1_402' title='bbox 1586 3106 1758 3168; x_wconf 88' lang='lat' dir='ltr'><strong>praecones</strong></span> <span class='ocrx_word' id='word_1_403' title='bbox 1775 3096 1847 3157; x_wconf 93' lang='lat' dir='ltr'><strong>mit-</strong></span> 
     </span>
     <span class='ocr_line' id='line_1_79' title="bbox 1102 3177 1847 3257; baseline 0.015 -20"><span class='ocrx_word' id='word_1_404' title='bbox 1102 3177 1215 3238; x_wconf 90' lang='lat' dir='ltr'><strong>tendos</strong></span> <span class='ocrx_word' id='word_1_405' title='bbox 1237 3193 1307 3239; x_wconf 93' lang='lat' dir='ltr'><strong>esse</strong></span> <span class='ocrx_word' id='word_1_406' title='bbox 1329 3181 1551 3256; x_wconf 91' lang='lat' dir='ltr'><strong>cognovimus.</strong></span> <span class='ocrx_word' id='word_1_407' title='bbox 1575 3182 1664 3257; x_wconf 83' lang='lat' dir='ltr'><strong>Quod</strong></span> <span class='ocrx_word' id='word_1_408' title='bbox 1687 3185 1763 3248; x_wconf 93' lang='lat' dir='ltr'><strong>dum</strong></span> <span class='ocrx_word' id='word_1_409' title='bbox 1782 3189 1847 3250; x_wconf 89' lang='lat' dir='ltr'><strong>ani·</strong></span> 
     </span>
     <span class='ocr_line' id='line_1_80' title="bbox 1102 3271 1844 3354; baseline 0.016 -24"><span class='ocrx_word' id='word_1_410' title='bbox 1102 3285 1155 3332; x_wconf 92' lang='lat' dir='ltr'><strong>mo</strong></span> <span class='ocrx_word' id='word_1_411' title='bbox 1169 3271 1389 3345; x_wconf 73' lang='lat' dir='ltr'><strong>volveremus</strong></span> <span class='ocrx_word' id='word_1_412' title='bbox 1403 3273 1515 3337; x_wconf 88' lang='lat' dir='ltr'><strong>literae</strong></span> <span class='ocrx_word' id='word_1_413' title='bbox 1528 3277 1623 3338; x_wconf 90' lang='lat' dir='ltr'><strong>etiam</strong></span> <span class='ocrx_word' id='word_1_414' title='bbox 1639 3295 1655 3339; x_wconf 96' lang='lat' dir='ltr'><strong>a</strong></span> <span class='ocrx_word' id='word_1_415' title='bbox 1670 3280 1844 3354; x_wconf 86' lang='lat' dir='ltr'><strong>catholicis,</strong></span> 
     </span>
     <span class='ocr_line' id='line_1_81' title="bbox 1101 3364 1846 3443; baseline 0.019 -19"><span class='ocrx_word' id='word_1_416' title='bbox 1101 3364 1259 3440; x_wconf 84' lang='lat' dir='ltr'><strong>valdeque</strong></span> <span class='ocrx_word' id='word_1_417' title='bbox 1281 3365 1340 3443; x_wconf 91' lang='lat' dir='ltr'><strong>piis</strong></span> <span class='ocrx_word' id='word_1_418' title='bbox 1355 3365 1445 3428; x_wconf 93' lang='lat' dir='ltr'><strong>urbis</strong></span> <span class='ocrx_word' id='word_1_419' title='bbox 1460 3367 1621 3432; x_wconf 88' lang='lat' dir='ltr'><strong>Calcuttae</strong></span> <span class='ocrx_word' id='word_1_420' title='bbox 1643 3372 1766 3435; x_wconf 92' lang='lat' dir='ltr'><strong>civibus</strong></span> <span class='ocrx_word' id='word_1_421' title='bbox 1781 3390 1846 3438; x_wconf 91' lang='lat' dir='ltr'><strong>non</strong></span> 
     </span>
     <span class='ocr_line' id='line_1_82' title="bbox 1101 3457 1847 3540; baseline 0.02 -24"><span class='ocrx_word' id='word_1_422' title='bbox 1101 3457 1203 3518; x_wconf 91' lang='lat' dir='ltr'><strong>semel</strong></span> <span class='ocrx_word' id='word_1_423' title='bbox 1225 3457 1357 3519; x_wconf 87' lang='lat' dir='ltr'><strong>Romam</strong></span> <span class='ocrx_word' id='word_1_424' title='bbox 1379 3468 1552 3534; x_wconf 90' lang='lat' dir='ltr'><strong>venerunt,</strong></span> <span class='ocrx_word' id='word_1_425' title='bbox 1578 3464 1632 3540; x_wconf 94' lang='lat' dir='ltr'><strong>qui</strong></span> <span class='ocrx_word' id='word_1_426' title='bbox 1655 3473 1847 3531; x_wconf 91' lang='lat' dir='ltr'><strong>nostramet</strong></span> 
     </span>
     <span class='ocr_line' id='line_1_83' title="bbox 1101 3551 1847 3640; baseline 0.02 -32"><span class='ocrx_word' id='word_1_427' title='bbox 1101 3557 1371 3613; x_wconf 89' lang='lat' dir='ltr'><strong>commemoratae</strong></span> <span class='ocrx_word' id='word_1_428' title='bbox 1385 3551 1652 3632; x_wconf 83' lang='lat' dir='ltr'><strong>Congregatienfs</strong></span> <span class='ocrx_word' id='word_1_429' title='bbox 1672 3558 1711 3620; x_wconf 92' lang='lat' dir='ltr'><strong>de</strong></span> <span class='ocrx_word' id='word_1_430' title='bbox 1733 3559 1847 3640; x_wconf 91' lang='lat' dir='ltr'><strong>Propa-</strong></span> 
     </span>
     <span class='ocr_line' id='line_1_84' title="bbox 1102 3643 1845 3728; baseline 0.02 -26"><span class='ocrx_word' id='word_1_431' title='bbox 1102 3643 1202 3718; x_wconf 88' lang='lat' dir='ltr'><strong>ganda</strong></span> <span class='ocrx_word' id='word_1_432' title='bbox 1214 3643 1290 3706; x_wconf 86' lang='lat' dir='ltr'><strong>Fide</strong></span> <span class='ocrx_word' id='word_1_433' title='bbox 1303 3661 1396 3722; x_wconf 92' lang='lat' dir='ltr'><strong>opem</strong></span> <span class='ocrx_word' id='word_1_434' title='bbox 1412 3647 1639 3728; x_wconf 81' lang='lat' dir='ltr'><strong>implorabant3</strong></span> <span class='ocrx_word' id='word_1_435' title='bbox 1656 3654 1845 3718; x_wconf 90' lang='lat' dir='ltr'><strong>nominatim</strong></span> 
     </span>
     <span class='ocr_line' id='line_1_85' title="bbox 1100 3737 1845 3814; baseline 0.019 -22"><span class='ocrx_word' id='word_1_436' title='bbox 1100 3749 1180 3796; x_wconf 90' lang='lat' dir='ltr'><strong>vero</strong></span> <span class='ocrx_word' id='word_1_437' title='bbox 1202 3737 1405 3814; x_wconf 80' lang='lat' dir='ltr'><strong>expetebant,</strong></span> <span class='ocrx_word' id='word_1_438' title='bbox 1421 3745 1458 3800; x_wconf 92' lang='lat' dir='ltr'><strong>ut</strong></span> <span class='ocrx_word' id='word_1_439' title='bbox 1476 3741 1656 3804; x_wconf 91' lang='lat' dir='ltr'><strong>sacerdotes</strong></span> <span class='ocrx_word' id='word_1_440' title='bbox 1680 3742 1845 3808; x_wconf 78' lang='lat' dir='ltr'><strong>societatis</strong></span> 
     </span>
     <span class='ocr_line' id='line_1_86' title="bbox 1101 3827 1846 3915; baseline 0.019 -27"><span class='ocrx_word' id='word_1_441' title='bbox 1101 3827 1183 3902; x_wconf 89' lang='lat' dir='ltr'><strong>lesu,</strong></span> <span class='ocrx_word' id='word_1_442' title='bbox 1208 3829 1297 3890; x_wconf 92' lang='lat' dir='ltr'><strong>cuius</strong></span> <span class='ocrx_word' id='word_1_443' title='bbox 1319 3831 1471 3909; x_wconf 78' lang='lat' dir='ltr'><strong>inclytam</strong></span> <span class='ocrx_word' id='word_1_444' title='bbox 1494 3831 1609 3896; x_wconf 90' lang='lat' dir='ltr'><strong>famam</strong></span> <span class='ocrx_word' id='word_1_445' title='bbox 1625 3837 1706 3915; x_wconf 91' lang='lat' dir='ltr'><strong>apud</strong></span> <span class='ocrx_word' id='word_1_446' title='bbox 1722 3853 1757 3900; x_wconf 91' lang='lat' dir='ltr'><strong>se</strong></span> <span class='ocrx_word' id='word_1_447' title='bbox 1772 3855 1846 3901; x_wconf 89' lang='lat' dir='ltr'><strong>con·</strong></span> 
     </span>
     <span class='ocr_line' id='line_1_87' title="bbox 1100 3923 1844 3998; baseline 0.017 -16"><span class='ocrx_word' id='word_1_448' title='bbox 1100 3929 1260 3985; x_wconf 89' lang='lat' dir='ltr'><strong>servatam</strong></span> <span class='ocrx_word' id='word_1_449' title='bbox 1275 3923 1410 3998; x_wconf 89' lang='lat' dir='ltr'><strong>aiebant,</strong></span> <span class='ocrx_word' id='word_1_450' title='bbox 1424 3924 1585 3990; x_wconf 87' lang='lat' dir='ltr'><strong>Calcuttae</strong></span> <span class='ocrx_word' id='word_1_451' title='bbox 1597 3929 1844 3995; x_wconf 86' lang='lat' dir='ltr'><strong>destinaremus.</strong></span> 
     </span>
    </p>
   </div>
   <div class='ocr_carea' id='block_1_12' title="bbox 1101 4015 2077 4195">
    <p class='ocr_par' dir='ltr' id='par_1_14' title="bbox 1101 4015 2077 4195">
     <span class='ocr_line' id='line_1_88' title="bbox 1139 4015 2077 4106; baseline -0.015 -14"><span class='ocrx_word' id='word_1_452' title='bbox 1139 4018 1158 4091; x_wconf 72' lang='grc' dir='ltr'><strong>ἓ</strong></span> <span class='ocrx_word' id='word_1_453' title='bbox 1178 4017 1208 4077; x_wconf 73' lang='lat'><strong>2.</strong></span> <span class='ocrx_word' id='word_1_454' title='bbox 1233 4015 1286 4078; x_wconf 88' lang='lat' dir='ltr'><strong>llis</strong></span> <span class='ocrx_word' id='word_1_455' title='bbox 1303 4033 1382 4094; x_wconf 91' lang='lat' dir='ltr'><strong>ergo</strong></span> <span class='ocrx_word' id='word_1_456' title='bbox 1398 4019 1630 4084; x_wconf 84' lang='lat' dir='ltr'><strong>catholicorum</strong></span> <span class='ocrx_word' id='word_1_457' title='bbox 1646 4025 1729 4085; x_wconf 92' lang='lat' dir='ltr'><strong>votis</strong></span> <span class='ocrx_word' id='word_1_458' title='bbox 1744 4025 1846 4089; x_wconf 90' lang='lat' dir='ltr'><strong>liben-</strong></span> <span class='ocrx_word' id='word_1_459' title='bbox 1884 4045 1965 4106; x_wconf 63' lang='lat' dir='ltr'><strong>recor</strong></span> <span class='ocrx_word' id='word_1_460' title='bbox 1979 4054 2077 4090; x_wconf 69' lang='lat' dir='ltr'><strong>conces.</strong></span> 
     </span>
     <span class='ocr_line' id='line_1_89' title="bbox 1101 4095 1952 4195; baseline -0.012 -24"><span class='ocrx_word' id='word_1_461' title='bbox 1101 4115 1150 4171; x_wconf 90' lang='lat' dir='ltr'><strong>ter</strong></span> <span class='ocrx_word' id='word_1_462' title='bbox 1173 4117 1390 4184; x_wconf 90' lang='lat' dir='ltr'><strong>occurrentes,</strong></span> <span class='ocrx_word' id='word_1_463' title='bbox 1405 4115 1572 4192; x_wconf 90' lang='lat' dir='ltr'><strong>nostrique</strong></span> <span class='ocrx_word' id='word_1_464' title='bbox 1594 4118 1786 4195; x_wconf 70' lang='lat' dir='ltr'><strong>apostolatus</strong></span> <span class='ocrx_word' id='word_1_465' title='bbox 1801 4122 1846 4183; x_wconf 70' lang='lat'><strong>01.</strong></span> <span class='ocrx_word' id='word_1_466' title='bbox 1866 4095 1952 4142; x_wconf 66' lang='lat'>⁵¹⁰⁰12·</span> 
     </span>
    </p>
   </div>
   <div class='ocr_carea' id='block_1_13' title="bbox 1101 4203 1847 5780">
    <p class='ocr_par' dir='ltr' id='par_1_15' title="bbox 1101 4203 1847 5780">
     <span class='ocr_line' id='line_1_90' title="bbox 1102 4203 1846 4284; baseline 0.015 -20"><span class='ocrx_word' id='word_1_467' title='bbox 1102 4203 1173 4264; x_wconf 84' lang='lat' dir='ltr'><strong>ficio</strong></span> <span class='ocrx_word' id='word_1_468' title='bbox 1195 4219 1253 4281; x_wconf 94' lang='lat' dir='ltr'><strong>pro</strong></span> <span class='ocrx_word' id='word_1_469' title='bbox 1268 4204 1391 4266; x_wconf 92' lang='lat' dir='ltr'><strong>viribus</strong></span> <span class='ocrx_word' id='word_1_470' title='bbox 1415 4205 1641 4284; x_wconf 78' lang='lat' dir='ltr'><strong>delingentes,</strong></span> <span class='ocrx_word' id='word_1_471' title='bbox 1659 4212 1698 4273; x_wconf 92' lang='lat' dir='ltr'><strong>de</strong></span> <span class='ocrx_word' id='word_1_472' title='bbox 1718 4228 1846 4275; x_wconf 91' lang='lat' dir='ltr'><strong>eorum-</strong></span> 
     </span>
     <span class='ocr_line' id='line_1_91' title="bbox 1102 4295 1844 4369; baseline 0.016 -12"><span class='ocrx_word' id='word_1_473' title='bbox 1102 4295 1174 4357; x_wconf 90' lang='lat' dir='ltr'><strong>dem</strong></span> <span class='ocrx_word' id='word_1_474' title='bbox 1197 4311 1295 4358; x_wconf 91' lang='lat' dir='ltr'><strong>venn.</strong></span> <span class='ocrx_word' id='word_1_475' title='bbox 1320 4297 1456 4360; x_wconf 80' lang='lat' dir='ltr'><strong>fratrum</strong></span> <span class='ocrx_word' id='word_1_476' title='bbox 1482 4307 1669 4364; x_wconf 90' lang='lat' dir='ltr'><strong>nostrorum</strong></span> <span class='ocrx_word' id='word_1_477' title='bbox 1693 4303 1723 4365; x_wconf 90' lang='lat' dir='ltr'><strong>S.</strong></span> <span class='ocrx_word' id='word_1_478' title='bbox 1748 4305 1783 4367; x_wconf 85' lang='lat' dir='ltr'><strong>lt.</strong></span> <span class='ocrx_word' id='word_1_479' title='bbox 1807 4306 1844 4369; x_wconf 89' lang='lat' dir='ltr'><strong>E.</strong></span> 
     </span>
     <span class='ocr_line' id='line_1_92' title="bbox 1101 4387 1846 4470; baseline 0.012 -18"><span class='ocrx_word' id='word_1_480' title='bbox 1101 4387 1317 4452; x_wconf 87' lang='lat' dir='ltr'><strong>Cardinalium</strong></span> <span class='ocrx_word' id='word_1_481' title='bbox 1346 4392 1480 4455; x_wconf 92' lang='lat' dir='ltr'><strong>consilio</strong></span> <span class='ocrx_word' id='word_1_482' title='bbox 1509 4396 1652 4470; x_wconf 90' lang='lat' dir='ltr'><strong>generali</strong></span> <span class='ocrx_word' id='word_1_483' title='bbox 1682 4395 1846 4461; x_wconf 91' lang='lat' dir='ltr'><strong>Societatis</strong></span> 
     </span>
     <span class='ocr_line' id='line_1_93' title="bbox 1102 4482 1846 4562; baseline 0.016 -19"><span class='ocrx_word' id='word_1_484' title='bbox 1102 4482 1172 4545; x_wconf 89' lang='lat' dir='ltr'><strong>lesu</strong></span> <span class='ocrx_word' id='word_1_485' title='bbox 1189 4485 1370 4562; x_wconf 90' lang='lat' dir='ltr'><strong>praeposito</strong></span> <span class='ocrx_word' id='word_1_486' title='bbox 1385 4487 1619 4561; x_wconf 88' lang='lat' dir='ltr'><strong>mandavimus,</strong></span> <span class='ocrx_word' id='word_1_487' title='bbox 1636 4495 1672 4551; x_wconf 92' lang='lat' dir='ltr'><strong>ut</strong></span> <span class='ocrx_word' id='word_1_488' title='bbox 1689 4491 1846 4555; x_wconf 86' lang='lat' dir='ltr'><strong>&#39;selectum</strong></span> 
     </span>
     <span class='ocr_line' id='line_1_94' title="bbox 1102 4580 1846 4648; baseline 0.015 -11"><span class='ocrx_word' id='word_1_489' title='bbox 1102 4593 1236 4639; x_wconf 90' lang='lat' dir='ltr'><strong>suorum</strong></span> <span class='ocrx_word' id='word_1_490' title='bbox 1259 4593 1433 4640; x_wconf 91' lang='lat' dir='ltr'><strong>numerum</strong></span> <span class='ocrx_word' id='word_1_491' title='bbox 1455 4580 1601 4643; x_wconf 91' lang='lat' dir='ltr'><strong>missioni</strong></span> <span class='ocrx_word' id='word_1_492' title='bbox 1623 4583 1697 4646; x_wconf 91' lang='lat' dir='ltr'><strong>huic</strong></span> <span class='ocrx_word' id='word_1_493' title='bbox 1716 4585 1846 4648; x_wconf 87' lang='lat' dir='ltr'><strong>exhibe-</strong></span> 
     </span>
     <span class='ocr_line' id='line_1_95' title="bbox 1102 4671 1847 4754; baseline 0.013 -24"><span class='ocrx_word' id='word_1_494' title='bbox 1102 4675 1163 4742; x_wconf 90' lang='lat' dir='ltr'><strong>ret,</strong></span> <span class='ocrx_word' id='word_1_495' title='bbox 1187 4685 1267 4747; x_wconf 92' lang='lat' dir='ltr'><strong>quos</strong></span> <span class='ocrx_word' id='word_1_496' title='bbox 1298 4671 1383 4733; x_wconf 92' lang='lat' dir='ltr'><strong>inter</strong></span> <span class='ocrx_word' id='word_1_497' title='bbox 1405 4677 1448 4744; x_wconf 91' lang='lat' dir='ltr'><strong>te,</strong></span> <span class='ocrx_word' id='word_1_498' title='bbox 1473 4671 1589 4737; x_wconf 93' lang='lat' dir='ltr'><strong>dilecte</strong></span> <span class='ocrx_word' id='word_1_499' title='bbox 1611 4675 1668 4748; x_wconf 90' lang='lat' dir='ltr'><strong>tili,</strong></span> <span class='ocrx_word' id='word_1_500' title='bbox 1698 4678 1847 4754; x_wconf 91' lang='lat' dir='ltr'><strong>religiosa</strong></span> 
     </span>
     <span class='ocr_line' id='line_1_96' title="bbox 1102 4764 1846 4844; baseline 0.015 -21"><span class='ocrx_word' id='word_1_501' title='bbox 1102 4764 1223 4826; x_wconf 91' lang='lat' dir='ltr'><strong>virtute</strong></span> <span class='ocrx_word' id='word_1_502' title='bbox 1245 4765 1454 4843; x_wconf 85' lang='lat' dir='ltr'><strong>doctrinaque</strong></span> <span class='ocrx_word' id='word_1_503' title='bbox 1469 4774 1633 4844; x_wconf 90' lang='lat' dir='ltr'><strong>praestans</strong></span> <span class='ocrx_word' id='word_1_504' title='bbox 1648 4769 1740 4832; x_wconf 90' lang='lat' dir='ltr'><strong>nobis</strong></span> <span class='ocrx_word' id='word_1_505' title='bbox 1756 4771 1846 4834; x_wconf 90' lang='lat' dir='ltr'><strong>obtu-</strong></span> 
     </span>
     <span class='ocr_line' id='line_1_97' title="bbox 1103 4856 1846 4937; baseline 0.012 -19"><span class='ocrx_word' id='word_1_506' title='bbox 1103 4857 1150 4918; x_wconf 91' lang='lat' dir='ltr'><strong>lit.</strong></span> <span class='ocrx_word' id='word_1_507' title='bbox 1180 4856 1394 4930; x_wconf 80' lang='lat' dir='ltr'><strong>Quamobrem</strong></span> <span class='ocrx_word' id='word_1_508' title='bbox 1423 4865 1492 4921; x_wconf 90' lang='lat' dir='ltr'><strong>tea</strong></span> <span class='ocrx_word' id='word_1_509' title='bbox 1521 4861 1689 4937; x_wconf 91' lang='lat' dir='ltr'><strong>quibusvis</strong></span> <span class='ocrx_word' id='word_1_510' title='bbox 1719 4879 1846 4926; x_wconf 82' lang='lat' dir='ltr'><strong>excom-</strong></span> 
     </span>
     <span class='ocr_line' id='line_1_98' title="bbox 1102 4949 1844 5030; baseline 0.012 -21"><span class='ocrx_word' id='word_1_511' title='bbox 1102 4949 1345 5022; x_wconf 91' lang='lat' dir='ltr'><strong>municationis,</strong></span> <span class='ocrx_word' id='word_1_512' title='bbox 1375 4951 1595 5029; x_wconf 91' lang='lat' dir='ltr'><strong>suspensionis</strong></span> <span class='ocrx_word' id='word_1_513' title='bbox 1618 4960 1651 5016; x_wconf 89' lang='lat' dir='ltr'><strong>et</strong></span> <span class='ocrx_word' id='word_1_514' title='bbox 1670 4956 1844 5030; x_wconf 87' lang='lat' dir='ltr'><strong>interdicti,</strong></span> 
     </span>
     <span class='ocr_line' id='line_1_99' title="bbox 1102 5041 1846 5120; baseline 0.013 -18"><span class='ocrx_word' id='word_1_515' title='bbox 1102 5042 1236 5119; x_wconf 91' lang='lat' dir='ltr'><strong>aliisque</strong></span> <span class='ocrx_word' id='word_1_516' title='bbox 1259 5041 1479 5106; x_wconf 87' lang='lat' dir='ltr'><strong>ecclesiasticis</strong></span> <span class='ocrx_word' id='word_1_517' title='bbox 1500 5047 1658 5120; x_wconf 90' lang='lat' dir='ltr'><strong>censuris,</strong></span> <span class='ocrx_word' id='word_1_518' title='bbox 1678 5051 1846 5112; x_wconf 88' lang='lat' dir='ltr'><strong>sententiis</strong></span> 
     </span>
     <span class='ocr_line' id='line_1_100' title="bbox 1103 5138 1847 5220; baseline 0.013 -23"><span class='ocrx_word' id='word_1_519' title='bbox 1103 5143 1135 5197; x_wconf 93' lang='lat' dir='ltr'><strong>et</strong></span> <span class='ocrx_word' id='word_1_520' title='bbox 1155 5138 1267 5214; x_wconf 90' lang='lat' dir='ltr'><strong>poenis</strong></span> <span class='ocrx_word' id='word_1_521' title='bbox 1291 5138 1405 5214; x_wconf 91' lang='lat' dir='ltr'><strong>quovis</strong></span> <span class='ocrx_word' id='word_1_522' title='bbox 1425 5138 1521 5201; x_wconf 91' lang='lat' dir='ltr'><strong>modo</strong></span> <span class='ocrx_word' id='word_1_523' title='bbox 1544 5145 1577 5201; x_wconf 90' lang='lat' dir='ltr'><strong>et</strong></span> <span class='ocrx_word' id='word_1_524' title='bbox 1591 5157 1793 5220; x_wconf 90' lang='lat' dir='ltr'><strong>quacumque</strong></span> <span class='ocrx_word' id='word_1_525' title='bbox 1807 5145 1847 5207; x_wconf 92' lang='lat' dir='ltr'><strong>de</strong></span> 
     </span>
     <span class='ocr_line' id='line_1_101' title="bbox 1102 5229 1847 5309; baseline 0.008 -17"><span class='ocrx_word' id='word_1_526' title='bbox 1102 5247 1193 5292; x_wconf 89' lang='lat' dir='ltr'><strong>causa</strong></span> <span class='ocrx_word' id='word_1_527' title='bbox 1215 5229 1297 5304; x_wconf 91' lang='lat' dir='ltr'><strong>latis,</strong></span> <span class='ocrx_word' id='word_1_528' title='bbox 1311 5232 1336 5292; x_wconf 91' lang='lat' dir='ltr'><strong>si</strong></span> <span class='ocrx_word' id='word_1_529' title='bbox 1352 5247 1430 5309; x_wconf 89' lang='lat' dir='ltr'><strong>quas</strong></span> <span class='ocrx_word' id='word_1_530' title='bbox 1453 5231 1536 5295; x_wconf 91' lang='lat' dir='ltr'><strong>forte</strong></span> <span class='ocrx_word' id='word_1_531' title='bbox 1558 5233 1733 5308; x_wconf 91' lang='lat' dir='ltr'><strong>incurristi,</strong></span> <span class='ocrx_word' id='word_1_532' title='bbox 1751 5237 1847 5300; x_wconf 90' lang='lat' dir='ltr'><strong>buius</strong></span> 
     </span>
     <span class='ocr_line' id='line_1_102' title="bbox 1102 5324 1847 5402; baseline 0.009 -17"><span class='ocrx_word' id='word_1_533' title='bbox 1102 5329 1226 5386; x_wconf 91' lang='lat' dir='ltr'><strong>tantum</strong></span> <span class='ocrx_word' id='word_1_534' title='bbox 1248 5324 1296 5386; x_wconf 90' lang='lat' dir='ltr'><strong>rei</strong></span> <span class='ocrx_word' id='word_1_535' title='bbox 1319 5326 1418 5402; x_wconf 90' lang='lat' dir='ltr'><strong>gratia</strong></span> <span class='ocrx_word' id='word_1_536' title='bbox 1444 5325 1647 5389; x_wconf 89' lang='lat' dir='ltr'><strong>absolventes</strong></span> <span class='ocrx_word' id='word_1_537' title='bbox 1670 5335 1702 5390; x_wconf 91' lang='lat' dir='ltr'><strong>et</strong></span> <span class='ocrx_word' id='word_1_538' title='bbox 1723 5329 1847 5392; x_wconf 91' lang='lat' dir='ltr'><strong>absolu-</strong></span> 
     </span>
     <span class='ocr_line' id='line_1_103' title="bbox 1102 5418 1846 5501; baseline 0.007 -22"><span class='ocrx_word' id='word_1_539' title='bbox 1102 5424 1171 5479; x_wconf 93' lang='lat' dir='ltr'><strong>tum</strong></span> <span class='ocrx_word' id='word_1_540' title='bbox 1194 5418 1263 5480; x_wconf 91' lang='lat' dir='ltr'><strong>fore</strong></span> <span class='ocrx_word' id='word_1_541' title='bbox 1292 5426 1477 5495; x_wconf 89' lang='lat' dir='ltr'><strong>censentes;</strong></span> <span class='ocrx_word' id='word_1_542' title='bbox 1505 5427 1602 5498; x_wconf 90' lang='lat' dir='ltr'><strong>teque</strong></span> <span class='ocrx_word' id='word_1_543' title='bbox 1631 5420 1746 5483; x_wconf 91' lang='lat' dir='ltr'><strong>vicarii</strong></span> <span class='ocrx_word' id='word_1_544' title='bbox 1774 5439 1846 5501; x_wconf 89' lang='lat' dir='ltr'><strong>apo-</strong></span> 
     </span>
     <span class='ocr_line' id='line_1_104' title="bbox 1102 5511 1846 5592; baseline 0.007 -20"><span class='ocrx_word' id='word_1_545' title='bbox 1102 5511 1205 5573; x_wconf 90' lang='lat' dir='ltr'><strong>stolici</strong></span> <span class='ocrx_word' id='word_1_546' title='bbox 1234 5512 1446 5590; x_wconf 91' lang='lat' dir='ltr'><strong>appellatione</strong></span> <span class='ocrx_word' id='word_1_547' title='bbox 1468 5519 1500 5575; x_wconf 92' lang='lat' dir='ltr'><strong>et</strong></span> <span class='ocrx_word' id='word_1_548' title='bbox 1524 5529 1660 5575; x_wconf 90' lang='lat' dir='ltr'><strong>munere</strong></span> <span class='ocrx_word' id='word_1_549' title='bbox 1689 5514 1846 5592; x_wconf 90' lang='lat' dir='ltr'><strong>insignire</strong></span> 
     </span>
     <span class='ocr_line' id='line_1_105' title="bbox 1102 5604 1846 5677; baseline 0.009 -12"><span class='ocrx_word' id='word_1_550' title='bbox 1102 5604 1277 5677; x_wconf 92' lang='lat' dir='ltr'><strong>voluimus,</strong></span> <span class='ocrx_word' id='word_1_551' title='bbox 1301 5605 1424 5667; x_wconf 91' lang='lat' dir='ltr'><strong>traditis</strong></span> <span class='ocrx_word' id='word_1_552' title='bbox 1448 5606 1504 5668; x_wconf 92' lang='lat' dir='ltr'><strong>tibi</strong></span> <span class='ocrx_word' id='word_1_553' title='bbox 1519 5605 1558 5668; x_wconf 93' lang='lat' dir='ltr'><strong>ob</strong></span> <span class='ocrx_word' id='word_1_554' title='bbox 1580 5607 1612 5670; x_wconf 91' lang='lat' dir='ltr'><strong>ld</strong></span> <span class='ocrx_word' id='word_1_555' title='bbox 1627 5607 1765 5670; x_wconf 88' lang='lat' dir='ltr'><strong>officium</strong></span> <span class='ocrx_word' id='word_1_556' title='bbox 1781 5609 1846 5672; x_wconf 93' lang='lat' dir='ltr'><strong>fru-</strong></span> 
     </span>
     <span class='ocr_line' id='line_1_106' title="bbox 1103 5697 1847 5780; baseline 0.007 -20"><span class='ocrx_word' id='word_1_557' title='bbox 1103 5699 1244 5760; x_wconf 89' lang='lat' dir='ltr'><strong>ctuosius</strong></span> <span class='ocrx_word' id='word_1_558' title='bbox 1257 5697 1443 5762; x_wconf 88' lang='lat' dir='ltr'><strong>obeundum</strong></span> <span class='ocrx_word' id='word_1_559' title='bbox 1454 5697 1554 5780; x_wconf 89' lang='lat' dir='ltr'><strong>(quod</strong></span> <span class='ocrx_word' id='word_1_560' title='bbox 1565 5700 1765 5779; x_wconf 79' lang='lat' dir='ltr'><strong>Apostolicae</strong></span> <span class='ocrx_word' id='word_1_561' title='bbox 1781 5707 1847 5764; x_wconf 88' lang='lat' dir='ltr'><strong>tan·</strong></span> 
     </span>
    </p>
   </div>
   <div class='ocr_carea' id='block_1_14' title="bbox 0 0 2422 6964">
    <p class='ocr_par' dir='ltr' id='par_1_16' title="bbox 0 0 2422 6964">
     <span class='ocr_line' id='line_1_107' title="bbox 0 0 2422 6964; baseline 0 0"><span class='ocrx_word' id='word_1_562' title='bbox 0 0 2422 6964; x_wconf 95' lang='lat' dir='ltr'><strong> </strong></span> 
     </span>
    </p>
   </div>
   <div class='ocr_carea' id='block_1_15' title="bbox 1787 533 2066 598">
    <p class='ocr_par' dir='ltr' id='par_1_17' title="bbox 1787 533 2066 598">
     <span class='ocr_line' id='line_1_108' title="bbox 1787 533 2066 598; baseline 0.022 -12"><span class='ocrx_word' id='word_1_563' title='bbox 1787 533 1827 598; x_wconf 76' lang='lat'><strong>95</strong></span> <span class='ocrx_word' id='word_1_564' title='bbox 1877 533 1931 590; x_wconf 76' lang='lat' dir='ltr'><strong>nn.</strong></span> <span class='ocrx_word' id='word_1_565' title='bbox 1944 533 1974 589; x_wconf 80' lang='lat'><strong>0.</strong></span> <span class='ocrx_word' id='word_1_566' title='bbox 1997 535 2066 592; x_wconf 78' lang='lat' dir='ltr'><strong>tect</strong></span> 
     </span>
    </p>
   </div>
  </div>
 </body>
</html>
