4864 6994
910 599 1085 651 succentus
1107 604 1157 650 I'I’.
1181 597 1246 651 XVI.

306 723 479 801 insignitus
512 724 637 796 evadas,
669 739 708 785 ex
738 739 823 786 nunc
851 723 970 801 pariter
992 737 1050 801 pro

308 823 381 879 tunc
406 825 435 878 te
457 817 491 878 in
513 810 707 896 Episcopum
730 817 889 879 Ecclesiae
915 817 1051 878 Biduen-

307 912 358 983 sis,
383 926 464 988 quae
487 911 583 972 modo
605 926 662 990 per
685 910 808 972 obitum
830 910 916 971 illius
945 908 1052 970 ultimi

307 1003 453 1082 Episcopi
475 1010 573 1072 vacat,
606 1011 700 1080 atque
722 1005 754 1063 in
777 1002 919 1081 partibus
941 1002 1052 1063 infide-

308 1097 385 1158 lium
402 1097 520 1168 existit,
538 1096 648 1158 eadem
665 1103 773 1158 nostra
794 1095 981 1158 auctoritate
997 1095 1052 1156 eli-

309 1191 413 1266 gimus
435 1207 469 1251 ac
484 1190 693 1261 declaramus,
711 1189 833 1266 tibique
849 1195 884 1250 ut
899 1189 935 1250 ad
953 1189 1052 1250 eccle-

306 1283 383 1343 siam
407 1283 612 1361 praedictam,
634 1283 786 1358 quamdiu
809 1282 846 1344 ab
869 1281 1055 1360 infidelibus

309 1375 516 1448 detinebitur,
534 1377 684 1438 accedere
708 1385 739 1438 et
760 1377 841 1456 apud
859 1392 928 1437 eam
944 1391 1052 1455 perso-

309 1469 422 1531 naliter
452 1470 595 1531 residere
621 1469 756 1530 mininie
786 1470 941 1542 tenearis,
973 1469 1053 1530 dIcta

308 1563 495 1625 auctoritate
525 1569 634 1624 nostra
655 1563 860 1624 concedimus
890 1570 922 1624 et
949 1562 1053 1624 indul-

309 1671 433 1732 gemus.

346 1752 365 1824 S
385 1749 414 1810 3.
438 1748 499 1828 Ipsi
521 1757 628 1810 autem
651 1747 876 1827 Sozopolitano
897 1749 1053 1827 Episcopo

308 1842 433 1905 Vicario
455 1843 648 1921 apostolice,
673 1843 725 1904 vel
746 1843 771 1903 si
794 1843 877 1904 forte
900 1849 971 1921 post
992 1842 1053 1904 dis-

309 1951 434 1998 cessum
449 1935 650 1998 Goadiutoris
672 1936 844 1998 Coadiutus
863 1951 1053 2015 supremum

310 2031 394 2091 diern
417 2029 542 2100 obierit,
557 2036 728 2106 antequam
750 2029 783 2091 in
799 2045 919 2091 novum
933 2029 982 2090 sui
998 2029 1053 2090 eli-

310 2129 361 2200 gat
381 2122 619 2195 Coadiutorem,
636 2123 689 2184 vel
704 2122 765 2183 alio
786 2123 933 2200 legitimo
954 2123 1054 2202 impe·

310 2217 453 2278 dimento
465 2215 657 2288 detineatur,
669 2217 841 2292 quominus
851 2233 968 2278 munus
981 2233 1053 2278 con-

309 2309 495 2370 secrationis
518 2309 574 2370 tibi
597 2309 693 2387 possit
714 2309 914 2386 impendere,
938 2328 954 2370 a
976 2325 1053 2386 quo-

309 2418 448 2478 cumque
469 2401 530 2464 alio
559 2401 712 2463 catholico
738 2401 889 2463 antistite
919 2403 1053 2478 gratiam

309 2503 341 2558 et
361 2495 623 2557 communionem
646 2495 785 2556 habente
806 2511 880 2556 curn
899 2495 956 2557 bac
972 2494 1054 2574 Apo-

307 2589 417 2650 stolica
438 2587 531 2659 Sede,
548 2595 715 2666 postquam
737 2605 753 2648 a
775 2595 806 2650 te
822 2587 1052 2667 professionem

309 2682 480 2743 catholicae
500 2681 573 2742 fidei
596 2681 683 2743 iuxta
705 2681 855 2743 articulos
870 2699 885 2743 a
902 2680 984 2743 Sede
999 2699 1054 2743 no-

308 2783 373 2835 stra
395 2775 585 2854 propositos,
603 2793 636 2836 ac
652 2781 763 2836 nostro
778 2782 811 2836 et
825 2775 983 2836 Itomanae
998 2775 1055 2836 Ec-

308 2868 421 2930 clesiae
442 2868 573 2929 nomine
595 2867 755 2929 fidelitatis
777 2868 902 2931 debitae
923 2867 1054 2930 solitum

308 2961 527 3022 iuramentum
549 2961 722 3039 acceperit,
748 2971 866 3022 ntnnus
892 2977 1055 3023 consecra-

311 3054 404 3116 tionis
416 3054 603 3116 auctoritate
618 3061 726 3116 nostra
743 3055 913 3131 apostolica
925 3055 982 3116 tibi
997 3055 1055 3116 im·

309 3148 452 3226 pendere
483 3147 585 3208 libere
617 3155 650 3209 et
680 3147 766 3209 licite
798 3148 916 3220 valeat,
950 3149 1055 3211 accitis

309 3241 571 3318 adstantibusque
586 3241 711 3302 duobus
732 3241 803 3302 loco
824 3241 1055 3322 Episcoporum

309 3334 507 3413 presbyteris
529 3333 756 3405 saecularibus
769 3350 828 3397 seu
849 3335 990 3396 cuiusvis
1007 3351 1056 3397 or-

310 3427 393 3489 dinis
415 3433 447 3489 et
468 3427 607 3488 Instituti
629 3426 853 3504 Regularibus,
878 3429 1055 3506 praedictae

310 3521 405 3582 buius
428 3519 518 3582 Sedis
531 3520 663 3596 gratiam
680 3526 712 3580 et
727 3522 988 3582 communionem
1006 3537 1056 3600 pa-

310 3615 390 3676 riter
410 3615 613 3684 habentibus,
632 3613 711 3676 dIcta
727 3614 914 3676 auctoritate
929 3614 1055 3692 plenam

311 3714 343 3768 et
364 3707 499 3768 liberam
521 3707 693 3768 tribuimus
716 3705 909 3769 facultatem.

350 3801 369 3875 ἓ
390 3800 420 3861 l.
445 3799 602 3862 Volumus
621 3807 729 3860 tamen
748 3807 780 3860 et
795 3801 906 3862 eadem
922 3802 1056 3862 auctori-

313 3899 374 3954 tate
387 3893 599 3971 praeprimus
611 3900 706 3970 atque
719 3894 934 3966 decernimus,
949 3901 984 3956 ut
996 3895 1056 3956 nisi

312 3987 431 4048 emisso
453 4005 469 4047 a
490 3993 522 4048 te
544 3986 578 4048 in
600 3987 668 4048 eius
699 3986 846 4048 manibus
875 3987 1056 4050 iuramento

312 4087 345 4140 et
365 4079 565 4158 professione
588 4079 662 4141 fidei
690 4079 887 4152 huiusmodi,
912 4079 979 4156 ipse
1002 4079 1056 4142 So·

313 4172 523 4250 zopolitanus,
546 4171 599 4234 vel
622 4171 712 4243 alius,
727 4178 762 4233 ut
777 4171 967 4250 praefertur,
985 4172 1056 4251 Epi-

312 4281 425 4344 scopus
448 4265 695 4326 consecrationis
718 4281 834 4326 munus
856 4266 912 4327 tibi
934 4267 1058 4344 impen-

313 4359 400 4429 dere,
424 4365 525 4435 tuque
546 4357 625 4419 illud
647 4357 810 4436 suscipere
837 4375 1057 4437 praesumpse-

311 4452 397 4524 ritis,
422 4451 507 4512 idem
537 4449 716 4512 antistesa
745 4451 933 4530 pontificalis
964 4452 1057 4514 officii

313 4543 478 4614 exercitio,
497 4549 528 4604 et
544 4550 607 4604 tam
623 4544 689 4621 lpse
706 4559 800 4620 quam
817 4551 851 4605 tu
866 4561 882 4604 a
897 4545 1057 4621 regimine

313 4643 346 4698 et
356 4636 630 4698 administratione
645 4635 859 4698 Ecclesiarum
875 4643 1056 4700 vestrarum

313 4731 460 4808 suspensi
478 4731 546 4792 sitis
563 4747 601 4792 eo
617 4731 696 4808 ipso.
714 4730 897 4792 blandamus
913 4737 1057 4810 propter-

314 4841 349 4885 ea
371 4824 403 4885 ln
425 4824 546 4885 virtute
569 4822 600 4884 S.
624 4821 841 4894 obedientiae,
861 4824 1010 4885 omnibus
1026 4832 1059 4885 et

314 4917 450 4993 singulis
473 4917 509 4977 ad
532 4931 612 4992 quos
634 4923 754 4994 spectat
775 4933 809 4977 ac
824 4917 977 4994 spectabit
1000 4935 1057 4996 pro

313 5017 472 5087 ternpore,
490 5015 526 5071 ut
547 5015 577 5070 te
600 5011 632 5070 in
654 5008 891 5082 coadiutorem,
908 5018 944 5071 nt
963 5027 1058 5089 supra

315 5103 543 5180 delegendum,
554 5103 591 5164 ad
603 5101 742 5164 liberum
756 5104 900 5165 eiusdem
913 5105 1058 5166 muneris

315 5197 505 5258 exercitium
517 5197 605 5258 iuxta
616 5197 834 5274 praesentium
847 5203 993 5258 tenorem
1009 5213 1059 5259 re·

315 5289 431 5367 cipiunt
452 5295 484 5350 et
505 5289 683 5359 admittant,
698 5287 820 5366 tibique
842 5289 874 5350 in
897 5289 1057 5362 omnibus,

316 5398 396 5458 qnae
411 5383 448 5443 ad
463 5382 524 5444 hoc
535 5397 654 5442 munus
667 5381 840 5460 pertinent,
855 5389 981 5460 praesto
996 5383 1060 5444 sint

316 5482 411 5552 atque
433 5475 592 5546 obediant,
611 5481 728 5552 tuaque
740 5475 878 5536 salubria
893 5476 1013 5536 monita
1029 5481 1061 5536 et

317 5568 460 5630 mandata
482 5575 673 5630 reverenter
692 5567 864 5645 suscipiant
879 5574 911 5629 et
932 5567 1060 5630 efficaci-

318 5668 367 5722 ter
388 5661 591 5740 adimpleant,
608 5661 750 5738 alioquin
772 5661 975 5732 sententiam,
993 5662 1060 5722 sive

318 5770 470 5833 poenam,
501 5769 595 5831 quam
622 5755 683 5816 rite
712 5753 825 5815 tuleris
847 5754 880 5815 in
909 5753 1059 5826 rebelles,

1107 738 1164 784 seu
1187 723 1347 796 statueris
1371 729 1470 784 ratam
1493 721 1682 784 habebimus
1705 727 1738 782 et
1762 719 1852 782 facie-

1108 831 1179 876 rnus
1202 823 1386 878 auctorante
1415 816 1551 878 Domino
1572 831 1676 892 usque
1698 815 1734 876 ad
1764 813 1853 874 satis-

1108 909 1278 971 factionem
1294 910 1485 986 condignam
1500 909 1729 970 inviolabiliter
1745 908 1852 970 obser-

1108 1003 1186 1063 vari.

1147 1095 1216 1170 §5-
1240 1095 1311 1157 Non
1333 1094 1532 1157 obstantibus
1560 1094 1739 1173 apostolicis
1765 1094 1853 1156 acin

1109 1188 1345 1250 universalibus
1367 1188 1683 1267 provincialibusque
1705 1194 1738 1248 et
1758 1203 1853 1264 syno-

1109 1281 1232 1344 dalibus
1244 1281 1385 1343 conciliis
1398 1283 1491 1343 editis
1504 1281 1708 1358 generalibus
1720 1281 1772 1342 vel
1784 1296 1854 1358 spe-

1109 1374 1240 1436 cialibus
1272 1375 1553 1436 constitutionibus
1586 1381 1617 1436 et
1649 1374 1854 1436 ordinationi·

1109 1466 1179 1536 bus,
1193 1468 1392 1544 caeterisque
1404 1467 1571 1529 contractis
1584 1467 1851 1544 quibuscumque.

1149 1559 1262 1622 Datum
1284 1560 1402 1622 Rornae
1424 1560 1507 1638 apud
1529 1559 1560 1620 S.
1574 1560 1705 1622 Petrum
1727 1560 1786 1621 sub
1802 1577 1854 1620 an·

1110 1654 1187 1714 nulo
1209 1653 1375 1714 Piscatoris
1388 1654 1439 1714 die
1456 1671 1485 1713 v.
1504 1653 1611 1732 aprilis
1628 1670 1852 1724 arocccxxxu,

1110 1746 1310 1824 pontificatus
1333 1747 1435 1808 nostri
1456 1762 1539 1808 anno
1562 1765 1596 1808 n.

1413 2028 1549 2091 XXVIII.

1111 2211 1270 2276 Ecclesiae
1300 2211 1512 2292 Babylone-nsi
1546 2215 1680 2278 Latione
1714 2216 1855 2278 Domini-

1149 2323 1219 2368 cum
1243 2307 1467 2370 Marcellinum
1489 2308 1523 2369 in
1548 2308 1737 2388 Episcopum
1762 2327 1855 2390 proe-

1148 2400 1215 2479 μη
1236 2399 1292 2479 (r).

1137 2584 1253 2652 Dilecto
1275 2584 1339 2650 tilio
1363 2583 1453 2651 Petro
1477 2586 1629 2653 boninIeo
1653 2587 1828 2654 Marcellino

1182 2678 1323 2744 sonante
1348 2677 1593 2746 Philadurcensis
1616 2681 1781 2760 dioecesis,

1290 2862 1505 2946 enecantes
1529 2865 1587 2932 er.
1611 2865 1680 2932 xvv.

1275 3037 1279 3044 ’
1389 3053 1504 3118 dilecte
1527 3053 1581 3131 Illi,
1748 3135 1749 3138 Ἴ

1145 3146 1272 3213 salutern
1296 3151 1326 3212 et
1348 3145 1543 3228 apostolicam
1572 3147 1821 3215 benedictionem.

1150 3337 1169 3410 ἓ
1193 3335 1220 3396 I.
1244 3333 1447 3413 Apostolatus
1470 3333 1620 3407 officium,
1639 3337 1763 3398 meritis
1785 3337 1860 3400 licet

1111 3429 1297 3506 imparibus,
1316 3427 1407 3489 nobis
1424 3443 1464 3489 ex
1481 3427 1545 3489 alto
1561 3430 1859 3509 commissumque

1112 3521 1318 3584 ecclesiarum
1343 3521 1487 3582 omnium
1507 3521 1660 3598 regimini
1676 3524 1781 3584 divina
1798 3525 1859 3586 dis-

1111 3615 1269 3692 positIone
1286 3613 1516 3692 praesidemus,
1530 3614 1654 3676 utiliter
1666 3617 1794 3692 exequi,
1808 3618 1859 3679 ad-

1111 3708 1242 3770 iuvante
1257 3707 1404 3778 Domino,
1422 3706 1598 3784 cupientes,
1618 3707 1746 3770 solliciti
1762 3711 1858 3772 corde

1111 3791 1278 3864 reddimur
1294 3807 1326 3862 et
1341 3800 1489 3871 solertes,
1507 3804 1553 3872 ut,
1570 3816 1644 3861 cum
1660 3801 1699 3862 de
1716 3801 1859 3863 ecclesia-

1111 3909 1185 3956 rum
1205 3894 1346 3972 ipsarum
1363 3892 1577 3969 regiminibus
1593 3894 1699 3970 agitur
1715 3897 1860 3958 commit-

1112 3987 1228 4058 tendis,
1243 3986 1321 4047 tales
1337 3987 1382 4047 eis
1398 3986 1432 4046 in
1447 3993 1591 4064 pastores
1605 3989 1778 4065 praeficere
1794 3996 1859 4051 stu-

1112 4080 1254 4151 deamus,
1279 4079 1333 4156 qui
1360 4079 1516 4157 populum
1545 4095 1620 4140 suae
1642 4095 1737 4142 curae
1759 4082 1860 4144 credi·

1112 4180 1181 4234 tum
1203 4171 1303 4234 sciant
1325 4188 1389 4234 non
1404 4172 1509 4233 solum
1527 4173 1669 4234 doctrina
1685 4174 1787 4246 verbi,
1804 4176 1860 4237 sed

1113 4266 1207 4327 etiam
1220 4265 1370 4343 exemplo
1381 4265 1457 4327 boni
1469 4266 1575 4342 operis
1588 4265 1763 4329 informare
1775 4284 1860 4330 com-

1113 4361 1289 4436 missasque
1311 4358 1371 4420 sibi
1394 4358 1542 4420 ecclesias
1564 4357 1701 4426 instatu
1731 4361 1860 4438 pacifico

1113 4459 1145 4514 et
1170 4451 1344 4528 tranquillo
1373 4451 1475 4512 velint
1503 4457 1535 4513 et
1563 4452 1700 4524 valeant,
1731 4462 1860 4516 auctore

1112 4546 1259 4618 Domino,
1283 4545 1455 4607 salubriter
1471 4560 1588 4621 regere
1604 4551 1635 4605 et
1652 4543 1788 4608 feliciter
1805 4563 1862 4624 gu-

1113 4640 1259 4701 barnare.

1152 4734 1170 4807 g
1192 4733 1221 4793 2.
1246 4732 1372 4793 Dudum
1395 4731 1555 4808 siquidem
1577 4731 1794 4810 provisionem
1812 4749 1860 4796 ec·

1113 4825 1283 4886 clesiarum
1306 4824 1451 4885 omniurn
1473 4841 1559 4886 nunc
1579 4826 1761 4888 vacantium
1778 4833 1810 4887 et
1827 4827 1860 4889 in

1113 4924 1280 4997 posterum
1293 4923 1526 4990 vacaturarum,
1541 4917 1733 4980 ordinationi
1746 4927 1778 4981 ot
1790 4937 1862 4999 pro-

1113 5009 1228 5072 visioni
1251 5016 1379 5071 nostrae
1395 5011 1634 5071 reservavimus
1650 5011 1861 5074 decernentes

1114 5120 1154 5164 ex
1176 5109 1251 5165 tunc
1282 5103 1411 5163 irritum
1434 5109 1466 5164 et
1487 5102 1581 5165 inane
1601 5104 1628 5165 si
1649 5121 1742 5166 secus
1764 5122 1861 5184 super

1114 5196 1163 5257 bis
1180 5213 1195 5257 a
1213 5211 1417 5273 quocumque
1433 5197 1544 5272 quavis
1560 5198 1746 5260 auctoritate
1761 5200 1861 5260 scian-

1114 5297 1164 5350 ter
1185 5290 1238 5351 vel
1259 5289 1446 5366 ignoranter
1468 5291 1640 5366 contigerit
1661 5293 1820 5354 attentari.

1155 5383 1173 5457 ἓ
1195 5382 1224 5442 3.
1249 5381 1456 5444 Postmodum
1478 5397 1557 5444 vero
1580 5384 1748 5462 episcopali
1764 5385 1862 5447 eccle-

1115 5475 1159 5535 sia
1176 5474 1389 5552 Babylonensi
1402 5475 1521 5546 Latina,
1536 5477 1586 5537 cui
1601 5475 1653 5537 be.
1668 5493 1730 5537 me.
1748 5477 1862 5539 Petrus

1116 5567 1297 5629 Alexander
1323 5566 1497 5646 Coupenie,
1522 5568 1654 5628 ultimus
1677 5569 1763 5630 illius
1785 5571 1862 5632 dum

1115 5661 1242 5721 viveret
1254 5659 1438 5737 Episcopus,
1450 5661 1658 5737 praesidebat,
1670 5677 1727 5739 per
1740 5662 1863 5724 obitum

1116 5752 1331 5831 ipsius·Petri
1361 5751 1544 5824 Alexandri,
1575 5753 1629 5829 qui
1659 5761 1748 5816 extra
1769 5755 1860 5820 Rom.

1054 5890 1356 5900 -——-——-—-·-—

360 5971 388 6026 (1)
404 5971 440 6014 Ex
455 5971 518 6026 fleg.
533 5968 655 6014 Brevium
671 5969 719 6014 vol.
736 5971 785 6024 tv,
799 5980 823 6026 p.
838 5971 870 6012 82.

1794 585 1833 649 35
1883 588 1936 640 An.
1952 589 1981 640 C.
2004 587 2072 639 1832
