1290 1823
214 171 241 184 An,
248 171 263 184 c.
275 170 308 183 isso
333 170 363 186 25⁶

469 204 549 220 CLXXIX.

342 251 441 267 Visitatorem
452 251 556 271 apostolicum
567 255 596 271 pro
607 251 682 267 missione

435 274 453 290 in
465 275 525 290 annia
536 275 585 295 eligit.

343 307 429 324 Venerabili
440 308 484 324 lratri
498 307 562 328 losepho
574 308 591 324 de
602 307 678 324 Kukovicli

364 330 440 352 Episcopo
451 331 532 348 Bosniensi
545 332 560 348 et
571 330 658 350 Sirmiensi,

411 361 521 378 flflEthRlUS
533 361 563 378 ΡΡ.
575 361 611 378 Χ1ΙΙ.

431 391 526 409 Venerabilis
538 392 592 411 irater,

341 415 406 432 salutem
418 417 434 432 et
444 416 543 437 apostolicam
555 415 681 432 benedictionem.

345 463 385 479 Cum
397 463 415 479 ad
427 463 478 483 iurgia
489 463 558 479 sedanda
568 463 665 482 dissidiaque
673 466 699 478 ex-

326 487 413 506 tinguenda
424 487 466 502 inter
477 487 543 502 dilectos
554 486 595 502 illios
606 486 664 502 iratres
672 486 699 502 Or-

325 510 367 526 dinis
378 510 458 526 Minorum
469 510 485 526 S.
497 510 576 526 Francisci
584 510 603 525 de
611 509 700 525 Observan-

326 534 346 549 tia
357 534 385 553 qui
396 534 534 549 missionariorum
543 537 611 549 munere
618 533 635 549 in
643 533 700 549 Bosnia

325 557 422 576 iunguntur,
438 561 497 576 eosque
508 557 525 572 111
539 557 637 572 corcordiam
652 557 700 572 addu-

326 580 385 596 cendos
395 580 541 600 suhiiciendomue.
548 582 566 596 ut
574 584 601 600 par
609 582 638 598 est,
647 582 700 596 aucto-

325 603 368 619 ritati
378 603 476 619 venerahilis
486 603 540 619 fratris
548 603 606 619 Vicarii
613 603 700 623 Apostolici

326 627 364 642 inibi
375 627 458 642 constituti
469 626 515 642 nobis
526 631 591 642 necesse
602 630 668 646 prorsus
678 626 700 641 vi-

325 654 361 665 sum
373 650 427 668 luerit,
439 654 500 666 novum
513 650 618 670 apostolicum
630 650 700 665 visitato-

326 677 361 689 rem
372 677 401 693 pro
412 673 438 689 illa
449 673 526 689 missione
537 675 613 691 statuere.
623 677 700 693 suspensa

326 697 391 712 interim
402 697 419 712 in
430 701 448 712 ea
462 697 543 716 provincia
558 697 613 716 quavis
628 697 700 716 superio-

326 724 362 736 rum
380 720 480 740 regularium
498 722 577 740 potestate
594 720 700 740 ademptaque

326 744 364 763 ipsis
378 744 458 763 religiosis
469 743 508 759 viris
523 743 597 759 facultate
612 744 700 763 capitulum

326 767 423 785 celebrandi.
438 767 568 786 electionemque
582 771 700 786 quamcumque

326 790 343 806 in
354 792 437 810 posterum
448 790 521 808 iaciendi.
530 794 558 806 nos
566 790 586 806 de
596 790 663 806 consilio
674 794 701 806 ve-

326 813 423 829 nerabilium
438 814 505 829 lratrum
519 815 612 829 nostrorum
624 813 639 829 S.
652 813 669 829 R.
682 814 699 829 1114

326 836 434 852 Cardinalium
448 837 518 856 negotiis
532 837 644 856 Propagaudae
657 837 701 853 Fidei

326 860 460 880 praepositorum,
468 860 501 878 tihi.
508 860 605 876 venerabilis
611 860 666 878 irater.
672 861 701 876 1111-

326 883 396 899 iusmodi
404 887 463 899 munus
470 884 573 899 committere
580 884 672 899 statuimus.
679 884 701 900 De

326 909 354 923 tua
367 907 417 926 igitur
431 907 516 927 prudentia
530 911 547 923 ac
558 907 637 927 probitate
652 907 701 927 pluri-

326 935 371 946 mum
383 931 399 946 in
410 930 478 946 Domino
489 931 550 949 conlisi,
562 932 610 950 atque
619 935 627 946 a
636 931 701 950 quilius-

326 954 350 969 vis
365 954 545 972 excommunicationis.
560 954 670 974 suspensionis
685 956 701 970 et

326 977 413 996 interdicti,
425 977 492 997 aliisque
503 977 613 993 ecclesiasticis
623 978 700 996 censuris,

326 1001 411 1017 sententiis
422 1003 438 1017 et
449 1001 505 1021 poenis
516 1001 573 1021 quovis
584 1001 632 1017 modo
640 1003 656 1017 et
664 1005 701 1021 qua-

326 1028 396 1044 cumque
407 1024 427 1040 de
438 1029 483 1040 causa
498 1024 539 1043 latis,
551 1024 564 1040 si
575 1028 614 1044 quas
625 1025 667 1040 forte
678 1025 701 1041 in-

327 1048 397 1066 curristi,
411 1048 459 1063 huius
473 1049 534 1063 tautum
549 1047 573 1063 rei
588 1048 638 1067 gratia
651 1048 701 1064 ahsol-

326 1073 384 1087 ventes
395 1073 411 1087 et
425 1071 516 1087 ahsolutum
532 1071 567 1086 iore
583 1073 673 1090 censentes,
686 1073 701 1087 ts

327 1095 423 1115 Episcopum
434 1094 539 1110 Bosnieusem
547 1096 563 1110 et
571 1094 677 1110 Sirmiensem
685 1095 701 1110 in

327 1118 427 1134 visitatorem
437 1118 542 1138 apostolicum
553 1118 570 1133 in
578 1118 657 1137 praedicta
664 1118 702 1134 mis-

327 1142 373 1158 sione
383 1146 420 1157 cum
431 1141 506 1157 omuibus
517 1141 617 1157 [acuitatibus
625 1142 643 1157 ad
651 1142 667 1157 id
675 1146 702 1157 ne-

327 1166 367 1185 gotii
378 1166 471 1181 necessariis
482 1167 499 1181 et
506 1165 600 1185 opportunis
607 1165 702 1181 auctoritate

327 1189 413 1209 apostolica
420 1190 476 1204 tenore
484 1188 593 1209 praesentium
601 1189 619 1204 ad
627 1190 701 1204 nostrum

328 1214 344 1228 et
355 1212 400 1228 Sedis
413 1212 513 1232 Apostolicne
527 1212 645 1232 heneplacitum
656 1212 702 1232 elige

328 1240 364 1251 inus
371 1237 387 1251 et
392 1235 510 1253 constituimus.
517 1235 559 1251 salva
565 1239 629 1255 semper
635 1236 651 1251 in
658 1240 702 1255 prae*

328 1259 381 1275 missis
395 1259 529 1279 Congregationis
542 1259 637 1275 eorumdem
649 1259 702 1275 Carui-

328 1283 389 1299 ualium
407 1283 506 1299 auctoritate.
524 1282 623 1302 Quapropter
641 1283 702 1299 interea

328 1307 406 1327 temporis
413 1306 486 1326 quamvis
492 1306 595 1326 superiorum
602 1306 702 1326 regularium

328 1332 424 1351 potestatem
434 1330 452 1346 in
459 1334 477 1346 ea
485 1330 566 1350 provincia
573 1333 668 1350 suspensam
676 1330 702 1346 de-

328 1354 412 1372 claramus,
421 1354 491 1373 ipsisque
502 1353 582 1373 religiosis
590 1353 629 1369 viris
636 1354 702 1370 interdi-

328 1378 380 1394 cimus
387 1377 474 1397 capitulum
481 1377 564 1393 celebrare
573 1377 702 1397 electionemque

328 1405 447 1421 quamcumque
458 1401 475 1417 111
485 1402 569 1421 posterum
577 1400 635 1416 facere,
643 1401 702 1416 Idcirco

329 1425 422 1441 mandamus
433 1425 450 1440 iu
460 1425 521 1440 virtute
532 1426 595 1440 sanctae
603 1424 703 1440 obedientiae

329 1448 404 1464 omnibus
414 1450 430 1464 et
440 1448 509 1468 singulis
519 1448 538 1464 ad
549 1452 590 1468 qnos
601 1450 661 1468 spectat
672 1450 701 1463 etc.

349 1472 406 1487 Datum
417 1472 434 1487 111
444 1471 485 1487 Arce
499 1472 589 1492 Gandulphi
603 1472 632 1487 sub
643 1471 703 1487 annulo

329 1494 413 1511 Piscatoris
427 1495 452 1511 die
467 1499 523 1511 xxviii.
541 1495 605 1515 augusti
616 1499 702 1513 nocnerit„

330 1519 430 1538 pontificatus
441 1519 492 1534 nostri
503 1523 544 1534 anno
555 1523 571 1534 x.

583 174 616 185 11111.
628 174 674 185 Pom.
686 174 706 185 1>111
717 174 732 185 1’.
744 174 759 185 11,
771 174 813 185 nans
824 174 835 185 1.

875 203 949 219 CLXXX.

727 250 814 271 Respondet
823 251 894 271 principi
905 251 997 266 insularum
1011 249 1105 266 Gamhieres

746 274 828 294 propriam
839 274 957 290 conversionem
968 278 987 290 ac
996 273 1062 294 pietatis
1070 277 1105 293 ope-

746 302 766 314 ra
777 302 796 314 ac
806 298 901 318 praesertin»
911 297 965 318 templi
976 296 1105 317 aedificationem

746 326 766 337 ex
777 321 830 341 lupide
845 322 934 341 susceptam
945 320 1020 340 Pontifici
1034 319 1106 339 manife-

747 345 808 362 stanti;
819 349 854 360 eum
865 348 901 360 cum
907 344 965 364 populo
973 344 993 359 ael
1000 347 1106 364 perseveran-

747 369 785 384 dum
793 368 849 385 allicit,
857 369 871 383 et
876 368 925 388 plura
930 368 1029 383 numismata
1035 371 1057 382 ea:
1063 370 1106 382 auru

747 393 762 407 et
771 392 838 411 arpenta
846 391 867 407 ad
874 395 909 407 eum
917 391 981 410 eiusque
987 394 1056 406 uxorem
1064 390 1107 405 dono

747 415 804 431 mittit:

728 461 831 479 Diieutissimo
846 461 860 478 in
875 461 935 478 christo
952 461 984 478 lilio
999 462 1052 477 nostro
1068 460 1108 476 ere>

748 485 882 526 gffifizgsmmm
895 485 955 505 principi
967 484 1049 501 insularum
1061 484 1108 500 Gam-

815 554 924 572 GREGORlUS
936 554 966 571 ΡΡ.
979 554 1015 571 11111.

770 602 871 619 Dilectissimo
883 602 897 618 in
905 601 966 618 cliristo
976 601 998 618 iiii
1006 602 1065 621 noster,

746 626 810 643 salutem
822 627 837 642 et
848 625 948 646 apostolicam
960 625 1089 642 benedictionem.

748 673 782 692 Quo
793 677 821 689 cor
830 674 904 688 nostrum
912 672 970 692 gaudio
978 672 1080 692 repleverint
1089 672 1109 687 li-

730 698 773 712 terae
787 701 795 712 a
809 696 904 712 celsitudine
921 696 946 711 tua
961 696 980 711 ad
995 700 1024 711 nos
1040 695 1107 713 missae,

729 720 771 736 haud
787 720 832 735 facile
848 720 928 739 explicare
943 719 997 735 vernis
1012 723 1107 739 possumus.

729 743 772 759 Nihil
780 744 824 759 enim
831 743 920 760 amabilius.
928 743 968 758 nihil
975 742 1049 762 optatius,
1057 746 1108 761 quam

729 767 755 782 vel
766 767 810 786 quod
820 767 840 782 de
851 767 878 782 tua
888 766 937 782 simul
949 770 965 782 ae
974 766 997 781 tui
1006 766 1061 785 populi
1069 769 1108 781 con-

729 790 804 806 versione
815 790 834 806 ad
845 794 900 806 veram
912 789 1005 805 catholicam
1017 789 1067 805 iidem
1076 789 1108 804 lae-

730 814 809 829 tabundus
817 817 940 831 commemoras,
949 813 975 828 vel
983 813 1026 832 quod
1034 813 1054 828 de
1062 816 1108 828 sum-

730 841 756 853 mo
767 837 783 852 in
794 837 877 853 Christum
890 837 943 852 Iesum
956 836 1041 856 religionis
1051 836 1108 851 studio

729 861 815 880 significas.
827 861 854 880 qui
865 860 933 880 publicis
944 860 992 875 etiarn
1004 859 1108 879 supplicatio-

730 884 776 900 nibus
787 884 829 904 apud
840 888 868 899 vos
879 884 943 901 colitur.
956 884 1014 903 cuique
1026 883 1108 903 templum

730 912 750 923 ex
757 907 809 927 lapide
816 907 908 927 suscepistis
916 907 1039 925 aedificandum.
1046 907 1074 922 vel
1081 907 1108 922 de-

730 931 779 950 nique
790 931 833 950 quod
844 930 900 946 scribis
908 931 928 946 de
935 930 1020 950 singulari,
1028 934 1060 950 qua
1068 930 1108 946 estis

730 954 786 972 allecti.
799 954 857 974 pietate
866 954 883 969 in
890 954 974 974 Deiparam
983 954 1068 973 Virginem
1077 954 1108 969 Ma-

730 978 775 996 riam,
786 981 834 997 quam
845 979 916 993 vestram
924 977 1005 997 appellare
1013 979 1084 993 matrem
1092 979 1109 993 et

729 1001 831 1017 sollemniter
839 1001 924 1019 honorare,
931 1001 946 1016 ei
954 1001 1000 1016 istam
1008 1005 1075 1020 quoque
1083 1005 1108 1016 re-

730 1025 795 1045 gionem
807 1025 879 1043 dicando,
891 1025 988 1044 gloriamini.
1003 1024 1045 1040 Vere
1055 1024 1108 1044 igitur

730 1048 798 1068 speciosi
809 1048 858 1063 luisse
872 1048 935 1064 dicendi
946 1049 984 1063 sunt
998 1048 1047 1068 pedes
1058 1051 1108 1063 evau-

730 1072 835 1091 gelizantium
846 1071 881 1087 istic
890 1075 951 1091 pacem.
959 1071 1109 1091 evangelizantium

730 1095 776 1113 bona.
785 1099 836 1115 quum
847 1095 886 1110 adeo
897 1095 955 1110 uberes
967 1099 987 1110 ex
998 1099 1055 1110 eorum
1063 1095 1109 1110 labo-

730 1123 748 1134 re
759 1119 820 1135 lructus
835 1119 924 1134 extiterint.
938 1118 1041 1134 Gratulamur
1052 1118 1108 1137 itaque

730 1142 849 1161 quammaxime
857 1141 886 1157 tihi
893 1146 910 1157 ac
918 1143 954 1157 tuae
962 1142 1006 1161 genti
1013 1142 1106 1160 universae.

730 1166 773 1185 quod
784 1165 805 1181 ita
816 1165 861 1181 vohis
869 1165 959 1181 ostenderit
966 1165 1007 1181 Deus
1015 1165 1108 1180 misericor<

730 1189 772 1204 <liam
783 1193 834 1204 suani.
843 1188 894 1207 Quare
902 1188 1016 1208 aequissimum
1025 1190 1054 1206 est.
1063 1189 1107 1207 quoii

731 1212 799 1228 virtutes
814 1212 848 1228 eius
863 1212 950 1228 annuncies
965 1212 1022 1231 quide
1034 1212 1107 1228 tenebris

730 1240 759 1251 vos
769 1236 833 1251 vocavit
843 1236 860 1251 111
870 1235 964 1251 admirabile
980 1235 1035 1251 lumen
1050 1240 1105 1251 suum.

730 1259 782 1278 Quum
793 1261 847 1275 autem
861 1263 904 1275 nuuc
915 1259 949 1274 sitis
964 1259 991 1274 lux
1002 1259 1019 1274 in
1030 1259 1105 1277 Domino,

730 1285 748 1299 ut
759 1283 787 1298 filii
798 1282 838 1298 lucis
849 1286 914 1302 semper
927 1282 1012 1300 ambulate,
1025 1282 1107 1298 abundau-

731 1309 760 1324 tes.
769 1307 785 1322 111
793 1310 842 1321 omne
853 1310 892 1326 opus
902 1306 968 1324 bonum,
977 1308 993 1321 et
999 1310 1028 1325 spe
1036 1306 1106 1325 gaudeu-

731 1332 754 1346 tes
765 1330 842 1349 quoniam
858 1333 920 1345 merces
931 1331 984 1345 vestra
1001 1329 1064 1349 copiosa
1075 1329 1106 1345 crit

731 1354 747 1369 in
758 1353 809 1369 coelo.
819 1353 849 1368 Pro
860 1353 906 1368 vobis
917 1355 970 1368 autem
982 1355 998 1368 et
1008 1357 1037 1369 nos
1048 1354 1106 1373 magna

731 1381 766 1393 cum
778 1377 844 1396 spiritus
855 1376 954 1392 exultatione
965 1376 998 1392 Deo
1008 1377 1066 1396 gratias
1074 1377 1107 1396 agi-

731 1404 774 1416 mus:
787 1405 804 1416 ac
816 1402 852 1416 tuae
866 1400 965 1416 celsitudinis
980 1400 1067 1420 gentisque
1078 1400 1107 1416 tibi

730 1424 811 1440 subiectae
822 1428 903 1439 memores
915 1424 931 1439 111
942 1424 1079 1439 obsecrationibus
1091 1426 1107 1440 et

731 1447 830 1463 orationibus
843 1449 890 1463 nocte
904 1451 921 1462 ac
932 1447 958 1462 die
972 1447 1048 1462 eumdem
1059 1447 1108 1463 lumi>

731 1475 770 1486 num
786 1471 850 1486 Patrem
864 1472 880 1486 et
894 1470 1042 1486 misericordiarum
1058 1471 1106 1486 enixe

1119 169 1163 183 Amo.
1173 171 1199 184 teto

731 1498 821 1514 precamur,
833 1496 851 1510 ut
862 1498 891 1514 per
902 1494 956 1510 dilecti
967 1494 1002 1509 Filii
1009 1494 1034 1510 sui
1042 1494 1105 1512 merita.
1119 1511 1122 1516 ,

732 1519 748 1533 et
760 1518 808 1533 SSriia
820 1518 869 1533 Matre
882 1518 917 1533 eius
933 1518 980 1533 Maria
991 1518 1106 1536 intercedente,
