4788 6980
320 537 373 588 An.
389 538 418 588 C.
441 535 510 586 1840
559 534 618 599 240

539 686 629 733 sores
651 673 733 751 apud
759 673 904 735 eamdem
933 673 1099 736 ecclesiam
1122 673 1287 735 cathedra-

540 763 605 826 lem
636 764 666 827 S.
698 765 803 829 Garoli
831 767 1044 845 personaliter
1071 767 1225 840 residere,
1254 783 1288 829 ac

540 857 659 920 ibidem
682 859 788 921 divina
810 875 940 937 quoque
962 862 1062 923 officia
1083 868 1286 938 caeterasque

540 951 766 1014 ecclesiasticas
788 953 969 1016 functiones
995 955 1158 1018 celebrare
1180 955 1287 1017 horas-

540 1057 603 1119 que
618 1045 782 1106 canonicas
792 1052 854 1106 tam
864 1046 994 1109 diurnas
1007 1063 1102 1124 quam
1116 1054 1286 1110 nocturnas

540 1136 717 1209 decantare,
734 1139 870 1201 recitare
886 1140 1077 1218 etpsallere,
1092 1142 1286 1218 missamque

539 1232 785 1294 conventualem
799 1248 856 1310 pro
869 1233 1126 1296 benefactoribus
1138 1235 1171 1296 in
1191 1251 1287 1312 gene·

539 1339 573 1384 re
586 1324 730 1400 quotidie
752 1325 927 1399 celebrare,
945 1334 977 1390 et
992 1327 1097 1390 eidem
1114 1329 1287 1391 cathedrali

539 1416 691 1480 ecclesiae
713 1419 746 1480 in
768 1420 917 1482 omnibus
946 1421 1149 1484 laudabiliter
1179 1423 1286 1484 deser-

538 1509 619 1583 vire,
636 1511 789 1589 illiusque
804 1521 920 1577 statuta
935 1515 1148 1594 imposterum
1165 1517 1287 1580 edenda

539 1603 712 1682 diligenter
735 1606 907 1670 observare
930 1610 1034 1672 teneri
1056 1610 1219 1682 volumus
1234 1611 1286 1673 de-

538 1698 701 1761 cernimus
723 1707 755 1762 et
776 1703 1011 1766 constituimus.

577 1790 666 1864 Quod
677 1808 756 1855 vero
768 1801 889 1873 spectat
900 1796 936 1858 ad
949 1796 1141 1874 dignitatum
1154 1803 1186 1858 et
1196 1813 1287 1859 cano-

539 1885 677 1948 nicatum
698 1887 883 1951 huiusmodi
898 1889 1112 1963 collationem,
1130 1906 1199 1952 eam
1216 1891 1286 1951 fieri

539 1979 671 2041 omnino
686 1997 719 2043 ao
735 1982 845 2059 peragi
857 1984 1008 2045 volumus
1025 1984 1154 2062 praevio
1170 1983 1287 2046 exami-

539 2089 580 2135 ne
601 2075 654 2135 vel
676 2074 737 2136 alio
760 2075 984 2154 experimento
1013 2093 1071 2154 per
1093 2077 1285 2156 Episcopum

539 2167 594 2243 qui
616 2183 674 2244 pro
691 2173 837 2246 ternpore
861 2169 1005 2231 extiterit
1021 2170 1228 2248 designando.
1254 2169 1287 2232 Si

538 2275 617 2322 vero
647 2267 758 2338 agatur
788 2262 1021 2340 deprehendis
1051 2263 1286 2325 canonicalibus

539 2353 713 2430 theologali
735 2371 769 2416 ac
791 2355 1046 2435 poenitentiam,
1061 2356 1113 2418 vel
1130 2358 1169 2418 de
1185 2357 1287 2434 digui-

539 2453 613 2520 tate,
636 2447 689 2508 vel
711 2447 769 2509 alia
791 2448 971 2526 praebenda
996 2449 1047 2512 cui
1069 2449 1201 2512 forsitan
1223 2451 1288 2512 ani-

539 2555 664 2602 marum
686 2557 795 2602 curam
818 2541 972 2620 Episcopo
988 2558 1046 2621 pro
1062 2549 1209 2622 tempore
1224 2543 1287 2621 pla-

538 2640 606 2696 ceat
632 2635 813 2706 adnectere,
835 2635 1024 2700 adhibeatur
1049 2653 1224 2699 concursus
1250 2639 1286 2700 ad

539 2727 770 2808 praescriptum
792 2727 925 2791 Concilii
954 2730 1132 2792 Tridentini
1155 2737 1187 2792 et
1215 2747 1287 2811 apo-

539 2821 723 2884 stolicarum
746 2823 1024 2886 constitutionum.

579 2915 757 2993 Eidemque
776 2916 821 2978 sic
843 2917 1009 2980 efformato
1031 2918 1168 2998 capitulo
1183 2918 1287 2982 cathe-

539 3008 618 3070 drali
631 3009 812 3072 facultatem
835 3009 1039 3090 impertimus
1055 3013 1212 3075 condendi
1226 3020 1286 3074 sta-

539 3110 616 3176 tuta,
634 3104 852 3166 ordinationes
868 3111 900 3167 et
915 3106 1052 3178 decreta,
1069 3107 1163 3168 sacris
1180 3113 1287 3170 tamen

538 3197 724 3270 canonibus,
741 3197 883 3260 Coracilio
900 3199 1088 3261 Tridentino
1111 3206 1142 3262 et
1163 3207 1287 3278 aposto-

539 3290 606 3353 licis
631 3291 914 3354 constitutionibus
940 3307 1089 3364 consona,
1116 3300 1211 3370 atque
1233 3293 1288 3356 Or-

538 3383 652 3446 dinarii
680 3385 898 3462 approbationi
931 3401 1062 3464 prorsus
1090 3387 1285 3461 subicienda,

1059 555 1124 601 tuit.
1148 554 1240 601 PONT.
1264 555 1305 600 DE
1326 555 1356 600 1³.
1380 557 1410 601 ll.
1434 557 1517 602 PARS
1539 557 1560 602 1.

2128 537 2183 588 An.
2198 541 2226 590 O.
2250 545 2308 598 1840

1342 673 1498 751 erigimus
1514 681 1609 753 atque
1624 676 1976 755 instituimus,.ipsique
1997 676 2098 738 aedes

1342 767 1494 830 ecclesiae
1510 769 1693 842 cathedrali,
1710 771 1737 832 si
1753 771 1821 832 fieri
1838 770 1967 850 poterit,
1984 769 2098 849 proxi-

1341 875 1408 921 mas
1430 861 1565 922 adscribi
1588 877 1723 938 eamque
1746 863 1941 925 dotationem
1964 879 1979 922 a
2003 878 2097 940 prae-

1342 954 1445 1031 posito
1469 953 1639 1031 gubernio,
1664 955 1901 1034 cumprimum
1928 971 1984 1034 pro
2007 956 2096 1018 loco-

1340 1062 1414 1108 rum
1434 1064 1468 1109 ac
1484 1053 1668 1127 temporum
1685 1050 1840 1112 adiunctis
1855 1050 1964 1112 datum
1980 1050 2094 1112 fuerit.

1341 1141 1551 1216 assignamus,
1566 1157 1661 1220 quarn
1674 1143 1854 1206 seminariis
1870 1142 2097 1205 ecclesiasticis

1341 1232 1500 1296 Chilensis
1516 1236 1645 1298 ditionis
1661 1237 1760 1299 tribui
1772 1237 1864 1308 solet,
1878 1241 1974 1314 atque
1984 1237 2018 1298 in
2033 1237 2098 1298 boo

1341 1325 1491 1389 similiter
1512 1328 1672 1392 Chilensis
1696 1329 1845 1407 gubernii
1867 1336 1900 1391 et
1921 1330 2098 1408 Episcopo-

1341 1435 1415 1482 rum
1432 1420 1537 1484 Sancti
1552 1422 1656 1486 Caroli
1672 1424 1815 1486 studium
1832 1439 1929 1486 omne
1944 1424 2097 1502 impense

1342 1515 1529 1578 excitamus

1380 1606 1449 1682 §lt
1473 1607 1648 1670 Praefatam
1672 1610 1838 1672 ecclesiam
1859 1610 1963 1674 Sancti
1985 1609 2097 1673 Caroli
2133 1617 2222 1690 ,bovae
2237 1617 2312 1682 dioro

1341 1706 1378 1762 ut
1396 1717 1492 1780 supra
1508 1709 1647 1766 erectam
1664 1701 1911 1784 Archiepiscopo
1927 1703 2034 1767 Sancti
2051 1705 2097 1765 la·
2118 1673 2312 1792 {¹¹3⁰.¹i¹,¹¹?¹t·lr.‘si¹'.⁰¹'sl·

1341 1793 1410 1856 cobi
1431 1793 1592 1858 Chilensis
1615 1797 1744 1860 ditionis
1767 1799 2004 1878 metropolitico
2019 1800 2097 1860 iure
2117 1775 2176 1820 “⁰³³¹
2192 1777 2290 1823 ⁵¹¹¹''¹‘'¹¹·

1342 1887 1540 1964 subiicimus‚
1558 1891 1662 1968 iisque
1679 1891 1829 1954 omnibus
1852 1891 1916 1955 frui
1937 1894 2096 1956 volumus

1341 1981 1554 2056 facultatibus
1571 1985 1842 2062 exemptionibus,
1860 1987 2097 2065 praerogativis

1342 2082 1375 2137 et
1389 2075 1523 2149 iuribus,
1538 2092 1618 2154 quae
1631 2077 1667 2139 ad
1680 2084 1802 2140 ceteras
1814 2079 2030 2157 suffraganeas
2044 2097 2097 2142 ec-

1342 2170 1453 2232 clesias
1470 2170 1736 2248 metropolitanae
1758 2171 1910 2234 ecclesiae
1926 2171 2033 2236 Sancti
2050 2173 2096 2234 la-

1342 2263 1412 2326 c'obi
1435 2265 1609 2341 pertinent.

1382 2359 1400 2432 5
1423 2353 1471 2418 10.
1495 2357 1629 2420 Fructus
1651 2374 1730 2421 vero
1752 2361 1896 2424 eiusdem
1918 2377 2020 2423 novae
2044 2378 2096 2424 ec·
2184 2380 2244 2422 rau

1343 2447 1455 2510 clesiae
1479 2448 1510 2512 S.
1538 2449 1642 2512 Caroli
1665 2467 1705 2512 ex
1734 2467 1825 2514 more
1855 2455 1954 2516 taxari
1976 2455 2013 2516 ad
2038 2455 2096 2516 fio-

1342 2558 1438 2604 renos
1471 2545 1540 2605 auri
1572 2545 1611 2606 de
1639 2544 1771 2607 (lamera
1802 2547 1932 2624 triginta
1965 2555 2028 2628 tres
2062 2565 2098 2608 ac

1344 2636 1470 2697 tertiam
1492 2637 1607 2698 floreni
1629 2645 1764 2717 partem,
1782 2656 1816 2701 ac
1839 2640 2023 2702 huiusmodi
2053 2645 2097 2700 ta-

1342 2745 1414 2791 xam
1430 2730 1463 2792 in
1479 2731 1569 2793 libris
1581 2725 1733 2794 Gamerae
1746 2733 1943 2812 apostolicae
1959 2741 1991 2796 et
2003 2733 2096 2796 Sacri

1342 2822 1478 2902 collegii
1500 2826 1635 2888 describi
1657 2827 1808 2889 volumus
1832 2844 1866 2890 ac
1888 2829 2094 2891 mandamus

1381 2919 1400 2994 g
1423 2918 1470 2980 il.
1495 2919 1536 2980 Ut
1556 2933 1635 2982 vero
1657 2927 1770 2982 cuncta
1792 2938 1808 2982 a
1830 2921 1922 2984 nobis
1943 2929 1980 2984 ut
1994 2939 2097 3002 supra
2167 2931 2302 2994 ustauhan

1343 3010 1492 3090 disposita
1513 3012 1575 3074 rite
1596 3013 1634 3075 ad
1655 3029 1750 3075 suurn
1776 3016 1993 3093 perducantur
2015 3017 2096 3078 effe-
2116 2982 2205 3091 grassum
2224 2985 2248 3030 ἠ
2271 2986 2295 3029 ‘¹'

1342 3111 1440 3176 ctum,
1465 3105 1576 3168 futuro
1598 3107 1753 3186 Episcopo
1775 3123 1877 3170 novae
1899 3109 2096 3172 cathedralis

1343 3199 1492 3262 ecclesiae
1515 3199 1547 3262 S.
1570 3200 1686 3273 Caroli,
1711 3217 1808 3279 quem
1831 3203 1947 3264 harum
1969 3203 2096 3266 littera-

1342 3309 1415 3354 rum
1438 3300 1621 3356 nostrarum
1650 3302 1858 3358 executorem
1885 3297 2034 3374 eligimus
2060 3315 2096 3360 ac

1342 3385 1542 3464 deputamus,
1567 3389 1759 3451 necessarias
1782 3407 1950 3452 omnesne
1976 3407 2095 3470 oppor-

538 3493 596 3540 nec
618 3493 682 3540 non
698 3478 747 3540 ius
762 3479 966 3541 concedimus
987 3479 1116 3544 fruendi
1138 3481 1287 3544 omnibus
1336 3485 1434 3542 tunas
1451 3481 1623 3544 tribuimus
1640 3481 1813 3557 facultates,
1827 3491 1863 3546 ut
1880 3485 1948 3562 ipso
1962 3484 2015 3547 rel
2031 3502 2095 3564 per

538 3581 570 3633 et
584 3571 720 3649 singulis
736 3572 924 3651 privilegiis,
940 3573 1116 3636 honoribus
1132 3581 1164 3637 et
1180 3576 1287 3653 gratiis

537 3665 654 3742 quibus
669 3666 728 3727 alia
742 3665 877 3745 capitula
892 3667 1121 3730 cathedralium
1142 3670 1286 3732 ecclesia-

537 3775 610 3822 rum
622 3759 655 3820 in
668 3759 789 3821 ditione
800 3759 943 3822 dbilensi
963 3761 1171 3823 existentium
1190 3769 1285 3825 utun-

539 3859 590 3916 tur
611 3870 647 3914 ac
667 3852 831 3926 fruuntur,
849 3853 1025 3916 dummodo
1046 3855 1149 3918 adhuc
1167 3856 1232 3918 sint
1251 3857 1284 3918 in

537 3963 598 4008 usu
614 3953 647 4009 et
662 3963 725 4008 non
741 3946 862 4009 fuerint
877 3955 1024 4010 revocata
1046 3965 1105 4011 nec
1125 3950 1221 4012 sacris
1238 3967 1285 4013 ca-

538 4041 675 4104 nonibus
691 4047 723 4102 et
738 4041 873 4104 decretis
888 4043 1068 4120 apostolicis
1089 4052 1283 4121 repugnent,

538 4151 645 4213 neque
660 4135 753 4196 titulo
770 4151 907 4198 oneroso
922 4142 976 4198 aut
991 4136 1143 4215 peculiari
1159 4137 1284 4200 indulto

538 4229 602 4291 sint
622 4229 774 4306 quaesita.

577 4323 722 4402 Capitulo
754 4331 862 4386 autem
890 4339 991 4386 novae
1021 4325 1209 4387 cathedralis
1236 4343 1284 4389 ec-

538 4417 651 4480 clesiae
674 4415 705 4478 S.
728 4415 833 4480 Caroli
855 4417 900 4479 sic
929 4425 1036 4480 erecto
1059 4424 1091 4480 et
1112 4420 1284 4482 constituto

538 4525 714 4586 congruam
736 4509 885 4572 similiter
901 4510 1096 4573 dotationem
1113 4527 1208 4589 quam
1223 4520 1284 4575 tra-

537 4605 592 4666 det
613 4610 827 4666 memoratum
850 4603 1044 4680 gubernium
1067 4605 1282 4683 adsignamus,

536 4697 714 4760 sinautem
739 4697 899 4775 integram
925 4699 1034 4760 dotem
1063 4715 1120 4778 pro
1149 4701 1284 4779 singulis

537 4791 762 4869 capitularibus
774 4792 860 4855 illico
872 4799 1015 4872 prestare
1027 4795 1221 4871 nequiverit,
1232 4813 1284 4858 eo·

538 4901 610 4948 rum
629 4886 742 4948 saltem
762 4893 885 4964 portem
901 4887 1022 4949 dotabit
1036 4889 1187 4966 prudenti
1203 4889 1283 4951 arbi-

538 4979 600 5040 trio
623 4980 804 5042 executoris
830 4979 1012 5042 litterarum
1038 4982 1281 5059 apostolicarum

538 5074 1283 5154 moxdeputandi,suspensainterimdotatione

538 5175 570 5230 et
581 5168 750 5230 collatione
762 5167 962 5246 reliquarum
975 5169 1177 5246 dignitatum,
1192 5187 1284 5234 cano·

538 5263 700 5326 nicatuum
722 5279 756 5324 ac
777 5261 1044 5340 praebendarum,
1061 5280 1155 5342 quam
1175 5273 1283 5328 tamen

538 5357 733 5418 dotationem
750 5357 964 5434 quantocitius
980 5357 1051 5419 fieri
1066 5359 1185 5436 poterit
1199 5376 1283 5422 com·

538 5450 686 5529 piendam
703 5451 926 5530 praecipimus,
943 5451 1105 5528 atquehac
1121 5452 1154 5514 in
1166 5469 1202 5514 re
1217 5461 1283 5515 stu·

538 5544 638 5618 dium,
656 5545 763 5606 zelum
783 5552 814 5608 et
832 5561 942 5608 curam
964 5561 1094 5606 ornnem
1113 5545 1283 5626 Episcopo-

538 5654 610 5699 rum
634 5636 666 5700 S.
692 5637 797 5699 Caroli
818 5655 878 5716 pro
902 5645 1048 5717 tempore
1075 5639 1282 5704 existentium

538 5730 857 5809 ipsiusquegubernii
869 5731 1084 5794 vehementer
1094 5733 1280 5797 excitamus

305 5835 519 5935 ‹liosezierisrigaqnggr
577 5827 596 5900 ᾗ
617 5825 646 5886 8.
671 5823 1016 5888 Ecclesiasticumitem
1031 5827 1283 5891 clericorumse·

305 5942 362 5988 rofi.

538 5919 710 5983 mmarium
723 5920 810 5982 iuxta
822 5919 954 5982 Concilii
966 5921 1144 5984 Tridentini
1157 5923 1283 5985 decreta

1341 3591 1374 3636 se
1396 3575 1449 3636 rel
1471 3591 1528 3653 per
1556 3575 1649 3638 aliam
1680 3593 1850 3658 personam
1879 3579 2094 3641 ecclesiastica

1341 3668 1496 3745 dignitate
1518 3671 1723 3732 constitutam
1746 3671 1784 3732 ab
1810 3689 1848 3734 eo
1876 3673 2094 3752 subdelegan-

1342 3763 1414 3825 dam
1437 3763 1542 3825 omnia
1564 3769 1706 3826 statuere
1727 3781 1761 3828 ac
1780 3765 1957 3828 decernere
1971 3768 2090 3837 valeat.

1341 3863 1436 3936 atque
1458 3858 1553 3919 etiam
1569 3873 1643 3920 curn
1658 3857 1806 3920 facultate
1822 3860 1927 3922 eidem
1939 3861 2093 3940 Exequu-

1341 3953 1403 4014 tori
1425 3952 1493 4013 sive
1513 3952 1581 4013 eius
1596 3951 1806 4029 subdelegato
1828 3953 1994 4016 definitive
2016 3971 2092 4034 pro-

1342 4044 1512 4108 nunciandi
1535 4060 1632 4123 super
1659 4060 1862 4123 quacumque
1888 4048 2092 4125 oppositione

1340 4139 1493 4202 adversus
1516 4139 1674 4216 praedicta
1696 4139 1940 4216 quomodolibet
1954 4142 2089 4216 oritura,

1340 4233 1482 4296 iniuncta
1497 4233 1557 4311 ipsi
1573 4233 1768 4311 obligatione
1790 4235 1964 4313 diligenter
1986 4237 2019 4298 in
2035 4237 2091 4300 de-

1340 4334 1428 4389 creto
1451 4326 1659 4389 executoriali
1688 4327 1889 4391 describendi
1917 4335 1949 4390 et
1977 4331 2091 4408 praesr-

1340 4421 1449 4483 niendi
1468 4420 1588 4484 limites
1603 4435 1705 4484 novae
1720 4420 1874 4484 dioecesis
1890 4439 1924 4484 ac
1939 4423 2091 4486 mittendi

1339 4515 1377 4576 ad
1390 4530 1511 4577 sacram
1523 4513 1783 4577 Consistorialem
1795 4514 2088 4593 congregationem

1339 4609 1421 4670 infra
1450 4625 1508 4670 sex
1536 4623 1663 4672 menses
1688 4609 1726 4670 ab
1754 4609 1879 4687 expleta
1905 4609 2089 4673 litterarum

1339 4703 1585 4782 apostolicarum
1615 4703 1807 4764 executione
1843 4703 2007 4782 exemplar
2035 4723 2089 4767 au-

1340 4798 1480 4860 thentica
1501 4797 1603 4859 forma
1619 4803 1784 4858 exaratum
1800 4797 2005 4860 decretorum
2021 4813 2089 4859 onr-

1340 4892 1441 4964 nium,
1466 4891 1594 4968 quaein
1616 4889 1732 4952 barum
1748 4890 1930 4952 litterarum
1946 4907 2088 4968 exequu-

1341 4985 1460 5048 tionem
1484 4984 1621 5056 emittet,
1645 4991 1681 5045 ut
1702 4983 1735 5045 in
1757 4982 1924 5046 Tabulario
1945 4984 2088 5062 Congre-

1340 5079 1475 5157 gationis
1491 5078 1588 5140 rebus
1603 5076 1884 5140 Consistorialibus
1906 5079 2087 5157 propositae

1339 5173 1378 5236 de
1401 5189 1498 5234 more·
1514 5178 1710 5234 asservetur.

1379 5266 1568 5328 praesentes
1590 5272 1698 5328 autem
1720 5265 1841 5338 literas,
1860 5275 1891 5328 et
1905 5268 1938 5328 in
1954 5267 1999 5330 eis
2014 5284 2086 5330 con-

1339 5365 1426 5422 tenta
1443 5375 1676 5437 quaecumque,
1694 5360 1790 5421 etiam
1807 5375 1847 5421 ex
1862 5362 1999 5438 eoquod
2018 5363 2087 5439 qui-

1339 5454 1418 5516 libet
1437 5454 1596 5516 interesse
1618 5453 1773 5516 habentes
1789 5453 1842 5516 vel
1858 5453 1976 5518 habere
1998 5471 2087 5534 prae-

1340 5549 1519 5622 tendentes,
1550 5548 1652 5610 vocati
1674 5553 1706 5609 et
1730 5548 1830 5610 auditi
1858 5541 1923 5610 non
1953 5548 2083 5620 fuerint,

1339 5659 1373 5705 ac
1395 5641 1577 5720 praemissis
1605 5657 1669 5703 non
1699 5642 1939 5715 consenserint,
1972 5659 2085 5704 eorum

1339 5735 1519 5809 consensui,
1534 5741 1690 5812 quatenus
1706 5750 1785 5813 opus
1798 5736 1849 5809 sit,
1864 5736 1903 5797 de
1916 5737 2086 5815 apostolica

1339 5829 1504 5909 potestatis
1534 5828 1735 5908 plenitudine
1762 5829 1964 5909 supplentes,
1996 5831 2086 5892 nullo

1339 5939 1481 6002 unquam
1493 5931 1640 6002 tempore
1652 5923 1692 5985 de
1702 5923 1917 6003 subreptionis
1929 5923 1981 5986 vel
1995 5925 2085 5987 obre-
