4788 6980
858 575 1033 624 debuemus
1056 575 1106 624 ΡΡ.
1131 577 1195 624 XVl.

247 699 306 760 sub
327 698 442 759 umbra
463 711 521 758 vos
543 703 691 775 protegat
711 697 833 760 alarum
851 713 994 771 suarum,

247 793 467 870 custodiatque
479 797 515 853 ut
526 791 680 870 pupillam
693 791 788 854 oculi.
799 793 899 854 Porro
910 793 996 870 quod

248 887 422 949 meministi
444 887 539 948 etiam
558 886 598 949 de
613 891 703 948 veste
719 904 735 948 a
751 887 842 950 nobis
858 888 993 966 accepta,

246 982 426 1058 ingenuum
456 987 650 1058 gratumque
679 981 823 1042 animum
849 987 941 1042 tuum
967 999 996 1042 a·

247 1076 436 1152 gnovimus:
468 1090 584 1136 verum
613 1091 803 1154 persuasum
831 1075 889 1136 tibi
912 1091 993 1148 esse,

246 1169 454 1231 dilectissime
476 1171 508 1230 in
530 1168 658 1230 Christo
687 1169 732 1230 illi
761 1175 882 1242 noster,
907 1185 996 1247 prae-

247 1269 333 1324 terea
351 1263 515 1333 volumus,
534 1279 592 1324 nos
607 1277 810 1340 quacumque
825 1263 858 1324 in
875 1279 910 1324 re
926 1279 996 1340 pos-

244 1358 345 1419 simus
367 1357 547 1418 celsitudini
570 1364 643 1418 tuac
669 1357 885 1429 commodare,
910 1373 995 1435 para·

247 1453 386 1515 tissimus
409 1452 441 1512 iu
463 1451 600 1512 Domino
628 1465 758 1528 semper
786 1451 923 1512 loturos.
946 1451 996 1516 ln-

248 1547 342 1609 terim
372 1547 432 1608 tria
461 1546 498 1606 ad
526 1551 558 1606 te
580 1545 735 1606 mittenda
764 1546 916 1608 duximus
939 1563 996 1608 nu-

246 1642 392 1702 mismata
420 1649 583 1717 argentea,
617 1655 699 1718 quae
727 1641 884 1716 imagines
914 1640 996 1702 reie-

245 1741 323 1796 runt
334 1733 490 1813 lebonsi
505 1735 698 1797 confessoris
714 1743 809 1812 atque
821 1733 993 1800 Pontificis.

245 1828 413 1900 Francisci‚
427 1829 563 1900 loannis,
579 1829 701 1890 Pacifici
716 1829 950 1900 confessorum,
965 1837 997 1890 et

245 1921 422 1984 Veronicae
444 1921 598 2000 Virginis
616 1937 696 2000 quos
718 1921 885 2001 superiore
899 1939 993 1994 anno,

245 2016 278 2077 in
300 2017 382 2078 lesto
404 2017 649 2094 augustissimae
668 2017 842 2090 Trinitatis,
858 2018 996 2080 solemni

246 2111 377 2172 decreto
391 2111 592 2173 venerandos
610 2110 800 2173 Sanctorum
820 2112 910 2173 cultu
925 2127 996 2190 pro·

246 2205 484 2266 nuntiavimus:
510 2212 543 2266 et
563 2206 623 2266 tria
644 2206 778 2283 insuper
804 2205 997 2267 numismata

247 2313 286 2359 ex
298 2315 387 2370 auro,
401 2299 434 2360 in
450 2299 566 2375 quibus
581 2300 687 2376 imago
703 2299 898 2377 conspicitur
910 2299 945 2360 b.
956 2299 993 2360 N.

245 2390 316 2452 lesu
332 2391 452 2453 Christi
468 2391 546 2454 dum
560 2393 593 2454 in
609 2393 783 2454 novissima
798 2394 896 2454 coena
911 2393 996 2454 Petri

246 2485 389 2562 Apostoli
411 2487 508 2564 pedes
531 2487 663 2549 lavaret.
681 2487 827 2566 ipsorum
844 2503 923 2548 vero
939 2503 996 2549 nu-

246 2579 431 2640 mismatum
454 2579 528 2652 duo,
552 2581 704 2642 videlicet
725 2595 764 2642 ex
787 2589 927 2658 utroque
943 2597 997 2658 ge-

247 2689 325 2734 nere
353 2689 468 2746 uuum,
499 2674 724 2736 dilectissimae
750 2675 783 2735 in
808 2673 937 2736 Christo
962 2677 997 2736 ti·
1023 2740 1026 2767 Ι

246 2766 307 2828 liae
321 2774 449 2828 nostrae
464 2768 755 2845 praestantissimae
770 2769 905 2846 principi
925 2775 997 2830 tuae

246 2862 340 2922 uxori
356 2862 476 2924 trades:
495 2869 527 2923 et
542 2863 618 2924 baec
631 2853 822 2924 munuscula
835 2869 996 2940 tamquam

246 2955 360 3018 indicia
382 2955 539 3017 babebitis
562 2956 772 3018 ellusissimae
786 2955 873 3018 illius
889 2956 998 3017 carita·

246 3050 296 3120 tis,
321 3065 382 3127 qua
404 3050 514 3112 ambos
536 3050 568 3110 in
591 3050 769 3112 visceribus
791 3049 911 3112 Christi
927 3066 997 3128 pro·

246 3145 425 3220 sequimur.
440 3144 586 3220 Denique
601 3143 859 3206 benedictionem
875 3152 998 3222 aposto-

246 3236 339 3299 licam
362 3237 551 3299 coelestium
569 3243 664 3314 atque
679 3238 884 3299 terrestrium
900 3239 999 3299 bono·

246 3346 320 3391 rum
336 3331 497 3408 auspicem
513 3331 581 3402 tibi,
599 3331 807 3392 dilectissime
821 3331 855 3393 in
869 3329 998 3394 Christo

247 3423 292 3485 uli
315 3430 436 3494 noster,
461 3425 633 3502 eidemque
656 3430 729 3485 tuae
751 3424 892 3501 coniugi,
911 3431 943 3486 et
964 3425 998 3484 ii-

246 3517 372 3580 delibus
400 3518 463 3579 tuis
492 3517 634 3596 populis,
658 3523 726 3579 toto
748 3519 871 3595 paterni
893 3517 998 3580 cordis

246 3611 361 3672 ellectu
383 3613 601 3673 amantissime
622 3611 839 3689 impertimur.

285 3705 400 3767 Datum
416 3705 536 3768 Romae
550 3706 633 3783 apud
650 3704 681 3766 S.
700 3705 829 3767 Mariam
846 3705 996 3768 blaiorem

247 3799 306 3860 sub
332 3800 451 3862 annulo
478 3799 645 3862 Piscatoris
667 3800 718 3862 die
741 3818 783 3861 xv.
811 3799 998 3862 novembris

248 3909 421 3966 vincenam,
445 3894 647 3974 pontificatus
670 3895 774 3956 nostri
795 3911 877 3956 anno
901 3911 931 3955 x.

541 4179 703 4242 CLXXXI.

253 4363 474 4428 Coadiutorcm
494 4368 674 4430 vicariatus
689 4367 855 4448 apostolici
870 4365 999 4429 Modra-

287 4461 430 4538 spoioni,
456 4459 618 4524 Vitorium
643 4461 855 4542 apostolicum
877 4459 999 4540 Boupo-

289 4553 404 4616 lenscm
425 4571 481 4616 seu
506 4553 670 4618 deterritae
691 4556 868 4618 constituit.
923 4629 924 4632 Ἴ

250 4737 420 4806 venerabili
442 4740 529 4806 tratri
554 4741 681 4822 locepbo
709 4739 819 4806 carew
847 4739 998 4824 Episcopo

291 4831 520 4915 Philadelpbiae,
544 4840 575 4899 et
597 4833 763 4901 coadiutovi
788 4833 897 4900 vicarii
921 4833 998 4916 xpo-

289 4925 388 4992 siolici
413 4925 647 5009 bladraspataoi,

421 5073 639 5142 cosconius
664 5075 725 5140 ΡΡ.
750 5073 821 5142 llll.

462 5209 651 5276 Venerabilis
674 5210 782 5289 irater,

282 5303 409 5369 salutem
432 5307 464 5370 el
485 5304 681 5386 apostolicam
711 5295 962 5370 benedictionem.

288 5495 447 5557 Pastorale
461 5495 601 5558 officium
617 5495 709 5556 nobis
722 5510 761 5556 ex
773 5495 837 5557 alto
849 5496 997 5557 commis-

250 5606 320 5651 sum
349 5589 489 5668 postulat
514 5595 609 5666 atque
638 5588 799 5666 efflagitat,
825 5596 860 5650 ut
881 5590 998 5650 anima-

250 5699 321 5746 rum
342 5683 437 5746 saluti
457 5700 582 5746 summa
602 5683 777 5759 vigilantia,
796 5700 870 5745 cura
886 5691 918 5745 et
933 5691 998 5747 stu·

250 5778 300 5840 dio
322 5793 380 5856 pro
401 5777 525 5839 viribus
554 5777 769 5838 consulamus.
794 5777 903 5854 ltaque
924 5793 996 5839 cum

249 5887 306 5950 per
328 5871 451 5934 obitum
467 5871 519 5932 bo.
537 5887 600 5932 mc.
619 5869 771 5933 Ludovici
787 5869 911 5933 Tabord
927 5871 998 5949 Epi-

249 5965 335 6044 scopi
356 5964 599 6044 lsauropolitani
622 5972 654 6026 et
669 5963 877 6048 Bengalensis
892 5964 998 6027 Eccle-

356 6113 408 6158 ltcr.
428 6113 496 6158 l’ont.
512 6111 543 6158 de
560 6112 632 6169 l'rop.
649 6110 711 6156 Fide
727 6111 807 6156 Partis
823 6113 840 6156 l.
858 6111 908 6154 vol.
925 6112 951 6154 v.

1053 698 1119 758 siae
1140 697 1255 759 Vicarii
1279 698 1453 775 Apostolici
1475 698 1607 761 interlui
1629 703 1806 759 memorata

1054 793 1164 855 missio
1185 810 1241 854 seu
1265 792 1440 854 vicariatus
1463 793 1613 855 Praesule
1628 809 1663 854 ac
1678 797 1806 870 pastore

1054 887 1206 949 destituta
1220 889 1422 960 remanserit,
1437 888 1476 949 de
1488 902 1586 950 veno.
1600 887 1737 949 fratrum
1750 902 1806 948 no·

1054 989 1197 1044 strorum
1227 980 1258 1044 S.
1287 981 1322 1044 fl.
1351 982 1387 1043 ll.
1418 979 1635 1044 Cardiualium
1666 977 1806 1056 negotiis

1053 1076 1277 1154 Propagandae
1293 1077 1381 1138 Fidei
1398 1075 1655 1154 praepositorum
1671 1073 1805 1136 consilio

1053 1171 1159 1232 eidem
1188 1171 1333 1232 missioni
1359 1187 1417 1232 seu
1439 1168 1610 1232 Vicariatui
1636 1167 1805 1230 consulen-

1054 1263 1130 1324 dum
1164 1280 1235 1326 esse
1264 1265 1459 1326 censuimus.
1490 1262 1704 1336 Quamobrem
1733 1260 1803 1329 tibi.

1054 1360 1108 1436 qui
1130 1359 1163 1420 in
1186 1358 1364 1437 praescotia
1392 1357 1557 1420 coadiutor
1585 1355 1701 1418 llicarii
1723 1355 1806 1434 Apo·

1053 1455 1156 1518 stolici
1181 1453 1407 1530 bladraspatani
1430 1451 1551 1523 existis,
1569 1451 1703 1527 eiusque
1718 1450 1805 1512 vices

1054 1567 1087 1611 ac
1107 1565 1226 1610 munus
1243 1548 1339 1626 geris,
1358 1547 1479 1624 quique
1494 1545 1651 1622 singulari
1666 1545 1807 1623 pruden-

1055 1643 1105 1714 tia,
1136 1643 1265 1720 pietate,
1289 1640 1433 1702 doctrina
1455 1657 1488 1702 ac
1516 1655 1628 1701 rerum
1652 1637 1806 1715 gerenda-

1053 1752 1126 1797 rum
1150 1735 1263 1814 peritit
1289 1734 1428 1796 maxime
1458 1740 1609 1812 praestas,
1634 1731 1713 1794 illud
1737 1747 1806 1794 mu-

1054 1845 1115 1890 nus
1138 1830 1176 1891 de
1196 1829 1386 1890 eorumdem
1402 1843 1500 1888 verm.
1518 1827 1655 1888 fratrum
1672 1824 1806 1888 consilio

1054 1923 1263 1986 tribuendum
1287 1921 1553 1984 existimavimus.
1577 1919 1728 1994 Quocirca
1744 1926 1775 1982 te
1791 1937 1806 1980 a

1055 2017 1223 2094 quibusvis
1245 2014 1599 2086 excommunicationis,
1623 2015 1806 2092 suspensio-

1055 2130 1104 2174 nis
1117 2119 1148 2174 et
1162 2111 1336 2181 interdicti,
1351 2111 1487 2186 aliisque
1499 2108 1721 2170 ecclesiasticis
1734 2099 1820 2170 cen-'

1055 2205 1149 2278 suris,
1173 2205 1341 2268 sententiis
1365 2212 1397 2266 et
1419 2203 1546 2282 poenis,
1571 2202 1806 2280 quovismodo

1055 2307 1087 2360 et
1106 2315 1309 2376 quacumque
1325 2301 1364 2360 de
1381 2315 1472 2361 causa
1488 2298 1570 2368 latis
1587 2298 1613 2358 si
1629 2311 1707 2373 quas
1723 2295 1806 2358 lori-c

1054 2393 1229 2465 incurristi,
1255 2393 1351 2456 buius
1374 2400 1497 2455 tantum
1521 2392 1568 2452 rei
1590 2391 1688 2468 gratia
1704 2389 1806 2452 absol-

1054 2493 1168 2548 ventes
1191 2495 1222 2548 et
1237 2487 1420 2548 absolutum
1436 2486 1505 2547 fore
1521 2492 1700 2553 censentes,
1718 2483 1806 2544 bisce

1054 2578 1156 2640 literis
1175 2580 1363 2641 auctoritate
1378 2579 1486 2640 nostra
1501 2577 1671 2656 apostolice
1687 2593 1703 2636 a
1719 2573 1806 2638 Vica-

1054 2675 1136 2735 riatu
1150 2673 1386 2752 liadraspatano
1402 2673 1438 2735 ad
1454 2672 1688 2749 Bengalensem
1704 2677 1807 2734 trans-

1054 2769 1200 2841 ferimus,
1225 2777 1322 2845 teque
1344 2769 1381 2831 ad
1398 2777 1546 2830 nostrum
1564 2774 1596 2830 et
1611 2768 1708 2830 huius
1724 2766 1806 2844 Apo-

1054 2864 1182 2926 stolicae
1213 2861 1302 2926 Sedis
1329 2863 1566 2941 beneplacitum
1588 2861 1621 2923 in
1643 2860 1804 2923 Vicarium

1055 2956 1273 3034 Apostolicum
1296 2956 1474 3034 praedictae
1500 2955 1708 3032 Bengalensis
1732 2953 1806 3016 mis-

1054 3051 1153 3112 sionis
1182 3050 1344 3127 eligimus,
1369 3049 1596 3111 constituimus
1622 3053 1655 3109 et
1676 3048 1807 3125 deputa-

1056 3163 1138 3208 mus.
1162 3145 1330 3206 Praeterea
1353 3143 1463 3206 eadem
1488 3142 1676 3204 auctoritate
1698 3143 1805 3203 nostrl

1055 3239 1222 3319 apostolici
1252 3239 1309 3300 tibi
1335 3238 1518 3300 facultatem
1540 3236 1684 3309 lecimus,
1716 3243 1752 3298 ut
1772 3237 1804 3298 in

1056 3333 1289 3411 bladraspatana
1312 3331 1465 3392 missione
1487 3331 1617 3392 interim
1635 3329 1806 3392 Pro-Vica-

1054 3429 1139 3489 rium
1163 3426 1382 3504 Apostolicum
1405 3441 1445 3486 ex
1460 3424 1523 3485 illis
1540 3424 1695 3502 operariis
1711 3438 1805 3485 evan-

1055 3521 1165 3598 gelicis
1181 3507 1354 3584 co’nstituas
1366 3527 1461 3594 atque
1473 3517 1648 3594 relinquas,
1664 3517 1717 3594 qui
1730 3517 1805 3578 mis-

1054 3615 1152 3676 sionis
1177 3614 1275 3692 ipsius
1304 3629 1414 3675 curam
1440 3621 1540 3690 gerat,
1565 3612 1666 3684 donec
1688 3610 1725 3673 ab
1748 3611 1805 3673 bac

1055 3708 1234 3786 Apostolica
1268 3705 1349 3769 Sede
1379 3707 1472 3768 aliter
1505 3706 1668 3785 provisum
1693 3705 1802 3766 luerit.
1852 3739 1855 3750 ·

1055 3801 1238 3863 Mandemus
1261 3808 1321 3863 otc.

1094 3895 1207 3958 Datum
1231 3896 1349 3958 Romae
1370 3895 1452 3974 apud
1476 3893 1507 3956 S.
1528 3895 1660 3957 Petrum
1677 3893 1736 3956 sub
1752 3911 1804 3955 an-

1055 3991 1132 4053 nulo
1162 3991 1328 4053 Piscatoris
1356 3989 1407 4052 die
1437 4006 1494 4050 xxv.
1525 4004 1600 4051 nov.
1628 4004 1802 4060 enecone,

1054 4085 1254 4163 pontificatus
1277 4084 1378 4146 nostri
1399 4099 1482 4146 anno
1504 4101 1535 4146 x.

1343 4366 1517 4430 CLXXXII.

1056 4553 1232 4614 ,eutonium
1265 4551 1444 4616 Mussubini
1475 4551 1622 4632 Arcltr'ep.
1654 4550 1804 4628 Smyrna-

1093 4663 1167 4708 rum
1192 4645 1392 4709 Visitotorem
1414 4645 1629 4727 Apostolicum
1654 4645 1742 4725 eligit
1764 4646 1805 4708 od

1094 4739 1322 4818 inquirendum
1351 4739 1387 4800 dc
1408 4739 1468 4820 tide
1490 4745 1519 4800 et
1540 4736 1681 4802 moribus
1710 4738 1805 4802 Grac-

1069 4913 1073 4920 ·
1094 4851 1205 4896 corum
1226 4840 1256 4895 et
1275 4831 1504 4896 Albonccsium
1524 4833 1617 4913 requi
1637 4833 1806 4911 utriusque

1094 4927 1235 4991 Siciliae.

1114 5112 1285 5179 venenuo
1311 5112 1399 5179 riam
1423 5061 1743 5180 intumuissent

1221 5207 1459 5290 brotiepiscopo
1482 5204 1638 5289 Smyrnae,

1226 5351 1448 5420 altecomus
1470 5353 1531 5426 ΡΡ.
1556 5352 1628 5419 xvi.

1271 5489 1459 5556 venerabilis
1481 5489 1590 5568 irater,

1088 5585 1215 5651 salutem
1241 5589 1273 5650 et
1294 5583 1493 5668 apostolicam
1520 5584 1768 5651 benedictionem.

1094 5775 1175 5838 Cum
1199 5791 1312 5852 graves
1328 5775 1546 5854 acceperimus
1561 5775 1746 5848 relationes,
1764 5791 1803 5838 ex

1055 5870 1170 5946 quibus
1193 5870 1410 5932 necessarium
1433 5870 1474 5931 sit
1488 5867 1708 5948 Apostolicum
1723 5869 1804 5931 Visi-

1054 5971 1189 6028 tatorem
1206 5964 1238 6025 in
1253 5979 1391 6041 regnum
1409 5963 1579 6041 utriusque
1592 5962 1716 6026 Siciliae
1733 5964 1804 6025 mit-

1668 6113 1696 6152 33

1727 561 1785 625 car
1836 565 1934 618 mo.
1956 553 2026 616 1840
2097 515 2108 612 ss
2165 519 2166 522 ‘
