<?xml version="1.0" encoding="UTF-8"?>
<!DOCTYPE html PUBLIC "-//W3C//DTD XHTML 1.0 Transitional//EN"
    "http://www.w3.org/TR/xhtml1/DTD/xhtml1-transitional.dtd">
<html xmlns="http://www.w3.org/1999/xhtml" xml:lang="en" lang="en">
 <head>
  <title>
</title>
<meta http-equiv="Content-Type" content="text/html;charset=utf-8" />
  <meta name='ocr-system' content='tesseract 3.04.00' />
  <meta name='ocr-capabilities' content='ocr_page ocr_carea ocr_par ocr_line ocrx_word'/>
</head>
<body>
  <div class='ocr_page' id='page_1' title='image "./iurispontificii01martgoog_0425.png"; bbox 0 0 4822 6986; ppageno 0'>
   <div class='ocr_carea' id='block_1_1' title="bbox 953 589 1881 657">
    <p class='ocr_par' dir='ltr' id='par_1_1' title="bbox 953 589 1881 657">
     <span class='ocr_line' id='line_1_1' title="bbox 953 589 1881 657; baseline 0.008 -7"><span class='ocrx_word' id='word_1_1' title='bbox 953 598 1129 652; x_wconf 84' lang='lat' dir='ltr'><strong>eneoomos</strong></span> <span class='ocrx_word' id='word_1_2' title='bbox 1150 599 1201 652; x_wconf 79' lang='lat' dir='ltr'><strong>rr.</strong></span> <span class='ocrx_word' id='word_1_3' title='bbox 1225 600 1291 654; x_wconf 80' lang='lat' dir='ltr'><strong>xtt.</strong></span> <span class='ocrx_word' id='word_1_4' title='bbox 1823 589 1881 657; x_wconf 79' lang='lat' dir='ltr'><strong>lib</strong></span> 
     </span>
    </p>
   </div>
   <div class='ocr_carea' id='block_1_2' title="bbox 345 709 1097 989">
    <p class='ocr_par' dir='ltr' id='par_1_2' title="bbox 345 709 1097 989">
     <span class='ocr_line' id='line_1_2' title="bbox 345 709 1094 796; baseline 0.011 -18"><span class='ocrx_word' id='word_1_5' title='bbox 345 709 419 780; x_wconf 90' lang='lat' dir='ltr'><strong>beat</strong></span> <span class='ocrx_word' id='word_1_6' title='bbox 433 721 542 782; x_wconf 90' lang='lat' dir='ltr'><strong>tamen</strong></span> <span class='ocrx_word' id='word_1_7' title='bbox 556 717 774 794; x_wconf 90' lang='lat' dir='ltr'><strong>intirmorum,</strong></span> <span class='ocrx_word' id='word_1_8' title='bbox 788 723 1094 796; x_wconf 87' lang='lat' dir='ltr'><strong>convalescentium,</strong></span> 
     </span>
     <span class='ocr_line' id='line_1_3' title="bbox 347 815 1097 897; baseline 0.004 -21"><span class='ocrx_word' id='word_1_9' title='bbox 347 827 528 893; x_wconf 92' lang='lat' dir='ltr'><strong>eorumque</strong></span> <span class='ocrx_word' id='word_1_10' title='bbox 557 815 612 894; x_wconf 92' lang='lat' dir='ltr'><strong>qui</strong></span> <span class='ocrx_word' id='word_1_11' title='bbox 639 815 847 894; x_wconf 78' lang='lat' dir='ltr'>laboriosiora</span> <span class='ocrx_word' id='word_1_12' title='bbox 880 833 975 897; x_wconf 93' lang='lat' dir='ltr'><strong>opera</strong></span> <span class='ocrx_word' id='word_1_13' title='bbox 1005 834 1097 880; x_wconf 80' lang='lat' dir='ltr'><strong>erer-</strong></span> 
     </span>
     <span class='ocr_line' id='line_1_4' title="bbox 347 907 1097 989; baseline 0.003 -17"><span class='ocrx_word' id='word_1_14' title='bbox 347 915 431 983; x_wconf 91' lang='lat' dir='ltr'><strong>ceut,</strong></span> <span class='ocrx_word' id='word_1_15' title='bbox 454 907 625 983; x_wconf 89' lang='lat' dir='ltr'><strong>rationem,</strong></span> <span class='ocrx_word' id='word_1_16' title='bbox 643 916 740 989; x_wconf 91' lang='lat' dir='ltr'><strong>prout</strong></span> <span class='ocrx_word' id='word_1_17' title='bbox 761 911 790 973; x_wconf 93' lang='lat' dir='ltr'><strong>ei</strong></span> <span class='ocrx_word' id='word_1_18' title='bbox 812 911 911 974; x_wconf 86' lang='lat' dir='ltr'><strong>luerit</strong></span> <span class='ocrx_word' id='word_1_19' title='bbox 931 913 969 976; x_wconf 93' lang='lat' dir='ltr'><strong>ab</strong></span> <span class='ocrx_word' id='word_1_20' title='bbox 984 913 1097 976; x_wconf 83' lang='lat' dir='ltr'>abbate</span> 
     </span>
    </p>
   </div>
   <div class='ocr_carea' id='block_1_3' title="bbox 261 1000 1097 1085">
    <p class='ocr_par' dir='ltr' id='par_1_3' title="bbox 261 1000 1097 1085">
     <span class='ocr_line' id='line_1_5' title="bbox 261 1000 1097 1085; baseline 0.005 -20"><span class='ocrx_word' id='word_1_21' title='bbox 261 1000 264 1011; x_wconf 86' lang='lat'>&#39;</span> <span class='ocrx_word' id='word_1_22' title='bbox 347 1006 596 1085; x_wconf 89' lang='lat' dir='ltr'><strong>praescriptum,</strong></span> <span class='ocrx_word' id='word_1_23' title='bbox 620 1005 689 1067; x_wconf 89' lang='lat' dir='ltr'><strong>siue</strong></span> <span class='ocrx_word' id='word_1_24' title='bbox 711 1004 801 1067; x_wconf 87' lang='lat' dir='ltr'><strong>cuius</strong></span> <span class='ocrx_word' id='word_1_25' title='bbox 830 1005 963 1069; x_wconf 91' lang='lat' dir='ltr'><strong>arbitrio</strong></span> <span class='ocrx_word' id='word_1_26' title='bbox 990 1021 1097 1085; x_wconf 90' lang='lat' dir='ltr'><strong>neque</strong></span> 
     </span>
    </p>
   </div>
   <div class='ocr_carea' id='block_1_4' title="bbox 121 3521 209 3562">
    <p class='ocr_par' dir='ltr' id='par_1_4' title="bbox 121 3521 209 3562">
     <span class='ocr_line' id='line_1_6' title="bbox 121 3521 209 3562; baseline 0.023 -2"><span class='ocrx_word' id='word_1_27' title='bbox 121 3521 209 3562; x_wconf 85' lang='lat' dir='ltr'><strong>sertet.</strong></span> 
     </span>
    </p>
   </div>
   <div class='ocr_carea' id='block_1_5' title="bbox 346 1097 1098 3250">
    <p class='ocr_par' dir='ltr' id='par_1_5' title="bbox 346 1097 1097 1256">
     <span class='ocr_line' id='line_1_7' title="bbox 346 1097 1097 1180; baseline 0.005 -22"><span class='ocrx_word' id='word_1_28' title='bbox 346 1097 543 1162; x_wconf 88' lang='lat' dir='ltr'><strong>ientaculum</strong></span> <span class='ocrx_word' id='word_1_29' title='bbox 556 1115 662 1178; x_wconf 88' lang='lat' dir='ltr'><strong>neque</strong></span> <span class='ocrx_word' id='word_1_30' title='bbox 674 1097 759 1161; x_wconf 85' lang='lat' dir='ltr'><strong>aliud</strong></span> <span class='ocrx_word' id='word_1_31' title='bbox 775 1100 937 1180; x_wconf 83' lang='lat' dir='ltr'>quidpiam</span> <span class='ocrx_word' id='word_1_32' title='bbox 949 1100 1008 1163; x_wconf 94' lang='lat' dir='ltr'><strong>ulli</strong></span> <span class='ocrx_word' id='word_1_33' title='bbox 1023 1117 1097 1164; x_wconf 91' lang='lat' dir='ltr'><strong>con-</strong></span> 
     </span>
     <span class='ocr_line' id='line_1_8' title="bbox 348 1193 450 1256; baseline 0.02 -4"><span class='ocrx_word' id='word_1_34' title='bbox 348 1193 450 1256; x_wconf 89' lang='lat' dir='ltr'><strong>cedet.</strong></span> 
     </span>
    </p>

    <p class='ocr_par' dir='ltr' id='par_1_6' title="bbox 347 1288 1097 1650">
     <span class='ocr_line' id='line_1_9' title="bbox 387 1288 1097 1368; baseline 0.004 -20"><span class='ocrx_word' id='word_1_35' title='bbox 387 1304 434 1348; x_wconf 93' lang='grc' dir='ltr'><strong>ιιι.</strong></span> <span class='ocrx_word' id='word_1_36' title='bbox 459 1288 639 1367; x_wconf 82' lang='lat' dir='ltr'><strong>Antequam</strong></span> <span class='ocrx_word' id='word_1_37' title='bbox 662 1291 791 1368; x_wconf 90' lang='lat' dir='ltr'><strong>penitus</strong></span> <span class='ocrx_word' id='word_1_38' title='bbox 820 1291 1030 1354; x_wconf 81' lang='lat' dir='ltr'><strong>absumantur</strong></span> <span class='ocrx_word' id='word_1_39' title='bbox 1050 1291 1097 1352; x_wconf 88' lang='lat' dir='ltr'><strong>vi·</strong></span> 
     </span>
     <span class='ocr_line' id='line_1_10' title="bbox 347 1381 1094 1460; baseline 0.005 -18"><span class='ocrx_word' id='word_1_40' title='bbox 347 1381 461 1444; x_wconf 88' lang='lat' dir='ltr'><strong>ctualia</strong></span> <span class='ocrx_word' id='word_1_41' title='bbox 482 1398 563 1460; x_wconf 93' lang='lat' dir='ltr'><strong>quae</strong></span> <span class='ocrx_word' id='word_1_42' title='bbox 585 1384 618 1444; x_wconf 96' lang='lat' dir='ltr'><strong>in</strong></span> <span class='ocrx_word' id='word_1_43' title='bbox 639 1385 836 1446; x_wconf 91' lang='lat' dir='ltr'><strong>monasterio</strong></span> <span class='ocrx_word' id='word_1_44' title='bbox 861 1385 1094 1459; x_wconf 89' lang='lat' dir='ltr'><strong>reconduntur,</strong></span> 
     </span>
     <span class='ocr_line' id='line_1_11' title="bbox 347 1475 1096 1558; baseline 0.008 -22"><span class='ocrx_word' id='word_1_45' title='bbox 347 1475 493 1539; x_wconf 92' lang='lat' dir='ltr'><strong>abbatem</strong></span> <span class='ocrx_word' id='word_1_46' title='bbox 516 1480 695 1552; x_wconf 89' lang='lat' dir='ltr'><strong>admoneat,</strong></span> <span class='ocrx_word' id='word_1_47' title='bbox 712 1485 749 1541; x_wconf 90' lang='lat' dir='ltr'><strong>ut</strong></span> <span class='ocrx_word' id='word_1_48' title='bbox 763 1479 956 1558; x_wconf 89' lang='lat' dir='ltr'><strong>tempestive</strong></span> <span class='ocrx_word' id='word_1_49' title='bbox 971 1495 1030 1558; x_wconf 89' lang='lat' dir='ltr'><strong>per</strong></span> <span class='ocrx_word' id='word_1_50' title='bbox 1046 1497 1096 1542; x_wconf 92' lang='lat' dir='ltr'><strong>oe-</strong></span> 
     </span>
     <span class='ocr_line' id='line_1_12' title="bbox 347 1571 853 1650; baseline 0.004 -20"><span class='ocrx_word' id='word_1_51' title='bbox 347 1585 521 1632; x_wconf 90' lang='lat' dir='ltr'><strong>conomum</strong></span> <span class='ocrx_word' id='word_1_52' title='bbox 545 1571 718 1650; x_wconf 86' lang='lat' dir='ltr'><strong>providere</strong></span> <span class='ocrx_word' id='word_1_53' title='bbox 744 1573 853 1649; x_wconf 84' lang='lat' dir='ltr'>possit.</span> 
     </span>
    </p>

    <p class='ocr_par' dir='ltr' id='par_1_7' title="bbox 346 1663 1097 2118">
     <span class='ocr_line' id='line_1_13' title="bbox 387 1663 1096 1745; baseline 0.007 -20"><span class='ocrx_word' id='word_1_54' title='bbox 387 1679 429 1726; x_wconf 88' lang='grc' dir='ltr'><strong>ιιι.</strong></span> <span class='ocrx_word' id='word_1_55' title='bbox 453 1663 553 1726; x_wconf 80' lang='lat' dir='ltr'><strong>Curet</strong></span> <span class='ocrx_word' id='word_1_56' title='bbox 574 1665 768 1727; x_wconf 91' lang='lat' dir='ltr'><strong>munditiem</strong></span> <span class='ocrx_word' id='word_1_57' title='bbox 785 1671 849 1726; x_wconf 92' lang='lat' dir='ltr'><strong>tam</strong></span> <span class='ocrx_word' id='word_1_58' title='bbox 864 1665 986 1728; x_wconf 89' lang='lat' dir='ltr'><strong>cellarii</strong></span> <span class='ocrx_word' id='word_1_59' title='bbox 1000 1683 1096 1745; x_wconf 88' lang='lat' dir='ltr'><strong>quarn</strong></span> 
     </span>
     <span class='ocr_line' id='line_1_14' title="bbox 346 1758 1096 1838; baseline 0.009 -20"><span class='ocrx_word' id='word_1_60' title='bbox 346 1758 521 1832; x_wconf 78' lang='lat' dir='ltr'>refectorii,</span> <span class='ocrx_word' id='word_1_61' title='bbox 547 1775 727 1837; x_wconf 92' lang='lat' dir='ltr'><strong>eorumque</strong></span> <span class='ocrx_word' id='word_1_62' title='bbox 750 1759 895 1822; x_wconf 91' lang='lat' dir='ltr'><strong>omnium</strong></span> <span class='ocrx_word' id='word_1_63' title='bbox 924 1776 1005 1838; x_wconf 91' lang='lat' dir='ltr'><strong>quae</strong></span> <span class='ocrx_word' id='word_1_64' title='bbox 1029 1763 1096 1825; x_wconf 89' lang='lat' dir='ltr'><strong>eius</strong></span> 
     </span>
     <span class='ocr_line' id='line_1_15' title="bbox 347 1852 1097 1932; baseline 0.007 -18"><span class='ocrx_word' id='word_1_65' title='bbox 347 1852 458 1915; x_wconf 92' lang='lat' dir='ltr'><strong>usibus</strong></span> <span class='ocrx_word' id='word_1_66' title='bbox 480 1853 638 1926; x_wconf 89' lang='lat' dir='ltr'><strong>serviunt,</strong></span> <span class='ocrx_word' id='word_1_67' title='bbox 653 1859 754 1932; x_wconf 90' lang='lat' dir='ltr'><strong>utque</strong></span> <span class='ocrx_word' id='word_1_68' title='bbox 776 1869 907 1917; x_wconf 91' lang='lat' dir='ltr'><strong>mensae</strong></span> <span class='ocrx_word' id='word_1_69' title='bbox 928 1855 1027 1918; x_wconf 90' lang='lat' dir='ltr'><strong>rebus</strong></span> <span class='ocrx_word' id='word_1_70' title='bbox 1042 1873 1097 1919; x_wconf 91' lang='lat' dir='ltr'><strong>ne-</strong></span> 
     </span>
     <span class='ocr_line' id='line_1_16' title="bbox 346 1947 1097 2027; baseline 0.005 -18"><span class='ocrx_word' id='word_1_71' title='bbox 346 1947 490 2010; x_wconf 88' lang='lat' dir='ltr'><strong>cessariis</strong></span> <span class='ocrx_word' id='word_1_72' title='bbox 512 1954 637 2027; x_wconf 90' lang='lat' dir='ltr'><strong>paratae</strong></span> <span class='ocrx_word' id='word_1_73' title='bbox 659 1948 734 2020; x_wconf 90' lang='lat' dir='ltr'><strong>sint,</strong></span> <span class='ocrx_word' id='word_1_74' title='bbox 755 1963 828 2010; x_wconf 86' lang='lat' dir='ltr'><strong>cunr</strong></span> <span class='ocrx_word' id='word_1_75' title='bbox 851 1950 1034 2013; x_wconf 90' lang='lat' dir='ltr'><strong>reiectionis</strong></span> <span class='ocrx_word' id='word_1_76' title='bbox 1056 1952 1097 2013; x_wconf 90' lang='lat' dir='ltr'><strong>si-</strong></span> 
     </span>
     <span class='ocr_line' id='line_1_17' title="bbox 347 2043 609 2118; baseline 0.008 -16"><span class='ocrx_word' id='word_1_77' title='bbox 347 2057 447 2118; x_wconf 87' lang='lat' dir='ltr'><strong>gnum</strong></span> <span class='ocrx_word' id='word_1_78' title='bbox 470 2043 609 2104; x_wconf 90' lang='lat' dir='ltr'><strong>dabitur.</strong></span> 
     </span>
    </p>

    <p class='ocr_par' dir='ltr' id='par_1_8' title="bbox 346 2135 1097 2764">
     <span class='ocr_line' id='line_1_18' title="bbox 387 2135 1096 2216; baseline 0.008 -21"><span class='ocrx_word' id='word_1_79' title='bbox 387 2153 416 2196; x_wconf 88' lang='grc' dir='ltr'><strong>ιι.</strong></span> <span class='ocrx_word' id='word_1_80' title='bbox 440 2135 627 2213; x_wconf 75' lang='lat' dir='ltr'><strong>catalogum</strong></span> <span class='ocrx_word' id='word_1_81' title='bbox 657 2135 772 2198; x_wconf 90' lang='lat' dir='ltr'><strong>babeat</strong></span> <span class='ocrx_word' id='word_1_82' title='bbox 797 2153 925 2210; x_wconf 90' lang='lat' dir='ltr'><strong>rerum,</strong></span> <span class='ocrx_word' id='word_1_83' title='bbox 956 2153 1037 2216; x_wconf 91' lang='lat' dir='ltr'><strong>qnae</strong></span> <span class='ocrx_word' id='word_1_84' title='bbox 1058 2139 1096 2202; x_wconf 90' lang='lat' dir='ltr'><strong>ad</strong></span> 
     </span>
     <span class='ocr_line' id='line_1_19' title="bbox 347 2229 1094 2310; baseline 0.005 -20"><span class='ocrx_word' id='word_1_85' title='bbox 347 2229 514 2292; x_wconf 88' lang='lat' dir='ltr'><strong>cellarium</strong></span> <span class='ocrx_word' id='word_1_86' title='bbox 547 2230 644 2293; x_wconf 93' lang='lat' dir='ltr'><strong>etad</strong></span> <span class='ocrx_word' id='word_1_87' title='bbox 672 2229 882 2293; x_wconf 85' lang='lat' dir='ltr'><strong>relectorium</strong></span> <span class='ocrx_word' id='word_1_88' title='bbox 912 2233 1094 2310; x_wconf 90' lang='lat' dir='ltr'><strong>pertinent;</strong></span> 
     </span>
     <span class='ocr_line' id='line_1_20' title="bbox 346 2323 1096 2405; baseline 0.001 -20"><span class='ocrx_word' id='word_1_89' title='bbox 346 2323 485 2386; x_wconf 90' lang='lat' dir='ltr'><strong>alterum</strong></span> <span class='ocrx_word' id='word_1_90' title='bbox 515 2325 610 2386; x_wconf 89' lang='lat' dir='ltr'><strong>etiam</strong></span> <span class='ocrx_word' id='word_1_91' title='bbox 640 2339 770 2398; x_wconf 91' lang='lat' dir='ltr'><strong>eorum,</strong></span> <span class='ocrx_word' id='word_1_92' title='bbox 795 2339 876 2402; x_wconf 90' lang='lat' dir='ltr'><strong>quae</strong></span> <span class='ocrx_word' id='word_1_93' title='bbox 898 2341 955 2405; x_wconf 92' lang='lat' dir='ltr'><strong>per</strong></span> <span class='ocrx_word' id='word_1_94' title='bbox 978 2326 1096 2390; x_wconf 93' lang='lat' dir='ltr'><strong>bebdo-</strong></span> 
     </span>
     <span class='ocr_line' id='line_1_21' title="bbox 346 2418 1096 2484; baseline 0.005 -6"><span class='ocrx_word' id='word_1_95' title='bbox 346 2419 455 2484; x_wconf 90' lang='lat' dir='ltr'><strong>utadas</strong></span> <span class='ocrx_word' id='word_1_96' title='bbox 475 2425 529 2481; x_wconf 93' lang='lat' dir='ltr'><strong>aut</strong></span> <span class='ocrx_word' id='word_1_97' title='bbox 554 2435 685 2481; x_wconf 90' lang='lat' dir='ltr'><strong>menses</strong></span> <span class='ocrx_word' id='word_1_98' title='bbox 713 2418 843 2482; x_wconf 79' lang='lat' dir='ltr'><strong>debebit</strong></span> <span class='ocrx_word' id='word_1_99' title='bbox 865 2419 1017 2482; x_wconf 89' lang='lat' dir='ltr'><strong>iratribus</strong></span> <span class='ocrx_word' id='word_1_100' title='bbox 1039 2421 1096 2482; x_wconf 93' lang='lat' dir='ltr'><strong>mi·</strong></span> 
     </span>
     <span class='ocr_line' id='line_1_22' title="bbox 347 2511 1096 2591; baseline 0.007 -19"><span class='ocrx_word' id='word_1_101' title='bbox 347 2511 484 2574; x_wconf 81' lang='lat' dir='ltr'>nistrare</span> <span class='ocrx_word' id='word_1_102' title='bbox 506 2519 570 2574; x_wconf 92' lang='lat' dir='ltr'><strong>tam</strong></span> <span class='ocrx_word' id='word_1_103' title='bbox 592 2512 625 2573; x_wconf 92' lang='lat' dir='ltr'><strong>in</strong></span> <span class='ocrx_word' id='word_1_104' title='bbox 647 2512 718 2574; x_wconf 91' lang='lat' dir='ltr'>cibo</span> <span class='ocrx_word' id='word_1_105' title='bbox 740 2527 835 2589; x_wconf 89' lang='lat' dir='ltr'><strong>quam</strong></span> <span class='ocrx_word' id='word_1_106' title='bbox 857 2511 891 2574; x_wconf 92' lang='lat' dir='ltr'><strong>in</strong></span> <span class='ocrx_word' id='word_1_107' title='bbox 914 2519 1009 2591; x_wconf 87' lang='lat' dir='ltr'><strong>potu;</strong></span> <span class='ocrx_word' id='word_1_108' title='bbox 1035 2521 1096 2577; x_wconf 93' lang='lat' dir='ltr'><strong>ter-</strong></span> 
     </span>
     <span class='ocr_line' id='line_1_23' title="bbox 347 2605 1097 2685; baseline 0.003 -17"><span class='ocrx_word' id='word_1_109' title='bbox 347 2605 428 2668; x_wconf 88' lang='lat' dir='ltr'><strong>tium</strong></span> <span class='ocrx_word' id='word_1_110' title='bbox 451 2607 591 2685; x_wconf 90' lang='lat' dir='ltr'><strong>denique</strong></span> <span class='ocrx_word' id='word_1_111' title='bbox 612 2622 745 2679; x_wconf 88' lang='lat' dir='ltr'><strong>eorum,</strong></span> <span class='ocrx_word' id='word_1_112' title='bbox 770 2607 824 2684; x_wconf 91' lang='lat' dir='ltr'><strong>qui</strong></span> <span class='ocrx_word' id='word_1_113' title='bbox 846 2621 977 2668; x_wconf 83' lang='lat' dir='ltr'><strong>mensae</strong></span> <span class='ocrx_word' id='word_1_114' title='bbox 1004 2608 1097 2670; x_wconf 91' lang='lat' dir='ltr'><strong>mini·</strong></span> 
     </span>
     <span class='ocr_line' id='line_1_24' title="bbox 346 2701 584 2764; baseline 0.004 -3"><span class='ocrx_word' id='word_1_115' title='bbox 346 2701 477 2762; x_wconf 91' lang='lat' dir='ltr'><strong>straturi</strong></span> <span class='ocrx_word' id='word_1_116' title='bbox 498 2707 584 2764; x_wconf 91' lang='lat' dir='ltr'><strong>suut.</strong></span> 
     </span>
    </p>

    <p class='ocr_par' dir='ltr' id='par_1_9' title="bbox 346 2793 1098 3250">
     <span class='ocr_line' id='line_1_25' title="bbox 386 2793 1094 2874; baseline 0.006 -19"><span class='ocrx_word' id='word_1_117' title='bbox 386 2811 429 2856; x_wconf 83' lang='lat' dir='ltr'><strong>vr.</strong></span> <span class='ocrx_word' id='word_1_118' title='bbox 453 2793 538 2869; x_wconf 82' lang='lat' dir='ltr'><strong>Quae</strong></span> <span class='ocrx_word' id='word_1_119' title='bbox 560 2811 600 2858; x_wconf 85' lang='lat' dir='ltr'><strong>ex</strong></span> <span class='ocrx_word' id='word_1_120' title='bbox 621 2796 733 2858; x_wconf 79' lang='lat' dir='ltr'><strong>mensa</strong></span> <span class='ocrx_word' id='word_1_121' title='bbox 748 2803 934 2874; x_wconf 88' lang='lat' dir='ltr'><strong>supersunt,</strong></span> <span class='ocrx_word' id='word_1_122' title='bbox 952 2796 1094 2874; x_wconf 89' lang='lat' dir='ltr'><strong>colliget,</strong></span> 
     </span>
     <span class='ocr_line' id='line_1_26' title="bbox 346 2887 1098 2967; baseline 0.003 -18"><span class='ocrx_word' id='word_1_123' title='bbox 346 2895 442 2966; x_wconf 91' lang='lat' dir='ltr'><strong>atque</strong></span> <span class='ocrx_word' id='word_1_124' title='bbox 463 2904 567 2967; x_wconf 91' lang='lat' dir='ltr'><strong>coquo</strong></span> <span class='ocrx_word' id='word_1_125' title='bbox 596 2889 717 2962; x_wconf 91' lang='lat' dir='ltr'><strong>tradet,</strong></span> <span class='ocrx_word' id='word_1_126' title='bbox 742 2889 798 2966; x_wconf 92' lang='lat' dir='ltr'><strong>qui</strong></span> <span class='ocrx_word' id='word_1_127' title='bbox 819 2887 873 2952; x_wconf 91' lang='lat' dir='ltr'><strong>illa</strong></span> <span class='ocrx_word' id='word_1_128' title='bbox 894 2889 1098 2952; x_wconf 88' lang='lat' dir='ltr'><strong>conservabit</strong></span> 
     </span>
     <span class='ocr_line' id='line_1_27' title="bbox 346 2983 1098 3062; baseline 0.001 -18"><span class='ocrx_word' id='word_1_129' title='bbox 346 2997 473 3044; x_wconf 88' lang='lat' dir='ltr'><strong>memor</strong></span> <span class='ocrx_word' id='word_1_130' title='bbox 501 2984 712 3062; x_wconf 87' lang='lat' dir='ltr'><strong>paupertatis,</strong></span> <span class='ocrx_word' id='word_1_131' title='bbox 741 2989 777 3044; x_wconf 93' lang='lat' dir='ltr'><strong>ut</strong></span> <span class='ocrx_word' id='word_1_132' title='bbox 799 2989 831 3044; x_wconf 95' lang='lat' dir='ltr'><strong>et</strong></span> <span class='ocrx_word' id='word_1_133' title='bbox 860 2983 1043 3046; x_wconf 81' lang='lat' dir='ltr'>domesticis</span> <span class='ocrx_word' id='word_1_134' title='bbox 1066 2990 1098 3045; x_wconf 91' lang='lat' dir='ltr'><strong>et</strong></span> 
     </span>
     <span class='ocr_line' id='line_1_28' title="bbox 347 3076 1097 3156; baseline 0 -18"><span class='ocrx_word' id='word_1_135' title='bbox 347 3077 491 3140; x_wconf 79' lang='lat' dir='ltr'><strong>externis</strong></span> <span class='ocrx_word' id='word_1_136' title='bbox 513 3077 707 3156; x_wconf 90' lang='lat' dir='ltr'><strong>pauperibus</strong></span> <span class='ocrx_word' id='word_1_137' title='bbox 722 3077 797 3139; x_wconf 91' lang='lat' dir='ltr'><strong>usui</strong></span> <span class='ocrx_word' id='word_1_138' title='bbox 820 3093 890 3140; x_wconf 88' lang='lat' dir='ltr'><strong>esse</strong></span> <span class='ocrx_word' id='word_1_139' title='bbox 912 3077 1035 3155; x_wconf 90' lang='lat' dir='ltr'><strong>possint</strong></span> <span class='ocrx_word' id='word_1_140' title='bbox 1050 3076 1097 3138; x_wconf 91' lang='lat' dir='ltr'><strong>iu-</strong></span> 
     </span>
     <span class='ocr_line' id='line_1_29' title="bbox 346 3171 805 3250; baseline 0.002 -19"><span class='ocrx_word' id='word_1_141' title='bbox 346 3179 398 3232; x_wconf 80' lang='lat' dir='ltr'><strong>xta</strong></span> <span class='ocrx_word' id='word_1_142' title='bbox 420 3171 652 3250; x_wconf 89' lang='lat' dir='ltr'><strong>praescriptum</strong></span> <span class='ocrx_word' id='word_1_143' title='bbox 674 3171 805 3232; x_wconf 90' lang='lat' dir='ltr'><strong>abbatis.</strong></span> 
     </span>
    </p>
   </div>
   <div class='ocr_carea' id='block_1_6' title="bbox 499 3319 941 3406">
    <p class='ocr_par' dir='ltr' id='par_1_10' title="bbox 499 3319 941 3406">
     <span class='ocr_line' id='line_1_30' title="bbox 499 3319 941 3406; baseline 0 -21"><span class='ocrx_word' id='word_1_144' title='bbox 499 3319 579 3406; x_wconf 22' lang='lat' dir='ltr'><strong>Gnar.</strong></span> <span class='ocrx_word' id='word_1_145' title='bbox 602 3319 684 3388; x_wconf 82' lang='lat' dir='ltr'><strong>xlx.</strong></span> <span class='ocrx_word' id='word_1_146' title='bbox 707 3353 745 3366; x_wconf 94' lang='lat'>-</span> <span class='ocrx_word' id='word_1_147' title='bbox 767 3321 812 3384; x_wconf 86' lang='lat' dir='ltr'><strong>Dc</strong></span> <span class='ocrx_word' id='word_1_148' title='bbox 833 3338 941 3402; x_wconf 80' lang='lat' dir='ltr'><strong>coquo.</strong></span> 
     </span>
    </p>
   </div>
   <div class='ocr_carea' id='block_1_7' title="bbox 179 3456 1096 3534">
    <p class='ocr_par' dir='ltr' id='par_1_11' title="bbox 179 3456 1096 3534">
     <span class='ocr_line' id='line_1_31' title="bbox 179 3456 1096 3534; baseline 0.003 -19"><span class='ocrx_word' id='word_1_149' title='bbox 179 3464 327 3510; x_wconf 77' lang='lat' dir='ltr'><strong>renuidem</strong></span> <span class='ocrx_word' id='word_1_150' title='bbox 387 3473 408 3518; x_wconf 96' lang='grc' dir='ltr'><strong>ι.</strong></span> <span class='ocrx_word' id='word_1_151' title='bbox 433 3457 467 3520; x_wconf 91' lang='lat' dir='ltr'><strong>ln</strong></span> <span class='ocrx_word' id='word_1_152' title='bbox 483 3457 520 3518; x_wconf 93' lang='lat' dir='ltr'><strong>iis</strong></span> <span class='ocrx_word' id='word_1_153' title='bbox 536 3456 695 3530; x_wconf 88' lang='lat' dir='ltr'><strong>omnibus,</strong></span> <span class='ocrx_word' id='word_1_154' title='bbox 714 3472 795 3534; x_wconf 91' lang='lat' dir='ltr'><strong>quae</strong></span> <span class='ocrx_word' id='word_1_155' title='bbox 810 3457 848 3520; x_wconf 93' lang='lat' dir='ltr'><strong>ad</strong></span> <span class='ocrx_word' id='word_1_156' title='bbox 866 3473 962 3519; x_wconf 89' lang='lat' dir='ltr'><strong>sunm</strong></span> <span class='ocrx_word' id='word_1_157' title='bbox 977 3472 1096 3520; x_wconf 82' lang='lat' dir='ltr'><strong>maanus</strong></span> 
     </span>
    </p>
   </div>
   <div class='ocr_carea' id='block_1_8' title="bbox 346 3551 1097 4288">
    <p class='ocr_par' dir='ltr' id='par_1_12' title="bbox 346 3551 1097 3914">
     <span class='ocr_line' id='line_1_32' title="bbox 347 3551 1096 3630; baseline 0.004 -17"><span class='ocrx_word' id='word_1_158' title='bbox 347 3552 525 3629; x_wconf 92' lang='lat' dir='ltr'><strong>pertinent,</strong></span> <span class='ocrx_word' id='word_1_159' title='bbox 549 3551 742 3614; x_wconf 89' lang='lat' dir='ltr'><strong>munditiem</strong></span> <span class='ocrx_word' id='word_1_160' title='bbox 772 3557 882 3614; x_wconf 88' lang='lat' dir='ltr'><strong>servet</strong></span> <span class='ocrx_word' id='word_1_161' title='bbox 902 3551 981 3630; x_wconf 91' lang='lat' dir='ltr'><strong>ipse,</strong></span> <span class='ocrx_word' id='word_1_162' title='bbox 1006 3558 1038 3615; x_wconf 92' lang='lat' dir='ltr'><strong>et</strong></span> <span class='ocrx_word' id='word_1_163' title='bbox 1058 3553 1096 3616; x_wconf 93' lang='lat' dir='ltr'><strong>ab</strong></span> 
     </span>
     <span class='ocr_line' id='line_1_33' title="bbox 346 3645 1097 3726; baseline 0.003 -19"><span class='ocrx_word' id='word_1_164' title='bbox 346 3645 415 3708; x_wconf 92' lang='lat' dir='ltr'><strong>aliis</strong></span> <span class='ocrx_word' id='word_1_165' title='bbox 437 3647 628 3710; x_wconf 87' lang='lat' dir='ltr'><strong>servandam</strong></span> <span class='ocrx_word' id='word_1_166' title='bbox 651 3653 753 3720; x_wconf 92' lang='lat' dir='ltr'><strong>curet,</strong></span> <span class='ocrx_word' id='word_1_167' title='bbox 771 3647 890 3726; x_wconf 91' lang='lat' dir='ltr'><strong>detque</strong></span> <span class='ocrx_word' id='word_1_168' title='bbox 914 3663 1045 3726; x_wconf 88' lang='lat' dir='ltr'><strong>operam</strong></span> <span class='ocrx_word' id='word_1_169' title='bbox 1061 3653 1097 3709; x_wconf 93' lang='lat' dir='ltr'><strong>ut</strong></span> 
     </span>
     <span class='ocr_line' id='line_1_34' title="bbox 347 3741 1096 3820; baseline 0 -18"><span class='ocrx_word' id='word_1_170' title='bbox 347 3741 453 3802; x_wconf 91' lang='lat' dir='ltr'><strong>omnia</strong></span> <span class='ocrx_word' id='word_1_171' title='bbox 480 3747 568 3803; x_wconf 90' lang='lat' dir='ltr'><strong>recte</strong></span> <span class='ocrx_word' id='word_1_172' title='bbox 595 3746 628 3802; x_wconf 94' lang='lat' dir='ltr'><strong>et</strong></span> <span class='ocrx_word' id='word_1_173' title='bbox 652 3746 834 3820; x_wconf 89' lang='lat' dir='ltr'><strong>opportune</strong></span> <span class='ocrx_word' id='word_1_174' title='bbox 861 3747 1032 3820; x_wconf 90' lang='lat' dir='ltr'><strong>parentur,</strong></span> <span class='ocrx_word' id='word_1_175' title='bbox 1061 3754 1096 3802; x_wconf 89' lang='lat' dir='ltr'><strong>ea</strong></span> 
     </span>
     <span class='ocr_line' id='line_1_35' title="bbox 346 3834 1069 3914; baseline 0.003 -20"><span class='ocrx_word' id='word_1_176' title='bbox 346 3834 537 3914; x_wconf 77' lang='lat' dir='ltr'><strong>praesertim</strong></span> <span class='ocrx_word' id='word_1_177' title='bbox 560 3848 641 3911; x_wconf 90' lang='lat' dir='ltr'><strong>quae</strong></span> <span class='ocrx_word' id='word_1_178' title='bbox 663 3834 701 3896; x_wconf 90' lang='lat' dir='ltr'><strong>ad</strong></span> <span class='ocrx_word' id='word_1_179' title='bbox 722 3840 872 3912; x_wconf 91' lang='lat' dir='ltr'><strong>aegrotos</strong></span> <span class='ocrx_word' id='word_1_180' title='bbox 894 3835 1069 3913; x_wconf 90' lang='lat' dir='ltr'><strong>pertinent.</strong></span> 
     </span>
    </p>

    <p class='ocr_par' dir='ltr' id='par_1_13' title="bbox 346 3927 1096 4196">
     <span class='ocr_line' id='line_1_36' title="bbox 386 3927 1096 4005; baseline 0.004 -17"><span class='ocrx_word' id='word_1_181' title='bbox 386 3945 422 3990; x_wconf 94' lang='grc' dir='ltr'><strong>ιι.</strong></span> <span class='ocrx_word' id='word_1_182' title='bbox 446 3927 625 4000; x_wconf 81' lang='lat' dir='ltr'><strong>Semibort,</strong></span> <span class='ocrx_word' id='word_1_183' title='bbox 650 3932 704 3990; x_wconf 91' lang='lat' dir='ltr'><strong>aut</strong></span> <span class='ocrx_word' id='word_1_184' title='bbox 724 3927 838 3990; x_wconf 91' lang='lat' dir='ltr'><strong>saltem</strong></span> <span class='ocrx_word' id='word_1_185' title='bbox 861 3929 972 4005; x_wconf 86' lang='lat' dir='ltr'><strong>quarta</strong></span> <span class='ocrx_word' id='word_1_186' title='bbox 998 3928 1096 3991; x_wconf 90' lang='lat' dir='ltr'><strong>horae</strong></span> 
     </span>
     <span class='ocr_line' id='line_1_37' title="bbox 346 4021 1094 4102; baseline 0 -18"><span class='ocrx_word' id='word_1_187' title='bbox 346 4029 447 4102; x_wconf 90' lang='lat' dir='ltr'><strong>parte,</strong></span> <span class='ocrx_word' id='word_1_188' title='bbox 461 4029 632 4099; x_wconf 90' lang='lat' dir='ltr'><strong>antequam</strong></span> <span class='ocrx_word' id='word_1_189' title='bbox 654 4021 687 4083; x_wconf 93' lang='lat' dir='ltr'><strong>in</strong></span> <span class='ocrx_word' id='word_1_190' title='bbox 710 4022 820 4084; x_wconf 74' lang='lat' dir='ltr'><strong>mensi</strong></span> <span class='ocrx_word' id='word_1_191' title='bbox 842 4023 883 4084; x_wconf 92' lang='lat' dir='ltr'><strong>sit</strong></span> <span class='ocrx_word' id='word_1_192' title='bbox 903 4022 1094 4096; x_wconf 91' lang='lat' dir='ltr'><strong>sedendum,</strong></span> 
     </span>
     <span class='ocr_line' id='line_1_38' title="bbox 346 4115 986 4196; baseline 0.003 -18"><span class='ocrx_word' id='word_1_193' title='bbox 346 4117 524 4196; x_wconf 91' lang='lat' dir='ltr'><strong>praeparati</strong></span> <span class='ocrx_word' id='word_1_194' title='bbox 547 4131 659 4178; x_wconf 87' lang='lat' dir='ltr'><strong>omues</strong></span> <span class='ocrx_word' id='word_1_195' title='bbox 682 4115 743 4178; x_wconf 92' lang='lat' dir='ltr'>cibi</span> <span class='ocrx_word' id='word_1_196' title='bbox 765 4131 835 4178; x_wconf 92' lang='lat' dir='ltr'><strong>esse</strong></span> <span class='ocrx_word' id='word_1_197' title='bbox 857 4115 986 4180; x_wconf 89' lang='lat' dir='ltr'><strong>debent.</strong></span> 
     </span>
    </p>

    <p class='ocr_par' dir='ltr' id='par_1_14' title="bbox 386 4210 1096 4288">
     <span class='ocr_line' id='line_1_39' title="bbox 386 4210 1096 4288; baseline 0.003 -16"><span class='ocrx_word' id='word_1_198' title='bbox 386 4227 434 4275; x_wconf 92' lang='grc' dir='ltr'><strong>ιιι.</strong></span> <span class='ocrx_word' id='word_1_199' title='bbox 458 4210 548 4274; x_wconf 83' lang='lat' dir='ltr'><strong>Circa</strong></span> <span class='ocrx_word' id='word_1_200' title='bbox 559 4210 746 4288; x_wconf 80' lang='lat' dir='ltr'><strong>qualitatem</strong></span> <span class='ocrx_word' id='word_1_201' title='bbox 763 4216 796 4274; x_wconf 90' lang='lat' dir='ltr'><strong>ct</strong></span> <span class='ocrx_word' id='word_1_202' title='bbox 809 4211 1031 4288; x_wconf 89' lang='lat' dir='ltr'><strong>quantitatem,</strong></span> <span class='ocrx_word' id='word_1_203' title='bbox 1046 4227 1096 4276; x_wconf 87' lang='lat' dir='ltr'><strong>or-</strong></span> 
     </span>
    </p>
   </div>
   <div class='ocr_carea' id='block_1_9' title="bbox 1149 727 1903 4272">
    <p class='ocr_par' dir='ltr' id='par_1_15' title="bbox 1151 727 1901 1072">
     <span class='ocr_line' id='line_1_40' title="bbox 1151 727 1901 804; baseline 0.005 -18"><span class='ocrx_word' id='word_1_204' title='bbox 1151 739 1204 787; x_wconf 91' lang='lat' dir='ltr'><strong>mo</strong></span> <span class='ocrx_word' id='word_1_205' title='bbox 1220 741 1278 804; x_wconf 93' lang='lat' dir='ltr'><strong>per</strong></span> <span class='ocrx_word' id='word_1_206' title='bbox 1292 731 1426 790; x_wconf 90' lang='lat' dir='ltr'><strong>turnum</strong></span> <span class='ocrx_word' id='word_1_207' title='bbox 1448 727 1651 790; x_wconf 92' lang='lat' dir='ltr'><strong>sacerdotum</strong></span> <span class='ocrx_word' id='word_1_208' title='bbox 1671 733 1803 792; x_wconf 89' lang='lat' dir='ltr'><strong>notetur</strong></span> <span class='ocrx_word' id='word_1_209' title='bbox 1824 728 1901 790; x_wconf 92' lang='lat' dir='ltr'><strong>beb-</strong></span> 
     </span>
     <span class='ocr_line' id='line_1_41' title="bbox 1151 817 1901 900; baseline 0.003 -20"><span class='ocrx_word' id='word_1_210' title='bbox 1151 818 1354 882; x_wconf 91' lang='lat' dir='ltr'><strong>domadarius</strong></span> <span class='ocrx_word' id='word_1_211' title='bbox 1368 817 1470 893; x_wconf 87' lang='lat' dir='ltr'><strong>ebori,</strong></span> <span class='ocrx_word' id='word_1_212' title='bbox 1487 821 1588 884; x_wconf 90' lang='lat' dir='ltr'><strong>altero</strong></span> <span class='ocrx_word' id='word_1_213' title='bbox 1604 837 1661 900; x_wconf 92' lang='lat' dir='ltr'><strong>per</strong></span> <span class='ocrx_word' id='word_1_214' title='bbox 1679 827 1813 884; x_wconf 91' lang='lat' dir='ltr'><strong>turnum</strong></span> <span class='ocrx_word' id='word_1_215' title='bbox 1833 837 1901 884; x_wconf 91' lang='lat' dir='ltr'><strong>mo-</strong></span> 
     </span>
     <span class='ocr_line' id='line_1_42' title="bbox 1151 913 1898 993; baseline 0.005 -19"><span class='ocrx_word' id='word_1_216' title='bbox 1151 913 1329 975; x_wconf 83' lang='lat' dir='ltr'><strong>nachorum</strong></span> <span class='ocrx_word' id='word_1_217' title='bbox 1359 914 1520 982; x_wconf 87' lang='lat' dir='ltr'><strong>omnium,</strong></span> <span class='ocrx_word' id='word_1_218' title='bbox 1544 913 1600 992; x_wconf 94' lang='lat' dir='ltr'><strong>qui</strong></span> <span class='ocrx_word' id='word_1_219' title='bbox 1626 913 1738 993; x_wconf 90' lang='lat' dir='ltr'><strong>legere</strong></span> <span class='ocrx_word' id='word_1_220' title='bbox 1766 923 1898 989; x_wconf 90' lang='lat' dir='ltr'><strong>norunt,</strong></span> 
     </span>
     <span class='ocr_line' id='line_1_43' title="bbox 1151 1007 1737 1072; baseline 0.007 -4"><span class='ocrx_word' id='word_1_221' title='bbox 1151 1012 1283 1070; x_wconf 90' lang='lat' dir='ltr'><strong>notetur</strong></span> <span class='ocrx_word' id='word_1_222' title='bbox 1305 1007 1573 1072; x_wconf 87' lang='lat' dir='ltr'><strong>hebdomadarius</strong></span> <span class='ocrx_word' id='word_1_223' title='bbox 1595 1025 1737 1072; x_wconf 88' lang='lat' dir='ltr'><strong>mensae.</strong></span> 
     </span>
    </p>

    <p class='ocr_par' dir='ltr' id='par_1_16' title="bbox 1151 1099 1900 1542">
     <span class='ocr_line' id='line_1_44' title="bbox 1192 1099 1900 1168; baseline 0.008 -6"><span class='ocrx_word' id='word_1_224' title='bbox 1192 1118 1226 1163; x_wconf 93' lang='grc' dir='ltr'><strong>ιι.</strong></span> <span class='ocrx_word' id='word_1_225' title='bbox 1250 1099 1395 1165; x_wconf 86' lang='lat' dir='ltr'><strong>Officium</strong></span> <span class='ocrx_word' id='word_1_226' title='bbox 1417 1102 1657 1166; x_wconf 89' lang='lat' dir='ltr'><strong>hebdomadarii</strong></span> <span class='ocrx_word' id='word_1_227' title='bbox 1679 1104 1769 1166; x_wconf 87' lang='lat' dir='ltr'>ebori</span> <span class='ocrx_word' id='word_1_228' title='bbox 1792 1110 1841 1167; x_wconf 90' lang='lat' dir='ltr'><strong>est</strong></span> <span class='ocrx_word' id='word_1_229' title='bbox 1855 1106 1900 1168; x_wconf 87' lang='lat' dir='ltr'><strong>di·</strong></span> 
     </span>
     <span class='ocr_line' id='line_1_45' title="bbox 1151 1195 1900 1274; baseline 0.011 -18"><span class='ocrx_word' id='word_1_230' title='bbox 1151 1195 1264 1258; x_wconf 80' lang='lat' dir='ltr'><strong>uinum</strong></span> <span class='ocrx_word' id='word_1_231' title='bbox 1287 1196 1426 1258; x_wconf 85' lang='lat' dir='ltr'><strong>officinm</strong></span> <span class='ocrx_word' id='word_1_232' title='bbox 1449 1204 1482 1260; x_wconf 91' lang='lat' dir='ltr'><strong>et</strong></span> <span class='ocrx_word' id='word_1_233' title='bbox 1502 1198 1632 1259; x_wconf 90' lang='lat' dir='ltr'><strong>missam</strong></span> <span class='ocrx_word' id='word_1_234' title='bbox 1658 1205 1802 1274; x_wconf 84' lang='lat' dir='ltr'><strong>cautare3</strong></span> <span class='ocrx_word' id='word_1_235' title='bbox 1835 1201 1900 1264; x_wconf 84' lang='lat' dir='ltr'><strong>otii-</strong></span> 
     </span>
     <span class='ocr_line' id='line_1_46' title="bbox 1151 1290 1900 1356; baseline 0.008 -6"><span class='ocrx_word' id='word_1_236' title='bbox 1151 1290 1237 1352; x_wconf 90' lang='lat' dir='ltr'><strong>cium</strong></span> <span class='ocrx_word' id='word_1_237' title='bbox 1259 1297 1366 1352; x_wconf 91' lang='lat' dir='ltr'><strong>autem</strong></span> <span class='ocrx_word' id='word_1_238' title='bbox 1389 1291 1631 1354; x_wconf 87' lang='lat' dir='ltr'><strong>hebdomadarii</strong></span> <span class='ocrx_word' id='word_1_239' title='bbox 1647 1309 1777 1355; x_wconf 89' lang='lat' dir='ltr'><strong>mensae</strong></span> <span class='ocrx_word' id='word_1_240' title='bbox 1799 1301 1849 1355; x_wconf 93' lang='lat' dir='ltr'><strong>est</strong></span> <span class='ocrx_word' id='word_1_241' title='bbox 1864 1295 1900 1356; x_wconf 92' lang='lat' dir='ltr'><strong>li-</strong></span> 
     </span>
     <span class='ocr_line' id='line_1_47' title="bbox 1152 1384 1900 1464; baseline 0.005 -18"><span class='ocrx_word' id='word_1_242' title='bbox 1152 1384 1225 1446; x_wconf 92' lang='lat' dir='ltr'><strong>bros</strong></span> <span class='ocrx_word' id='word_1_243' title='bbox 1237 1384 1275 1446; x_wconf 90' lang='lat' dir='ltr'><strong>ad</strong></span> <span class='ocrx_word' id='word_1_244' title='bbox 1290 1400 1435 1448; x_wconf 89' lang='lat' dir='ltr'><strong>mensam</strong></span> <span class='ocrx_word' id='word_1_245' title='bbox 1451 1385 1575 1463; x_wconf 90' lang='lat' dir='ltr'><strong>legere:</strong></span> <span class='ocrx_word' id='word_1_246' title='bbox 1594 1386 1632 1448; x_wconf 90' lang='lat' dir='ltr'><strong>ab</strong></span> <span class='ocrx_word' id='word_1_247' title='bbox 1644 1393 1784 1464; x_wconf 90' lang='lat' dir='ltr'><strong>utroque</strong></span> <span class='ocrx_word' id='word_1_248' title='bbox 1797 1388 1900 1450; x_wconf 85' lang='lat' dir='ltr'><strong>officio</strong></span> 
     </span>
     <span class='ocr_line' id='line_1_48' title="bbox 1152 1479 1887 1542; baseline 0.004 -1"><span class='ocrx_word' id='word_1_249' title='bbox 1152 1479 1305 1542; x_wconf 81' lang='lat' dir='ltr'><strong>eximitur</strong></span> <span class='ocrx_word' id='word_1_250' title='bbox 1326 1479 1420 1540; x_wconf 90' lang='lat' dir='ltr'><strong>abbas</strong></span> <span class='ocrx_word' id='word_1_251' title='bbox 1442 1481 1640 1542; x_wconf 90' lang='lat' dir='ltr'><strong>monasterii.</strong></span> <span class='ocrx_word' id='word_1_252' title='bbox 1885 1489 1887 1496; x_wconf 89' lang='lat'>&#39;</span> 
     </span>
    </p>

    <p class='ocr_par' dir='ltr' id='par_1_17' title="bbox 1151 1572 1902 2870">
     <span class='ocr_line' id='line_1_49' title="bbox 1192 1572 1900 1654; baseline 0.008 -21"><span class='ocrx_word' id='word_1_253' title='bbox 1192 1589 1239 1634; x_wconf 92' lang='grc' dir='ltr'><strong>ιιι.</strong></span> <span class='ocrx_word' id='word_1_254' title='bbox 1263 1572 1534 1635; x_wconf 86' lang='lat' dir='ltr'><strong>Hebdomadarius</strong></span> <span class='ocrx_word' id='word_1_255' title='bbox 1550 1573 1640 1637; x_wconf 92' lang='lat' dir='ltr'>chori</span> <span class='ocrx_word' id='word_1_256' title='bbox 1655 1575 1778 1654; x_wconf 90' lang='lat' dir='ltr'><strong>primns</strong></span> <span class='ocrx_word' id='word_1_257' title='bbox 1793 1576 1900 1654; x_wconf 90' lang='lat' dir='ltr'><strong>ingre-</strong></span> 
     </span>
     <span class='ocr_line' id='line_1_50' title="bbox 1152 1665 1901 1747; baseline 0.009 -19"><span class='ocrx_word' id='word_1_258' title='bbox 1152 1665 1257 1728; x_wconf 91' lang='lat' dir='ltr'><strong>diatur</strong></span> <span class='ocrx_word' id='word_1_259' title='bbox 1271 1667 1420 1740; x_wconf 93' lang='lat' dir='ltr'><strong>cborum,</strong></span> <span class='ocrx_word' id='word_1_260' title='bbox 1437 1675 1470 1730; x_wconf 88' lang='lat' dir='ltr'><strong>et</strong></span> <span class='ocrx_word' id='word_1_261' title='bbox 1483 1668 1618 1730; x_wconf 88' lang='lat' dir='ltr'><strong>ultimus</strong></span> <span class='ocrx_word' id='word_1_262' title='bbox 1633 1670 1708 1732; x_wconf 90' lang='lat' dir='ltr'><strong>inde</strong></span> <span class='ocrx_word' id='word_1_263' title='bbox 1724 1677 1830 1747; x_wconf 80' lang='lat' dir='ltr'><strong>exoat;</strong></span> <span class='ocrx_word' id='word_1_264' title='bbox 1847 1689 1901 1734; x_wconf 90' lang='lat' dir='ltr'><strong>cn-</strong></span> 
     </span>
     <span class='ocr_line' id='line_1_51' title="bbox 1151 1761 1900 1837; baseline 0.011 -17"><span class='ocrx_word' id='word_1_265' title='bbox 1151 1765 1277 1837; x_wconf 87' lang='lat' dir='ltr'><strong>retque,</strong></span> <span class='ocrx_word' id='word_1_266' title='bbox 1302 1777 1344 1822; x_wconf 90' lang='lat' dir='ltr'><strong>ne</strong></span> <span class='ocrx_word' id='word_1_267' title='bbox 1365 1761 1398 1822; x_wconf 90' lang='lat' dir='ltr'><strong>iu</strong></span> <span class='ocrx_word' id='word_1_268' title='bbox 1421 1762 1523 1824; x_wconf 84' lang='lat' dir='ltr'><strong>officio</strong></span> <span class='ocrx_word' id='word_1_269' title='bbox 1542 1763 1651 1825; x_wconf 85' lang='lat' dir='ltr'><strong>divino</strong></span> <span class='ocrx_word' id='word_1_270' title='bbox 1674 1764 1786 1828; x_wconf 90' lang='lat' dir='ltr'><strong>tamin</strong></span> <span class='ocrx_word' id='word_1_271' title='bbox 1801 1765 1900 1828; x_wconf 91' lang='lat' dir='ltr'><strong>cboro</strong></span> 
     </span>
     <span class='ocr_line' id='line_1_52' title="bbox 1152 1856 1900 1936; baseline 0.008 -20"><span class='ocrx_word' id='word_1_272' title='bbox 1152 1856 1292 1932; x_wconf 88' lang='lat' dir='ltr'><strong>quemad</strong></span> <span class='ocrx_word' id='word_1_273' title='bbox 1301 1857 1401 1918; x_wconf 92' lang='lat' dir='ltr'><strong>altare</strong></span> <span class='ocrx_word' id='word_1_274' title='bbox 1410 1873 1537 1919; x_wconf 91' lang='lat' dir='ltr'><strong>errores</strong></span> <span class='ocrx_word' id='word_1_275' title='bbox 1546 1857 1833 1936; x_wconf 90' lang='lat' dir='ltr'><strong>aliquosadmittat,</strong></span> <span class='ocrx_word' id='word_1_276' title='bbox 1844 1861 1900 1923; x_wconf 90' lang='lat' dir='ltr'><strong>sed</strong></span> 
     </span>
     <span class='ocr_line' id='line_1_53' title="bbox 1151 1949 1898 2028; baseline 0.009 -18"><span class='ocrx_word' id='word_1_277' title='bbox 1151 1955 1243 2011; x_wconf 89' lang='lat' dir='ltr'><strong>antea</strong></span> <span class='ocrx_word' id='word_1_278' title='bbox 1258 1949 1441 2028; x_wconf 89' lang='lat' dir='ltr'><strong>praevideat</strong></span> <span class='ocrx_word' id='word_1_279' title='bbox 1459 1951 1565 2013; x_wconf 91' lang='lat' dir='ltr'><strong>omnia</strong></span> <span class='ocrx_word' id='word_1_280' title='bbox 1585 1952 1700 2026; x_wconf 85' lang='lat' dir='ltr'><strong>otiicia,</strong></span> <span class='ocrx_word' id='word_1_281' title='bbox 1722 1955 1898 2028; x_wconf 89' lang='lat' dir='ltr'><strong>orationes,</strong></span> 
     </span>
     <span class='ocr_line' id='line_1_54' title="bbox 1151 2042 1901 2120; baseline 0.011 -17"><span class='ocrx_word' id='word_1_282' title='bbox 1151 2042 1305 2105; x_wconf 86' lang='lat' dir='ltr'><strong>lectiones</strong></span> <span class='ocrx_word' id='word_1_283' title='bbox 1317 2049 1349 2104; x_wconf 92' lang='lat' dir='ltr'><strong>et</strong></span> <span class='ocrx_word' id='word_1_284' title='bbox 1360 2043 1409 2104; x_wconf 92' lang='lat' dir='ltr'><strong>bis</strong></span> <span class='ocrx_word' id='word_1_285' title='bbox 1420 2044 1551 2120; x_wconf 85' lang='lat' dir='ltr'><strong>similia;</strong></span> <span class='ocrx_word' id='word_1_286' title='bbox 1569 2061 1628 2108; x_wconf 91' lang='lat' dir='ltr'><strong>nec</strong></span> <span class='ocrx_word' id='word_1_287' title='bbox 1640 2048 1901 2111; x_wconf 90' lang='lat' dir='ltr'><strong>memoriaesuae</strong></span> 
     </span>
     <span class='ocr_line' id='line_1_55' title="bbox 1152 2137 1902 2219; baseline 0.008 -21"><span class='ocrx_word' id='word_1_288' title='bbox 1152 2137 1299 2210; x_wconf 80' lang='lat' dir='ltr'><strong>considat,</strong></span> <span class='ocrx_word' id='word_1_289' title='bbox 1312 2137 1368 2200; x_wconf 91' lang='lat' dir='ltr'><strong>sed</strong></span> <span class='ocrx_word' id='word_1_290' title='bbox 1390 2139 1496 2200; x_wconf 89' lang='lat' dir='ltr'><strong>omnia</strong></span> <span class='ocrx_word' id='word_1_291' title='bbox 1519 2155 1558 2200; x_wconf 84' lang='lat' dir='ltr'><strong>ex</strong></span> <span class='ocrx_word' id='word_1_292' title='bbox 1574 2139 1693 2214; x_wconf 90' lang='lat' dir='ltr'><strong>codice,</strong></span> <span class='ocrx_word' id='word_1_293' title='bbox 1711 2142 1815 2219; x_wconf 93' lang='lat' dir='ltr'><strong>quoad</strong></span> <span class='ocrx_word' id='word_1_294' title='bbox 1830 2143 1902 2206; x_wconf 92' lang='lat' dir='ltr'><strong>tieri</strong></span> 
     </span>
     <span class='ocr_line' id='line_1_56' title="bbox 1151 2230 1902 2314; baseline 0.008 -22"><span class='ocrx_word' id='word_1_295' title='bbox 1151 2231 1286 2308; x_wconf 92' lang='lat' dir='ltr'><strong>poterit,</strong></span> <span class='ocrx_word' id='word_1_296' title='bbox 1317 2230 1442 2294; x_wconf 91' lang='lat' dir='ltr'><strong>recitet.</strong></span> <span class='ocrx_word' id='word_1_297' title='bbox 1473 2231 1508 2294; x_wconf 91' lang='lat' dir='ltr'><strong>ln</strong></span> <span class='ocrx_word' id='word_1_298' title='bbox 1534 2233 1665 2296; x_wconf 84' lang='lat' dir='ltr'>dexteri</span> <span class='ocrx_word' id='word_1_299' title='bbox 1693 2235 1784 2297; x_wconf 91' lang='lat' dir='ltr'>cbori</span> <span class='ocrx_word' id='word_1_300' title='bbox 1811 2243 1902 2314; x_wconf 89' lang='lat' dir='ltr'><strong>parte</strong></span> 
     </span>
     <span class='ocr_line' id='line_1_57' title="bbox 1151 2325 1901 2408; baseline 0.009 -22"><span class='ocrx_word' id='word_1_301' title='bbox 1151 2325 1246 2387; x_wconf 90' lang='lat' dir='ltr'><strong>abbas</strong></span> <span class='ocrx_word' id='word_1_302' title='bbox 1268 2325 1403 2403; x_wconf 90' lang='lat' dir='ltr'><strong>eiusque</strong></span> <span class='ocrx_word' id='word_1_303' title='bbox 1424 2325 1562 2390; x_wconf 89' lang='lat' dir='ltr'><strong>vicarius</strong></span> <span class='ocrx_word' id='word_1_304' title='bbox 1582 2329 1790 2408; x_wconf 71' lang='lat' dir='ltr'><strong>praesidebit,</strong></span> <span class='ocrx_word' id='word_1_305' title='bbox 1813 2331 1846 2394; x_wconf 91' lang='lat' dir='ltr'><strong>iu</strong></span> <span class='ocrx_word' id='word_1_306' title='bbox 1861 2331 1901 2393; x_wconf 91' lang='lat' dir='ltr'><strong>si-</strong></span> 
     </span>
     <span class='ocr_line' id='line_1_58' title="bbox 1152 2419 1901 2502; baseline 0.008 -22"><span class='ocrx_word' id='word_1_307' title='bbox 1152 2419 1251 2482; x_wconf 78' lang='lat' dir='ltr'><strong>nistri</strong></span> <span class='ocrx_word' id='word_1_308' title='bbox 1273 2419 1557 2495; x_wconf 83' lang='lat' dir='ltr'><strong>hebdomadarius,</strong></span> <span class='ocrx_word' id='word_1_309' title='bbox 1582 2423 1637 2499; x_wconf 91' lang='lat' dir='ltr'><strong>qui</strong></span> <span class='ocrx_word' id='word_1_310' title='bbox 1659 2431 1829 2502; x_wconf 89' lang='lat' dir='ltr'><strong>praesente</strong></span> <span class='ocrx_word' id='word_1_311' title='bbox 1850 2425 1901 2486; x_wconf 92' lang='lat' dir='ltr'><strong>ab·</strong></span> 
     </span>
     <span class='ocr_line' id='line_1_59' title="bbox 1153 2513 1902 2596; baseline 0.009 -22"><span class='ocrx_word' id='word_1_312' title='bbox 1153 2513 1223 2575; x_wconf 92' lang='lat' dir='ltr'><strong>bate</strong></span> <span class='ocrx_word' id='word_1_313' title='bbox 1245 2529 1352 2592; x_wconf 89' lang='lat' dir='ltr'><strong>nequo</strong></span> <span class='ocrx_word' id='word_1_314' title='bbox 1374 2513 1513 2577; x_wconf 88' lang='lat' dir='ltr'><strong>cilicium</strong></span> <span class='ocrx_word' id='word_1_315' title='bbox 1533 2515 1705 2590; x_wconf 91' lang='lat' dir='ltr'><strong>incboabit,</strong></span> <span class='ocrx_word' id='word_1_316' title='bbox 1729 2534 1835 2596; x_wconf 88' lang='lat' dir='ltr'><strong>neque</strong></span> <span class='ocrx_word' id='word_1_317' title='bbox 1850 2519 1902 2580; x_wconf 90' lang='lat' dir='ltr'><strong>ab·</strong></span> 
     </span>
     <span class='ocr_line' id='line_1_60' title="bbox 1151 2601 1901 2679; baseline 0.008 -16"><span class='ocrx_word' id='word_1_318' title='bbox 1151 2601 1348 2664; x_wconf 90' lang='lat' dir='ltr'><strong>solutionem</strong></span> <span class='ocrx_word' id='word_1_319' title='bbox 1361 2602 1461 2679; x_wconf 87' lang='lat' dir='ltr'><strong>dicet;</strong></span> <span class='ocrx_word' id='word_1_320' title='bbox 1479 2621 1517 2666; x_wconf 89' lang='lat' dir='ltr'><strong>eo</strong></span> <span class='ocrx_word' id='word_1_321' title='bbox 1532 2607 1640 2668; x_wconf 90' lang='lat' dir='ltr'><strong>autem</strong></span> <span class='ocrx_word' id='word_1_322' title='bbox 1652 2606 1784 2669; x_wconf 89' lang='lat' dir='ltr'><strong>absente</strong></span> <span class='ocrx_word' id='word_1_323' title='bbox 1796 2613 1901 2670; x_wconf 91' lang='lat' dir='ltr'><strong>totum</strong></span> 
     </span>
     <span class='ocr_line' id='line_1_61' title="bbox 1152 2697 1900 2774; baseline 0.007 -16"><span class='ocrx_word' id='word_1_324' title='bbox 1152 2697 1291 2759; x_wconf 82' lang='lat' dir='ltr'><strong>odicium</strong></span> <span class='ocrx_word' id='word_1_325' title='bbox 1323 2697 1486 2760; x_wconf 89' lang='lat' dir='ltr'><strong>incboabit</strong></span> <span class='ocrx_word' id='word_1_326' title='bbox 1507 2705 1539 2760; x_wconf 91' lang='lat' dir='ltr'><strong>et</strong></span> <span class='ocrx_word' id='word_1_327' title='bbox 1567 2700 1770 2774; x_wconf 89' lang='lat' dir='ltr'><strong>terminabit,</strong></span> <span class='ocrx_word' id='word_1_328' title='bbox 1805 2701 1900 2764; x_wconf 91' lang='lat' dir='ltr'><strong>etiam</strong></span> 
     </span>
     <span class='ocr_line' id='line_1_62' title="bbox 1152 2791 1614 2870; baseline 0.009 -19"><span class='ocrx_word' id='word_1_329' title='bbox 1152 2798 1321 2870; x_wconf 90' lang='lat' dir='ltr'><strong>praesente</strong></span> <span class='ocrx_word' id='word_1_330' title='bbox 1343 2791 1462 2854; x_wconf 91' lang='lat' dir='ltr'><strong>abbatis</strong></span> <span class='ocrx_word' id='word_1_331' title='bbox 1483 2793 1614 2856; x_wconf 90' lang='lat' dir='ltr'><strong>vicario.</strong></span> 
     </span>
    </p>

    <p class='ocr_par' dir='ltr' id='par_1_18' title="bbox 1149 2885 1903 4272">
     <span class='ocr_line' id='line_1_63' title="bbox 1193 2885 1901 2969; baseline 0.011 -25"><span class='ocrx_word' id='word_1_332' title='bbox 1193 2901 1235 2946; x_wconf 87' lang='grc' dir='ltr'><strong>ιι.</strong></span> <span class='ocrx_word' id='word_1_333' title='bbox 1260 2885 1533 2950; x_wconf 89' lang='lat' dir='ltr'><strong>Hebdomadarius</strong></span> <span class='ocrx_word' id='word_1_334' title='bbox 1562 2903 1693 2951; x_wconf 89' lang='lat' dir='ltr'><strong>mensae</strong></span> <span class='ocrx_word' id='word_1_335' title='bbox 1715 2889 1814 2952; x_wconf 92' lang='lat' dir='ltr'><strong>libros</strong></span> <span class='ocrx_word' id='word_1_336' title='bbox 1842 2905 1901 2969; x_wconf 93' lang='lat' dir='ltr'><strong>pro</strong></span> 
     </span>
     <span class='ocr_line' id='line_1_64' title="bbox 1150 2976 1903 3061; baseline 0.009 -22"><span class='ocrx_word' id='word_1_337' title='bbox 1150 2976 1291 3041; x_wconf 90' lang='lat' dir='ltr'><strong>lectione</strong></span> <span class='ocrx_word' id='word_1_338' title='bbox 1314 2986 1387 3041; x_wconf 92' lang='lat' dir='ltr'><strong>ante</strong></span> <span class='ocrx_word' id='word_1_339' title='bbox 1409 2996 1555 3043; x_wconf 91' lang='lat' dir='ltr'><strong>mensam</strong></span> <span class='ocrx_word' id='word_1_340' title='bbox 1570 2989 1698 3061; x_wconf 91' lang='lat' dir='ltr'><strong>apertos</strong></span> <span class='ocrx_word' id='word_1_341' title='bbox 1719 2983 1852 3060; x_wconf 90' lang='lat' dir='ltr'><strong>babeat;</strong></span> <span class='ocrx_word' id='word_1_342' title='bbox 1870 2991 1903 3046; x_wconf 93' lang='lat' dir='ltr'><strong>et</strong></span> 
     </span>
     <span class='ocr_line' id='line_1_65' title="bbox 1151 3073 1902 3154; baseline 0.001 -16"><span class='ocrx_word' id='word_1_343' title='bbox 1151 3074 1278 3152; x_wconf 92' lang='lat' dir='ltr'><strong>quando</strong></span> <span class='ocrx_word' id='word_1_344' title='bbox 1301 3073 1392 3150; x_wconf 90' lang='lat' dir='ltr'><strong>legit,</strong></span> <span class='ocrx_word' id='word_1_345' title='bbox 1408 3075 1551 3138; x_wconf 90' lang='lat' dir='ltr'><strong>attendat</strong></span> <span class='ocrx_word' id='word_1_346' title='bbox 1574 3076 1607 3137; x_wconf 94' lang='lat' dir='ltr'><strong>in</strong></span> <span class='ocrx_word' id='word_1_347' title='bbox 1629 3090 1693 3154; x_wconf 93' lang='lat' dir='ltr'><strong>quo</strong></span> <span class='ocrx_word' id='word_1_348' title='bbox 1709 3078 1902 3141; x_wconf 90' lang='lat' dir='ltr'><strong>emendetur</strong></span> 
     </span>
     <span class='ocr_line' id='line_1_66' title="bbox 1151 3167 1902 3247; baseline 0.003 -17"><span class='ocrx_word' id='word_1_349' title='bbox 1151 3169 1189 3230; x_wconf 91' lang='lat' dir='ltr'><strong>ab</strong></span> <span class='ocrx_word' id='word_1_350' title='bbox 1211 3167 1324 3230; x_wconf 90' lang='lat' dir='ltr'><strong>abbate</strong></span> <span class='ocrx_word' id='word_1_351' title='bbox 1346 3173 1400 3230; x_wconf 91' lang='lat' dir='ltr'><strong>aut</strong></span> <span class='ocrx_word' id='word_1_352' title='bbox 1420 3170 1559 3247; x_wconf 86' lang='lat' dir='ltr'><strong>ricario;</strong></span> <span class='ocrx_word' id='word_1_353' title='bbox 1583 3175 1616 3232; x_wconf 91' lang='lat' dir='ltr'><strong>et</strong></span> <span class='ocrx_word' id='word_1_354' title='bbox 1631 3171 1832 3244; x_wconf 89' lang='lat' dir='ltr'><strong>emendatus,</strong></span> <span class='ocrx_word' id='word_1_355' title='bbox 1856 3189 1902 3234; x_wconf 89' lang='lat' dir='ltr'><strong>as-</strong></span> 
     </span>
     <span class='ocr_line' id='line_1_67' title="bbox 1151 3263 1903 3344; baseline 0.004 -20"><span class='ocrx_word' id='word_1_356' title='bbox 1151 3269 1263 3341; x_wconf 87' lang='lat' dir='ltr'><strong>surgat</strong></span> <span class='ocrx_word' id='word_1_357' title='bbox 1285 3277 1358 3326; x_wconf 91' lang='lat' dir='ltr'><strong>cum</strong></span> <span class='ocrx_word' id='word_1_358' title='bbox 1380 3263 1574 3337; x_wconf 89' lang='lat' dir='ltr'><strong>bumilitate,</strong></span> <span class='ocrx_word' id='word_1_359' title='bbox 1599 3269 1631 3326; x_wconf 92' lang='lat' dir='ltr'><strong>et</strong></span> <span class='ocrx_word' id='word_1_360' title='bbox 1652 3271 1776 3344; x_wconf 92' lang='lat' dir='ltr'><strong>repetat</strong></span> <span class='ocrx_word' id='word_1_361' title='bbox 1805 3271 1903 3344; x_wconf 89' lang='lat' dir='ltr'><strong>prout</strong></span> 
     </span>
     <span class='ocr_line' id='line_1_68' title="bbox 1152 3356 1903 3436; baseline 0.004 -18"><span class='ocrx_word' id='word_1_362' title='bbox 1152 3357 1341 3420; x_wconf 90' lang='lat' dir='ltr'><strong>emendatus</strong></span> <span class='ocrx_word' id='word_1_363' title='bbox 1363 3357 1472 3419; x_wconf 84' lang='lat' dir='ltr'><strong>luerit.</strong></span> <span class='ocrx_word' id='word_1_364' title='bbox 1497 3356 1545 3420; x_wconf 79' lang='lat' dir='ltr'><strong>Ad</strong></span> <span class='ocrx_word' id='word_1_365' title='bbox 1566 3358 1697 3436; x_wconf 88' lang='lat' dir='ltr'><strong>signum</strong></span> <span class='ocrx_word' id='word_1_366' title='bbox 1712 3359 1833 3421; x_wconf 92' lang='lat' dir='ltr'><strong>abbatis</strong></span> <span class='ocrx_word' id='word_1_367' title='bbox 1848 3365 1903 3422; x_wconf 91' lang='lat' dir='ltr'><strong>aut</strong></span> 
     </span>
     <span class='ocr_line' id='line_1_69' title="bbox 1150 3449 1902 3529; baseline 0.005 -19"><span class='ocrx_word' id='word_1_368' title='bbox 1150 3451 1271 3523; x_wconf 86' lang='lat' dir='ltr'><strong>vicarii,</strong></span> <span class='ocrx_word' id='word_1_369' title='bbox 1296 3449 1387 3512; x_wconf 87' lang='lat' dir='ltr'><strong>finiet</strong></span> <span class='ocrx_word' id='word_1_370' title='bbox 1407 3449 1591 3513; x_wconf 89' lang='lat' dir='ltr'><strong>lectionem.</strong></span> <span class='ocrx_word' id='word_1_371' title='bbox 1616 3450 1703 3514; x_wconf 91' lang='lat' dir='ltr'><strong>Libri</strong></span> <span class='ocrx_word' id='word_1_372' title='bbox 1722 3457 1830 3514; x_wconf 92' lang='lat' dir='ltr'><strong>autem</strong></span> <span class='ocrx_word' id='word_1_373' title='bbox 1846 3453 1902 3529; x_wconf 92' lang='lat' dir='ltr'><strong>qui</strong></span> 
     </span>
     <span class='ocr_line' id='line_1_70' title="bbox 1150 3543 1901 3625; baseline 0.001 -18"><span class='ocrx_word' id='word_1_374' title='bbox 1150 3545 1303 3624; x_wconf 90' lang='lat' dir='ltr'><strong>legentur</strong></span> <span class='ocrx_word' id='word_1_375' title='bbox 1324 3551 1414 3608; x_wconf 90' lang='lat' dir='ltr'><strong>sunt:</strong></span> <span class='ocrx_word' id='word_1_376' title='bbox 1434 3543 1526 3608; x_wconf 90' lang='lat' dir='ltr'><strong>Sacra</strong></span> <span class='ocrx_word' id='word_1_377' title='bbox 1539 3544 1714 3625; x_wconf 87' lang='lat' dir='ltr'><strong>Scriptura,</strong></span> <span class='ocrx_word' id='word_1_378' title='bbox 1732 3546 1817 3609; x_wconf 82' lang='lat' dir='ltr'><strong>ritae</strong></span> <span class='ocrx_word' id='word_1_379' title='bbox 1832 3563 1901 3608; x_wconf 91' lang='lat' dir='ltr'><strong>sau-</strong></span> 
     </span>
     <span class='ocr_line' id='line_1_71' title="bbox 1151 3632 1902 3719; baseline -0.001 -16"><span class='ocrx_word' id='word_1_380' title='bbox 1151 3632 1902 3719; x_wconf 89' lang='lat' dir='ltr'><strong>cturum,bistoriaecclesiasticaetoperaasce-</strong></span> 
     </span>
     <span class='ocr_line' id='line_1_72' title="bbox 1150 3733 1902 3813; baseline -0.003 -15"><span class='ocrx_word' id='word_1_381' title='bbox 1150 3735 1220 3809; x_wconf 90' lang='lat' dir='ltr'><strong>tica,</strong></span> <span class='ocrx_word' id='word_1_382' title='bbox 1245 3749 1326 3813; x_wconf 90' lang='lat' dir='ltr'><strong>quae</strong></span> <span class='ocrx_word' id='word_1_383' title='bbox 1341 3733 1379 3798; x_wconf 89' lang='lat' dir='ltr'><strong>ab</strong></span> <span class='ocrx_word' id='word_1_384' title='bbox 1395 3733 1507 3796; x_wconf 92' lang='lat' dir='ltr'><strong>abbate</strong></span> <span class='ocrx_word' id='word_1_385' title='bbox 1521 3733 1675 3812; x_wconf 87' lang='lat' dir='ltr'><strong>assignari</strong></span> <span class='ocrx_word' id='word_1_386' title='bbox 1691 3733 1821 3808; x_wconf 91' lang='lat' dir='ltr'><strong>debent,</strong></span> <span class='ocrx_word' id='word_1_387' title='bbox 1835 3751 1902 3796; x_wconf 90' lang='lat' dir='ltr'><strong>ser-</strong></span> 
     </span>
     <span class='ocr_line' id='line_1_73' title="bbox 1150 3827 1903 3908; baseline 0 -18"><span class='ocrx_word' id='word_1_388' title='bbox 1150 3835 1223 3891; x_wconf 86' lang='lat' dir='ltr'><strong>vato</strong></span> <span class='ocrx_word' id='word_1_389' title='bbox 1247 3829 1371 3898; x_wconf 90' lang='lat' dir='ltr'><strong>ordine,</strong></span> <span class='ocrx_word' id='word_1_390' title='bbox 1391 3835 1428 3890; x_wconf 93' lang='lat' dir='ltr'><strong>ut</strong></span> <span class='ocrx_word' id='word_1_391' title='bbox 1448 3829 1591 3908; x_wconf 93' lang='lat' dir='ltr'><strong>primum</strong></span> <span class='ocrx_word' id='word_1_392' title='bbox 1608 3827 1758 3906; x_wconf 90' lang='lat' dir='ltr'><strong>legantur</strong></span> <span class='ocrx_word' id='word_1_393' title='bbox 1780 3827 1903 3905; x_wconf 86' lang='lat' dir='ltr'><strong>aliquot</strong></span> 
     </span>
     <span class='ocr_line' id='line_1_74' title="bbox 1149 3921 1902 4002; baseline 0 -18"><span class='ocrx_word' id='word_1_394' title='bbox 1149 3923 1302 3986; x_wconf 84' lang='lat' dir='ltr'><strong>versiculi.</strong></span> <span class='ocrx_word' id='word_1_395' title='bbox 1314 3939 1354 3986; x_wconf 78' lang='lat' dir='ltr'><strong>ex</strong></span> <span class='ocrx_word' id='word_1_396' title='bbox 1370 3921 1544 4002; x_wconf 82' lang='lat' dir='ltr'><strong>Scriptura,</strong></span> <span class='ocrx_word' id='word_1_397' title='bbox 1562 3921 1679 3986; x_wconf 88' lang='lat' dir='ltr'><strong>deinde</strong></span> <span class='ocrx_word' id='word_1_398' title='bbox 1694 3922 1843 3985; x_wconf 90' lang='lat' dir='ltr'><strong>succedat</strong></span> <span class='ocrx_word' id='word_1_399' title='bbox 1856 3921 1902 3984; x_wconf 89' lang='lat' dir='ltr'><strong>lc-</strong></span> 
     </span>
     <span class='ocr_line' id='line_1_75' title="bbox 1150 4016 1902 4090; baseline -0.005 -8"><span class='ocrx_word' id='word_1_400' title='bbox 1150 4019 1212 4082; x_wconf 91' lang='lat' dir='ltr'><strong>ctio</strong></span> <span class='ocrx_word' id='word_1_401' title='bbox 1235 4034 1275 4081; x_wconf 83' lang='lat' dir='ltr'><strong>ex</strong></span> <span class='ocrx_word' id='word_1_402' title='bbox 1296 4017 1372 4080; x_wconf 83' lang='lat' dir='ltr'><strong>ritis</strong></span> <span class='ocrx_word' id='word_1_403' title='bbox 1397 4024 1600 4090; x_wconf 90' lang='lat' dir='ltr'><strong>sanctorum,</strong></span> <span class='ocrx_word' id='word_1_404' title='bbox 1625 4024 1678 4080; x_wconf 92' lang='lat' dir='ltr'><strong>aut</strong></span> <span class='ocrx_word' id='word_1_405' title='bbox 1700 4033 1741 4080; x_wconf 83' lang='lat' dir='ltr'><strong>ex</strong></span> <span class='ocrx_word' id='word_1_406' title='bbox 1768 4016 1902 4080; x_wconf 79' lang='lat' dir='ltr'><strong>historia</strong></span> 
     </span>
     <span class='ocr_line' id='line_1_76' title="bbox 1151 4111 1903 4186; baseline -0.003 -11"><span class='ocrx_word' id='word_1_407' title='bbox 1151 4113 1375 4186; x_wconf 76' lang='lat' dir='ltr'><strong>ecclesiastica,</strong></span> <span class='ocrx_word' id='word_1_408' title='bbox 1400 4119 1432 4176; x_wconf 90' lang='lat' dir='ltr'><strong>et</strong></span> <span class='ocrx_word' id='word_1_409' title='bbox 1453 4112 1663 4176; x_wconf 90' lang='lat' dir='ltr'><strong>concludatur</strong></span> <span class='ocrx_word' id='word_1_410' title='bbox 1685 4112 1825 4176; x_wconf 86' lang='lat' dir='ltr'><strong>lectione</strong></span> <span class='ocrx_word' id='word_1_411' title='bbox 1847 4111 1903 4174; x_wconf 90' lang='lat' dir='ltr'><strong>ali-</strong></span> 
     </span>
     <span class='ocr_line' id='line_1_77' title="bbox 1149 4207 1575 4272; baseline 0 -2"><span class='ocrx_word' id='word_1_412' title='bbox 1149 4208 1241 4272; x_wconf 89' lang='lat' dir='ltr'><strong>cuius</strong></span> <span class='ocrx_word' id='word_1_413' title='bbox 1263 4212 1414 4270; x_wconf 90' lang='lat' dir='ltr'><strong>tractatus</strong></span> <span class='ocrx_word' id='word_1_414' title='bbox 1437 4207 1575 4270; x_wconf 89' lang='lat' dir='ltr'><strong>ascetici.</strong></span> 
     </span>
    </p>
   </div>
   <div class='ocr_carea' id='block_1_10' title="bbox 346 4304 1154 4384">
    <p class='ocr_par' dir='ltr' id='par_1_19' title="bbox 346 4304 1154 4384">
     <span class='ocr_line' id='line_1_78' title="bbox 346 4304 1154 4384; baseline 0 -16"><span class='ocrx_word' id='word_1_415' title='bbox 346 4306 455 4369; x_wconf 92' lang='lat' dir='ltr'><strong>dinem</strong></span> <span class='ocrx_word' id='word_1_416' title='bbox 477 4305 514 4368; x_wconf 92' lang='lat' dir='ltr'><strong>ab</strong></span> <span class='ocrx_word' id='word_1_417' title='bbox 537 4304 648 4367; x_wconf 89' lang='lat' dir='ltr'><strong>abbate</strong></span> <span class='ocrx_word' id='word_1_418' title='bbox 674 4305 908 4384; x_wconf 90' lang='lat' dir='ltr'><strong>praescriptum</strong></span> <span class='ocrx_word' id='word_1_419' title='bbox 930 4313 1092 4384; x_wconf 90' lang='lat' dir='ltr'><strong>sequatur.</strong></span> <span class='ocrx_word' id='word_1_420' title='bbox 1151 4331 1154 4336; x_wconf 42' lang='lat'>¹</span> 
     </span>
    </p>
   </div>
   <div class='ocr_carea' id='block_1_11' title="bbox 346 4397 1096 4668">
    <p class='ocr_par' dir='ltr' id='par_1_20' title="bbox 346 4397 1096 4668">
     <span class='ocr_line' id='line_1_79' title="bbox 385 4397 1096 4480; baseline 0.001 -19"><span class='ocrx_word' id='word_1_421' title='bbox 385 4417 428 4461; x_wconf 89' lang='grc' dir='ltr'><strong>ιιι.</strong></span> <span class='ocrx_word' id='word_1_422' title='bbox 452 4397 601 4478; x_wconf 76' lang='lat' dir='ltr'><strong>(loquere</strong></span> <span class='ocrx_word' id='word_1_423' title='bbox 620 4403 674 4461; x_wconf 92' lang='lat' dir='ltr'><strong>aut</strong></span> <span class='ocrx_word' id='word_1_424' title='bbox 689 4397 775 4462; x_wconf 87' lang='lat' dir='ltr'><strong>aliu&#39;d</strong></span> <span class='ocrx_word' id='word_1_425' title='bbox 790 4399 954 4480; x_wconf 91' lang='lat' dir='ltr'><strong>quidpiam</strong></span> <span class='ocrx_word' id='word_1_426' title='bbox 969 4401 1096 4479; x_wconf 90' lang='lat' dir='ltr'><strong>proali-</strong></span> 
     </span>
     <span class='ocr_line' id='line_1_80' title="bbox 346 4493 1095 4572; baseline 0 -16"><span class='ocrx_word' id='word_1_427' title='bbox 346 4508 411 4571; x_wconf 92' lang='lat' dir='ltr'><strong>quo</strong></span> <span class='ocrx_word' id='word_1_428' title='bbox 432 4493 616 4572; x_wconf 89' lang='lat' dir='ltr'><strong>particulari</strong></span> <span class='ocrx_word' id='word_1_429' title='bbox 631 4495 753 4572; x_wconf 80' lang='lat' dir='ltr'><strong>pa&#39;rare,</strong></span> <span class='ocrx_word' id='word_1_430' title='bbox 770 4493 950 4556; x_wconf 82' lang='lat' dir='ltr'><strong>infirmario</strong></span> <span class='ocrx_word' id='word_1_431' title='bbox 971 4499 1095 4556; x_wconf 92' lang='lat' dir='ltr'><strong>tantum</strong></span> 
     </span>
     <span class='ocr_line' id='line_1_81' title="bbox 347 4587 1096 4668; baseline 0 -18"><span class='ocrx_word' id='word_1_432' title='bbox 347 4595 493 4667; x_wconf 86' lang='lat' dir='ltr'><strong>excepto,</strong></span> <span class='ocrx_word' id='word_1_433' title='bbox 510 4589 676 4652; x_wconf 91' lang='lat' dir='ltr'><strong>neminem</strong></span> <span class='ocrx_word' id='word_1_434' title='bbox 691 4589 783 4662; x_wconf 90' lang='lat' dir='ltr'><strong>sinat,</strong></span> <span class='ocrx_word' id='word_1_435' title='bbox 802 4603 908 4666; x_wconf 91' lang='lat' dir='ltr'><strong>neque</strong></span> <span class='ocrx_word' id='word_1_436' title='bbox 920 4589 989 4668; x_wconf 91' lang='lat' dir='ltr'><strong>ipse</strong></span> <span class='ocrx_word' id='word_1_437' title='bbox 1004 4587 1096 4652; x_wconf 82' lang='lat' dir='ltr'><strong>iaciat</strong></span> 
     </span>
    </p>
   </div>
   <div class='ocr_carea' id='block_1_12' title="bbox 1384 4393 1666 4472">
    <p class='ocr_par' dir='ltr' id='par_1_21' title="bbox 1384 4393 1666 4472">
     <span class='ocr_line' id='line_1_82' title="bbox 1384 4393 1666 4472; baseline 0.004 -13"><span class='ocrx_word' id='word_1_438' title='bbox 1384 4394 1485 4460; x_wconf 72' lang='lat' dir='ltr'><strong>PARS</strong></span> <span class='ocrx_word' id='word_1_439' title='bbox 1505 4393 1666 4472; x_wconf 79' lang='lat' dir='ltr'><strong>obtura</strong></span> 
     </span>
    </p>
   </div>
   <div class='ocr_carea' id='block_1_13' title="bbox 1190 4584 1859 4668">
    <p class='ocr_par' dir='ltr' id='par_1_22' title="bbox 1190 4584 1859 4668">
     <span class='ocr_line' id='line_1_83' title="bbox 1190 4584 1859 4668; baseline 0.001 -19"><span class='ocrx_word' id='word_1_440' title='bbox 1190 4586 1270 4650; x_wconf 81' lang='lat' dir='ltr'><strong>Gar.</strong></span> <span class='ocrx_word' id='word_1_441' title='bbox 1288 4585 1311 4648; x_wconf 94' lang='lat' dir='ltr'><strong>l.</strong></span> <span class='ocrx_word' id='word_1_442' title='bbox 1329 4617 1366 4632; x_wconf 91' lang='lat'><strong>-·</strong></span> <span class='ocrx_word' id='word_1_443' title='bbox 1383 4585 1427 4648; x_wconf 86' lang='lat' dir='ltr'><strong>Dc</strong></span> <span class='ocrx_word' id='word_1_444' title='bbox 1442 4585 1691 4668; x_wconf 66' lang='lat' dir='ltr'><strong>concrepatione</strong></span> <span class='ocrx_word' id='word_1_445' title='bbox 1704 4584 1859 4668; x_wconf 79' lang='lat' dir='ltr'><strong>generali.</strong></span> 
     </span>
    </p>
   </div>
   <div class='ocr_carea' id='block_1_14' title="bbox 346 4683 739 4748">
    <p class='ocr_par' dir='ltr' id='par_1_23' title="bbox 346 4683 739 4748">
     <span class='ocr_line' id='line_1_84' title="bbox 346 4683 739 4748; baseline 0.008 -6"><span class='ocrx_word' id='word_1_446' title='bbox 346 4683 416 4746; x_wconf 93' lang='lat' dir='ltr'><strong>siue</strong></span> <span class='ocrx_word' id='word_1_447' title='bbox 438 4683 558 4748; x_wconf 90' lang='lat' dir='ltr'><strong>abbatis</strong></span> <span class='ocrx_word' id='word_1_448' title='bbox 579 4683 739 4748; x_wconf 80' lang='lat' dir='ltr'><strong>facultate.</strong></span> 
     </span>
    </p>
   </div>
   <div class='ocr_carea' id='block_1_15' title="bbox 387 4773 2133 4857">
    <p class='ocr_par' dir='ltr' id='par_1_24' title="bbox 387 4773 2133 4857">
     <span class='ocr_line' id='line_1_85' title="bbox 387 4773 2133 4857; baseline 0.002 -19"><span class='ocrx_word' id='word_1_449' title='bbox 387 4795 416 4839; x_wconf 89' lang='lat' dir='ltr'><strong>v.</strong></span> <span class='ocrx_word' id='word_1_450' title='bbox 441 4777 603 4857; x_wconf 87' lang='lat' dir='ltr'><strong>Scriptum</strong></span> <span class='ocrx_word' id='word_1_451' title='bbox 618 4777 651 4840; x_wconf 93' lang='lat' dir='ltr'><strong>in</strong></span> <span class='ocrx_word' id='word_1_452' title='bbox 665 4778 774 4840; x_wconf 89' lang='lat' dir='ltr'><strong>codice</strong></span> <span class='ocrx_word' id='word_1_453' title='bbox 789 4777 904 4841; x_wconf 93' lang='lat' dir='ltr'><strong>babeat</strong></span> <span class='ocrx_word' id='word_1_454' title='bbox 915 4779 1095 4856; x_wconf 83' lang='lat' dir='ltr'><strong>catalogum</strong></span> <span class='ocrx_word' id='word_1_455' title='bbox 1190 4789 1212 4838; x_wconf 92' lang='lat'><strong>1.</strong></span> <span class='ocrx_word' id='word_1_456' title='bbox 1236 4774 1452 4854; x_wconf 79' lang='lat' dir='ltr'><strong>congregatio</strong></span> <span class='ocrx_word' id='word_1_457' title='bbox 1476 4773 1635 4853; x_wconf 88' lang='lat' dir='ltr'><strong>generalis</strong></span> <span class='ocrx_word' id='word_1_458' title='bbox 1652 4776 1690 4839; x_wconf 93' lang='lat' dir='ltr'><strong>de</strong></span> <span class='ocrx_word' id='word_1_459' title='bbox 1713 4777 1853 4842; x_wconf 91' lang='lat' dir='ltr'><strong>triennio</strong></span> <span class='ocrx_word' id='word_1_460' title='bbox 1868 4779 1901 4840; x_wconf 92' lang='lat' dir='ltr'><strong>in</strong></span> <span class='ocrx_word' id='word_1_461' title='bbox 1965 4783 2133 4840; x_wconf 72' lang='lat' dir='ltr'><strong>connotatio</strong></span> 
     </span>
    </p>
   </div>
   <div class='ocr_carea' id='block_1_16' title="bbox 1150 4841 2134 5988">
    <p class='ocr_par' dir='ltr' id='par_1_25' title="bbox 1150 4841 2134 5326">
     <span class='ocr_line' id='line_1_86' title="bbox 1150 4841 2134 4958; baseline 0.009 -27"><span class='ocrx_word' id='word_1_462' title='bbox 1150 4869 1330 4932; x_wconf 84' lang='lat' dir='ltr'><strong>triennium</strong></span> <span class='ocrx_word' id='word_1_463' title='bbox 1342 4869 1538 4941; x_wconf 89' lang='lat' dir='ltr'><strong>celebretur,</strong></span> <span class='ocrx_word' id='word_1_464' title='bbox 1549 4867 1611 4930; x_wconf 91' lang='lat' dir='ltr'><strong>nisi</strong></span> <span class='ocrx_word' id='word_1_465' title='bbox 1619 4867 1705 4931; x_wconf 91' lang='lat' dir='ltr'><strong>iorte</strong></span> <span class='ocrx_word' id='word_1_466' title='bbox 1714 4871 1753 4932; x_wconf 95' lang='lat' dir='ltr'><strong>ob</strong></span> <span class='ocrx_word' id='word_1_467' title='bbox 1762 4871 1900 4950; x_wconf 91' lang='lat' dir='ltr'><strong>aliquam</strong></span> <span class='ocrx_word' id='word_1_468' title='bbox 1921 4841 2134 4958; x_wconf 45' lang='lat' dir='ltr'><strong>fib&#39;r&#39;asssffiiap‘iffssl</strong></span> 
     </span>
     <span class='ocr_line' id='line_1_87' title="bbox 1150 4948 2087 5044; baseline 0.003 -18"><span class='ocrx_word' id='word_1_469' title='bbox 1150 4969 1326 5041; x_wconf 90' lang='lat' dir='ltr'><strong>urgentem</strong></span> <span class='ocrx_word' id='word_1_470' title='bbox 1335 4963 1559 5026; x_wconf 87' lang='lat' dir='ltr'><strong>necessitatem</strong></span> <span class='ocrx_word' id='word_1_471' title='bbox 1570 4969 1656 5026; x_wconf 91' lang='lat' dir='ltr'><strong>esset</strong></span> <span class='ocrx_word' id='word_1_472' title='bbox 1664 4963 1901 5044; x_wconf 88' lang='lat' dir='ltr'><strong>anticipandum</strong></span> <span class='ocrx_word' id='word_1_473' title='bbox 1920 4948 1954 4994; x_wconf 70' lang='lat'><strong>‘¹³</strong></span> <span class='ocrx_word' id='word_1_474' title='bbox 1969 4951 2087 4993; x_wconf 47' lang='grc' dir='ltr'><strong>ΝΜΟ·</strong></span> 
     </span>
     <span class='ocr_line' id='line_1_88' title="bbox 1150 5057 1902 5138; baseline 0.004 -17"><span class='ocrx_word' id='word_1_475' title='bbox 1150 5064 1290 5138; x_wconf 90' lang='lat' dir='ltr'><strong>tempus,</strong></span> <span class='ocrx_word' id='word_1_476' title='bbox 1305 5065 1359 5120; x_wconf 88' lang='lat' dir='ltr'><strong>aut</strong></span> <span class='ocrx_word' id='word_1_477' title='bbox 1370 5057 1611 5137; x_wconf 88' lang='lat' dir='ltr'><strong>prorogandum</strong></span> <span class='ocrx_word' id='word_1_478' title='bbox 1629 5074 1668 5120; x_wconf 84' lang='lat' dir='ltr'><strong>ex</strong></span> <span class='ocrx_word' id='word_1_479' title='bbox 1686 5059 1815 5123; x_wconf 90' lang='lat' dir='ltr'><strong>decreto</strong></span> <span class='ocrx_word' id='word_1_480' title='bbox 1828 5077 1902 5124; x_wconf 89' lang='lat' dir='ltr'><strong>con·</strong></span> 
     </span>
     <span class='ocr_line' id='line_1_89' title="bbox 1152 5152 1903 5232; baseline 0.005 -18"><span class='ocrx_word' id='word_1_481' title='bbox 1152 5152 1349 5232; x_wconf 91' lang='lat' dir='ltr'><strong>gregatiouis</strong></span> <span class='ocrx_word' id='word_1_482' title='bbox 1381 5152 1663 5230; x_wconf 85' lang='lat' dir='ltr'><strong>begumenorum,</strong></span> <span class='ocrx_word' id='word_1_483' title='bbox 1692 5155 1777 5231; x_wconf 90' lang='lat' dir='ltr'><strong>quod</strong></span> <span class='ocrx_word' id='word_1_484' title='bbox 1807 5155 1903 5218; x_wconf 89' lang='lat' dir='ltr'><strong>debet</strong></span> 
     </span>
     <span class='ocr_line' id='line_1_90' title="bbox 1152 5243 1902 5326; baseline 0.004 -18"><span class='ocrx_word' id='word_1_485' title='bbox 1152 5252 1333 5326; x_wconf 89' lang='lat' dir='ltr'><strong>opportune</strong></span> <span class='ocrx_word' id='word_1_486' title='bbox 1362 5245 1421 5308; x_wconf 91' lang='lat' dir='ltr'><strong>toti</strong></span> <span class='ocrx_word' id='word_1_487' title='bbox 1450 5243 1560 5308; x_wconf 89' lang='lat' dir='ltr'><strong>Ordiui</strong></span> <span class='ocrx_word' id='word_1_488' title='bbox 1589 5245 1773 5324; x_wconf 88' lang='lat' dir='ltr'><strong>significari.</strong></span> <span class='ocrx_word' id='word_1_489' title='bbox 1803 5247 1902 5311; x_wconf 84' lang='lat' dir='ltr'><strong>Casus</strong></span> 
     </span>
    </p>

    <p class='ocr_par' dir='ltr' id='par_1_26' title="bbox 1151 5340 1903 5422">
     <span class='ocr_line' id='line_1_91' title="bbox 1151 5340 1903 5422; baseline 0.003 -18"><span class='ocrx_word' id='word_1_490' title='bbox 1151 5348 1270 5412; x_wconf 90' lang='lat' dir='ltr'><strong>autem,</strong></span> <span class='ocrx_word' id='word_1_491' title='bbox 1285 5340 1325 5403; x_wconf 97' lang='lat' dir='ltr'><strong>ob</strong></span> <span class='ocrx_word' id='word_1_492' title='bbox 1336 5355 1416 5418; x_wconf 91' lang='lat' dir='ltr'><strong>quos</strong></span> <span class='ocrx_word' id='word_1_493' title='bbox 1431 5341 1640 5418; x_wconf 88' lang='lat' dir='ltr'><strong>congregatio</strong></span> <span class='ocrx_word' id='word_1_494' title='bbox 1656 5342 1815 5419; x_wconf 89' lang='lat' dir='ltr'><strong>generalis</strong></span> <span class='ocrx_word' id='word_1_495' title='bbox 1831 5359 1903 5422; x_wconf 93' lang='lat' dir='ltr'><strong>pro·</strong></span> 
     </span>
    </p>

    <p class='ocr_par' dir='ltr' id='par_1_27' title="bbox 1151 5435 1900 5516">
     <span class='ocr_line' id='line_1_92' title="bbox 1151 5435 1900 5516; baseline 0.003 -18"><span class='ocrx_word' id='word_1_496' title='bbox 1151 5437 1259 5514; x_wconf 91' lang='lat' dir='ltr'><strong>rogari</strong></span> <span class='ocrx_word' id='word_1_497' title='bbox 1279 5435 1333 5498; x_wconf 84' lang='lat' dir='ltr'><strong>vel</strong></span> <span class='ocrx_word' id='word_1_498' title='bbox 1355 5435 1519 5513; x_wconf 89' lang='lat' dir='ltr'><strong>anticipari</strong></span> <span class='ocrx_word' id='word_1_499' title='bbox 1539 5438 1653 5514; x_wconf 88' lang='lat' dir='ltr'><strong>potest,</strong></span> <span class='ocrx_word' id='word_1_500' title='bbox 1669 5443 1758 5499; x_wconf 87' lang='lat' dir='ltr'><strong>sunt:</strong></span> <span class='ocrx_word' id='word_1_501' title='bbox 1784 5437 1900 5516; x_wconf 91' lang='lat' dir='ltr'><strong>primo,</strong></span> 
     </span>
    </p>

    <p class='ocr_par' dir='ltr' id='par_1_28' title="bbox 1151 5529 1903 5608">
     <span class='ocr_line' id='line_1_93' title="bbox 1151 5529 1903 5608; baseline 0.001 -13"><span class='ocrx_word' id='word_1_502' title='bbox 1151 5547 1239 5595; x_wconf 89' lang='lat' dir='ltr'><strong>mors</strong></span> <span class='ocrx_word' id='word_1_503' title='bbox 1262 5530 1381 5594; x_wconf 89' lang='lat' dir='ltr'><strong>abbatis</strong></span> <span class='ocrx_word' id='word_1_504' title='bbox 1405 5529 1576 5608; x_wconf 90' lang='lat' dir='ltr'><strong>generalis,</strong></span> <span class='ocrx_word' id='word_1_505' title='bbox 1594 5537 1648 5592; x_wconf 90' lang='lat' dir='ltr'><strong>aut</strong></span> <span class='ocrx_word' id='word_1_506' title='bbox 1670 5530 1738 5593; x_wconf 93' lang='lat' dir='ltr'><strong>eius</strong></span> <span class='ocrx_word' id='word_1_507' title='bbox 1759 5532 1797 5594; x_wconf 93' lang='lat' dir='ltr'><strong>ad</strong></span> <span class='ocrx_word' id='word_1_508' title='bbox 1813 5532 1903 5596; x_wconf 90' lang='lat' dir='ltr'><strong>altio-</strong></span> 
     </span>
    </p>

    <p class='ocr_par' dir='ltr' id='par_1_29' title="bbox 1150 5625 1903 5704">
     <span class='ocr_line' id='line_1_94' title="bbox 1150 5625 1903 5704; baseline 0 -14"><span class='ocrx_word' id='word_1_509' title='bbox 1150 5643 1222 5690; x_wconf 90' lang='lat' dir='ltr'><strong>rem</strong></span> <span class='ocrx_word' id='word_1_510' title='bbox 1244 5625 1435 5704; x_wconf 90' lang='lat' dir='ltr'><strong>dignitatem</strong></span> <span class='ocrx_word' id='word_1_511' title='bbox 1457 5625 1630 5703; x_wconf 88' lang='lat' dir='ltr'><strong>promotio,</strong></span> <span class='ocrx_word' id='word_1_512' title='bbox 1645 5631 1699 5687; x_wconf 93' lang='lat' dir='ltr'><strong>aut</strong></span> <span class='ocrx_word' id='word_1_513' title='bbox 1720 5627 1848 5704; x_wconf 89' lang='lat' dir='ltr'><strong>quaudo</strong></span> <span class='ocrx_word' id='word_1_514' title='bbox 1864 5627 1903 5690; x_wconf 90' lang='lat' dir='ltr'><strong>de</strong></span> 
     </span>
    </p>

    <p class='ocr_par' dir='ltr' id='par_1_30' title="bbox 1151 5718 1904 5892">
     <span class='ocr_line' id='line_1_95' title="bbox 1152 5718 1904 5800; baseline 0 -17"><span class='ocrx_word' id='word_1_515' title='bbox 1152 5719 1296 5784; x_wconf 87' lang='lat' dir='ltr'><strong>eiusdem</strong></span> <span class='ocrx_word' id='word_1_516' title='bbox 1313 5718 1525 5796; x_wconf 90' lang='lat' dir='ltr'><strong>depositione,</strong></span> <span class='ocrx_word' id='word_1_517' title='bbox 1539 5719 1763 5798; x_wconf 88' lang='lat' dir='ltr'><strong>suspensione,</strong></span> <span class='ocrx_word' id='word_1_518' title='bbox 1777 5720 1831 5783; x_wconf 83' lang='lat' dir='ltr'><strong>rel</strong></span> <span class='ocrx_word' id='word_1_519' title='bbox 1846 5737 1904 5800; x_wconf 92' lang='lat' dir='ltr'><strong>pu·</strong></span> 
     </span>
     <span class='ocr_line' id='line_1_96' title="bbox 1151 5803 1904 5892; baseline 0.003 -16"><span class='ocrx_word' id='word_1_520' title='bbox 1151 5803 1510 5892; x_wconf 64' lang='lat' dir='ltr'><strong>biioa&#39;reprebensione</strong></span> <span class='ocrx_word' id='word_1_521' title='bbox 1532 5813 1695 5890; x_wconf 88' lang='lat' dir='ltr'><strong>agendum</strong></span> <span class='ocrx_word' id='word_1_522' title='bbox 1717 5813 1776 5888; x_wconf 89' lang='lat' dir='ltr'><strong>sit,</strong></span> <span class='ocrx_word' id='word_1_523' title='bbox 1800 5821 1837 5877; x_wconf 92' lang='lat' dir='ltr'><strong>ut</strong></span> <span class='ocrx_word' id='word_1_524' title='bbox 1858 5815 1904 5878; x_wconf 91' lang='lat' dir='ltr'><strong>di-</strong></span> 
     </span>
    </p>

    <p class='ocr_par' dir='ltr' id='par_1_31' title="bbox 1152 5913 1901 5988">
     <span class='ocr_line' id='line_1_97' title="bbox 1152 5913 1901 5988; baseline 0.001 -18"><span class='ocrx_word' id='word_1_525' title='bbox 1152 5915 1239 5971; x_wconf 93' lang='lat' dir='ltr'><strong>ctum</strong></span> <span class='ocrx_word' id='word_1_526' title='bbox 1253 5914 1302 5970; x_wconf 91' lang='lat' dir='ltr'><strong>est</strong></span> <span class='ocrx_word' id='word_1_527' title='bbox 1312 5920 1419 5986; x_wconf 88' lang='lat' dir='ltr'><strong>supra,</strong></span> <span class='ocrx_word' id='word_1_528' title='bbox 1434 5913 1515 5986; x_wconf 91' lang='lat' dir='ltr'><strong>part.</strong></span> <span class='ocrx_word' id='word_1_529' title='bbox 1529 5923 1591 5982; x_wconf 87' lang='lat' dir='ltr'><strong>rm,</strong></span> <span class='ocrx_word' id='word_1_530' title='bbox 1606 5923 1672 5988; x_wconf 90' lang='lat' dir='ltr'><strong>cap.</strong></span> <span class='ocrx_word' id='word_1_531' title='bbox 1690 5923 1746 5982; x_wconf 73' lang='lat' dir='ltr'><strong>rr,</strong></span> <span class='ocrx_word' id='word_1_532' title='bbox 1761 5923 1852 5970; x_wconf 90' lang='lat' dir='ltr'><strong>num.</strong></span> <span class='ocrx_word' id='word_1_533' title='bbox 1866 5925 1901 5972; x_wconf 90' lang='grc' dir='ltr'><strong>ιι.</strong></span> 
     </span>
    </p>
   </div>
   <div class='ocr_carea' id='block_1_17' title="bbox 1152 6000 1903 6084">
    <p class='ocr_par' dir='ltr' id='par_1_32' title="bbox 1152 6000 1903 6084">
     <span class='ocr_line' id='line_1_98' title="bbox 1152 6000 1903 6084; baseline 0.001 -20"><span class='ocrx_word' id='word_1_534' title='bbox 1152 6001 1284 6077; x_wconf 82' lang='lat' dir='ltr'><strong>Deinde,</strong></span> <span class='ocrx_word' id='word_1_535' title='bbox 1302 6000 1427 6081; x_wconf 90' lang='lat' dir='ltr'><strong>publica</strong></span> <span class='ocrx_word' id='word_1_536' title='bbox 1442 6017 1554 6066; x_wconf 90' lang='lat' dir='ltr'><strong>rerum</strong></span> <span class='ocrx_word' id='word_1_537' title='bbox 1571 6002 1810 6082; x_wconf 89' lang='lat' dir='ltr'><strong>regionumque</strong></span> <span class='ocrx_word' id='word_1_538' title='bbox 1832 6017 1903 6084; x_wconf 90' lang='lat' dir='ltr'><strong>per·</strong></span> 
     </span>
    </p>
   </div>
   <div class='ocr_carea' id='block_1_18' title="bbox 347 4872 1097 5608">
    <p class='ocr_par' dir='ltr' id='par_1_33' title="bbox 347 4872 1096 5044">
     <span class='ocr_line' id='line_1_99' title="bbox 347 4872 1096 4950; baseline 0 -16"><span class='ocrx_word' id='word_1_539' title='bbox 347 4887 469 4945; x_wconf 91' lang='lat' dir='ltr'><strong>rerum,</strong></span> <span class='ocrx_word' id='word_1_540' title='bbox 494 4885 632 4950; x_wconf 90' lang='lat' dir='ltr'><strong>quarum</strong></span> <span class='ocrx_word' id='word_1_541' title='bbox 655 4879 702 4936; x_wconf 91' lang='lat' dir='ltr'><strong>est</strong></span> <span class='ocrx_word' id='word_1_542' title='bbox 716 4887 794 4934; x_wconf 91' lang='lat' dir='ltr'><strong>usus</strong></span> <span class='ocrx_word' id='word_1_543' title='bbox 809 4874 842 4934; x_wconf 92' lang='lat' dir='ltr'><strong>iu</strong></span> <span class='ocrx_word' id='word_1_544' title='bbox 857 4872 1003 4950; x_wconf 83' lang='lat' dir='ltr'><strong>coquina,</strong></span> <span class='ocrx_word' id='word_1_545' title='bbox 1018 4887 1096 4950; x_wconf 90' lang='lat' dir='ltr'><strong>quas</strong></span> 
     </span>
     <span class='ocr_line' id='line_1_100' title="bbox 347 4965 690 5044; baseline 0.009 -19"><span class='ocrx_word' id='word_1_546' title='bbox 347 4965 416 5044; x_wconf 89' lang='lat' dir='ltr'><strong>ipse</strong></span> <span class='ocrx_word' id='word_1_547' title='bbox 438 4979 570 5044; x_wconf 86' lang='lat' dir='ltr'><strong>servare</strong></span> <span class='ocrx_word' id='word_1_548' title='bbox 586 4966 690 5028; x_wconf 90' lang='lat' dir='ltr'><strong>debet.</strong></span> 
     </span>
    </p>

    <p class='ocr_par' dir='ltr' id='par_1_34' title="bbox 347 5057 1097 5324">
     <span class='ocr_line' id='line_1_101' title="bbox 387 5057 1097 5138; baseline 0.006 -20"><span class='ocrx_word' id='word_1_549' title='bbox 387 5073 431 5120; x_wconf 87' lang='lat' dir='ltr'><strong>vr.</strong></span> <span class='ocrx_word' id='word_1_550' title='bbox 454 5057 660 5135; x_wconf 78' lang='lat' dir='ltr'><strong>Diligentiam</strong></span> <span class='ocrx_word' id='word_1_551' title='bbox 682 5059 715 5121; x_wconf 94' lang='lat' dir='ltr'><strong>in</strong></span> <span class='ocrx_word' id='word_1_552' title='bbox 738 5060 850 5133; x_wconf 91' lang='lat' dir='ltr'><strong>rebus,</strong></span> <span class='ocrx_word' id='word_1_553' title='bbox 876 5075 953 5138; x_wconf 91' lang='lat' dir='ltr'><strong>quas</strong></span> <span class='ocrx_word' id='word_1_554' title='bbox 982 5075 1097 5124; x_wconf 91' lang='lat' dir='ltr'><strong>consu-</strong></span> 
     </span>
     <span class='ocr_line' id='line_1_102' title="bbox 348 5151 1096 5231; baseline 0.004 -17"><span class='ocrx_word' id='word_1_555' title='bbox 348 5153 417 5226; x_wconf 92' lang='lat' dir='ltr'><strong>mit,</strong></span> <span class='ocrx_word' id='word_1_556' title='bbox 440 5151 615 5225; x_wconf 89' lang='lat' dir='ltr'><strong>adbibebit,</strong></span> <span class='ocrx_word' id='word_1_557' title='bbox 633 5167 674 5214; x_wconf 91' lang='lat' dir='ltr'><strong>ne</strong></span> <span class='ocrx_word' id='word_1_558' title='bbox 694 5153 771 5231; x_wconf 91' lang='lat' dir='ltr'><strong>quid</strong></span> <span class='ocrx_word' id='word_1_559' title='bbox 791 5171 857 5217; x_wconf 89' lang='lat' dir='ltr'><strong>non</strong></span> <span class='ocrx_word' id='word_1_560' title='bbox 878 5155 1096 5218; x_wconf 88' lang='lat' dir='ltr'><strong>necessarium</strong></span> 
     </span>
     <span class='ocr_line' id='line_1_103' title="bbox 347 5246 1093 5324; baseline 0.004 -17"><span class='ocrx_word' id='word_1_561' title='bbox 347 5246 530 5307; x_wconf 91' lang='lat' dir='ltr'><strong>insumatur</strong></span> <span class='ocrx_word' id='word_1_562' title='bbox 542 5251 652 5308; x_wconf 90' lang='lat' dir='ltr'><strong>contra</strong></span> <span class='ocrx_word' id='word_1_563' title='bbox 664 5252 884 5324; x_wconf 90' lang='lat' dir='ltr'><strong>paupertatem</strong></span> <span class='ocrx_word' id='word_1_564' title='bbox 899 5247 1093 5324; x_wconf 86' lang='lat' dir='ltr'><strong>religiosam.</strong></span> 
     </span>
    </p>

    <p class='ocr_par' dir='ltr' id='par_1_35' title="bbox 347 5335 1097 5608">
     <span class='ocr_line' id='line_1_104' title="bbox 389 5335 1097 5416; baseline 0.008 -18"><span class='ocrx_word' id='word_1_565' title='bbox 389 5353 445 5399; x_wconf 87' lang='lat' dir='ltr'><strong>vri.</strong></span> <span class='ocrx_word' id='word_1_566' title='bbox 470 5335 504 5402; x_wconf 91' lang='lat' dir='ltr'><strong>Si</strong></span> <span class='ocrx_word' id='word_1_567' title='bbox 525 5353 623 5416; x_wconf 90' lang='lat' dir='ltr'><strong>quem</strong></span> <span class='ocrx_word' id='word_1_568' title='bbox 644 5337 825 5402; x_wconf 90' lang='lat' dir='ltr'><strong>adiutorem</strong></span> <span class='ocrx_word' id='word_1_569' title='bbox 850 5340 995 5415; x_wconf 90' lang='lat' dir='ltr'><strong>haberet,</strong></span> <span class='ocrx_word' id='word_1_570' title='bbox 1019 5347 1097 5404; x_wconf 88' lang='lat' dir='ltr'><strong>sata·</strong></span> 
     </span>
     <span class='ocr_line' id='line_1_105' title="bbox 347 5433 1094 5515; baseline 0.007 -19"><span class='ocrx_word' id='word_1_571' title='bbox 347 5440 411 5510; x_wconf 87' lang='lat' dir='ltr'><strong>gat,</strong></span> <span class='ocrx_word' id='word_1_572' title='bbox 434 5440 473 5498; x_wconf 90' lang='lat' dir='ltr'><strong>ut</strong></span> <span class='ocrx_word' id='word_1_573' title='bbox 492 5449 566 5498; x_wconf 90' lang='lat' dir='ltr'><strong>oum</strong></span> <span class='ocrx_word' id='word_1_574' title='bbox 587 5433 688 5498; x_wconf 88' lang='lat' dir='ltr'><strong>verbo</strong></span> <span class='ocrx_word' id='word_1_575' title='bbox 715 5441 748 5498; x_wconf 90' lang='lat' dir='ltr'><strong>et</strong></span> <span class='ocrx_word' id='word_1_576' title='bbox 769 5436 917 5515; x_wconf 86' lang='lat' dir='ltr'><strong>exemplo</strong></span> <span class='ocrx_word' id='word_1_577' title='bbox 939 5437 1094 5512; x_wconf 88' lang='lat' dir='ltr'><strong>aediilcet,</strong></span> 
     </span>
     <span class='ocr_line' id='line_1_106' title="bbox 348 5529 714 5608; baseline 0.005 -18"><span class='ocrx_word' id='word_1_578' title='bbox 348 5529 541 5608; x_wconf 89' lang='lat' dir='ltr'><strong>praesertim</strong></span> <span class='ocrx_word' id='word_1_579' title='bbox 563 5530 714 5592; x_wconf 85' lang='lat' dir='ltr'><strong>novitios.</strong></span> 
     </span>
    </p>
   </div>
   <div class='ocr_carea' id='block_1_19' title="bbox 383 5653 1064 5836">
    <p class='ocr_par' dir='ltr' id='par_1_36' title="bbox 383 5629 1064 5836">
     <span class='ocr_line' id='line_1_107' title="bbox 383 5653 1064 5744; baseline 0.003 -2"><span class='ocrx_word' id='word_1_580' title='bbox 383 5679 463 5743; x_wconf 80' lang='lat' dir='ltr'><strong>Gna.</strong></span> <span class='ocrx_word' id='word_1_581' title='bbox 488 5673 555 5742; x_wconf 81' lang='lat' dir='ltr'><strong>XX.</strong></span> <span class='ocrx_word' id='word_1_582' title='bbox 579 5653 616 5724; x_wconf 51' lang='lat'><strong>⁸-</strong></span> <span class='ocrx_word' id='word_1_583' title='bbox 637 5673 682 5742; x_wconf 85' lang='lat' dir='ltr'><strong>D&#39;a</strong></span> <span class='ocrx_word' id='word_1_584' title='bbox 704 5674 951 5744; x_wconf 80' lang='lat' dir='ltr'><strong>hebdomadario</strong></span> <span class='ocrx_word' id='word_1_585' title='bbox 973 5680 1064 5744; x_wconf 80' lang='lat' dir='ltr'><strong>ebori</strong></span> 
     </span>
     <span class='ocr_line' id='line_1_108' title="bbox 627 5777 815 5836; baseline -0.011 0"><span class='ocrx_word' id='word_1_586' title='bbox 627 5777 657 5836; x_wconf 88' lang='lat' dir='ltr'><strong>et</strong></span> <span class='ocrx_word' id='word_1_587' title='bbox 677 5789 815 5836; x_wconf 79' lang='lat' dir='ltr'><strong>creatae.</strong></span> 
     </span>
    </p>
   </div>
   <div class='ocr_carea' id='block_1_20' title="bbox 117 5908 1099 6084">
    <p class='ocr_par' dir='ltr' id='par_1_37' title="bbox 117 5908 1099 6084">
     <span class='ocr_line' id='line_1_109' title="bbox 157 5908 1097 5988; baseline 0.005 -21"><span class='ocrx_word' id='word_1_588' title='bbox 157 5919 204 5967; x_wconf 71' lang='lat' dir='ltr'><strong>rar</strong></span> <span class='ocrx_word' id='word_1_589' title='bbox 222 5923 329 5986; x_wconf 58' lang='lat' dir='ltr'><strong>ananam</strong></span> <span class='ocrx_word' id='word_1_590' title='bbox 389 5923 411 5971; x_wconf 88' lang='grc' dir='ltr'><strong>ι.</strong></span> <span class='ocrx_word' id='word_1_591' title='bbox 435 5909 617 5974; x_wconf 88' lang='lat' dir='ltr'><strong>Praeiectos</strong></span> <span class='ocrx_word' id='word_1_592' title='bbox 644 5908 793 5974; x_wconf 91' lang='lat' dir='ltr'><strong>ecciesiae</strong></span> <span class='ocrx_word' id='word_1_593' title='bbox 819 5909 956 5988; x_wconf 87' lang='lat' dir='ltr'><strong>singulis</strong></span> <span class='ocrx_word' id='word_1_594' title='bbox 977 5909 1097 5972; x_wconf 91' lang='lat' dir='ltr'><strong>hebdo-</strong></span> 
     </span>
     <span class='ocr_line' id='line_1_110' title="bbox 117 5974 1099 6084; baseline -0.003 -17"><span class='ocrx_word' id='word_1_595' title='bbox 117 5974 267 6032; x_wconf 59' lang='lat' dir='ltr'><strong>⁶⁰p¹¹²²¹¹¹¹¹¹&#39;</strong></span> <span class='ocrx_word' id='word_1_596' title='bbox 350 6006 451 6069; x_wconf 89' lang='lat' dir='ltr'><strong>madis</strong></span> <span class='ocrx_word' id='word_1_597' title='bbox 473 6005 552 6067; x_wconf 91' lang='lat' dir='ltr'><strong>duos</strong></span> <span class='ocrx_word' id='word_1_598' title='bbox 573 6001 733 6083; x_wconf 81' lang='lat' dir='ltr'><strong>catalogos</strong></span> <span class='ocrx_word' id='word_1_599' title='bbox 756 6001 858 6080; x_wconf 88' lang='lat' dir='ltr'><strong>iaciet,</strong></span> <span class='ocrx_word' id='word_1_600' title='bbox 873 6019 1013 6083; x_wconf 89' lang='lat' dir='ltr'><strong>quorum</strong></span> <span class='ocrx_word' id='word_1_601' title='bbox 1035 6003 1099 6084; x_wconf 92' lang='lat' dir='ltr'><strong>pri-</strong></span> 
     </span>
    </p>
   </div>
   <div class='ocr_carea' id='block_1_21' title="bbox 0 0 2417 6980">
    <p class='ocr_par' dir='ltr' id='par_1_38' title="bbox 0 0 2417 6980">
     <span class='ocr_line' id='line_1_111' title="bbox 0 0 2417 6980; baseline 0 0"><span class='ocrx_word' id='word_1_602' title='bbox 0 0 2417 6980; x_wconf 95' lang='lat' dir='ltr'><strong> </strong></span> 
     </span>
    </p>
   </div>
  </div>
 </body>
</html>
