4828 6974
908 632 1082 684 3331133133
1104 633 1154 682 aa.
1178 625 1243 684 1111.

299 754 415 828 331131,
438 753 534 816 13133
556 759 679 817 1331313
701 755 749 817 331
769 755 867 832 gratia
881 755 1047 818 absolven-

300 855 361 920 tes,
379 853 411 909 31
426 847 588 910 absolutos
610 847 680 910 lore
702 855 882 920 censentes,
901 850 1046 913 volentes

300 940 527 1016 iubentesque,
551 947 721 1003 33313313
745 941 885 1020 proprio,
909 951 1047 1006 3333313

299 1033 443 1104 scientia,
467 1039 591 1094 1331333
607 1035 849 1107 deliberatione,
867 1043 962 1113 31333
976 1053 1048 1116 apo-

299 1127 607 1204 stolicaepotestatis
625 1127 825 1205 plenitudine
844 1130 1047 1193 concedimus

301 1227 337 1281 et
356 1220 574 1297 indulgemus,
590 1221 673 1283 utin
689 1221 819 1284 aedibus
836 1222 973 1284 filiarum
993 1224 1048 1286 Ca-

301 1312 403 1374 ritatis
437 1313 557 1390 ubique
590 1314 721 1392 positis,
760 1317 935 1378 dummodo
969 1318 1047 1380 inibi

299 1407 415 1468 saltem
437 1421 574 1468 numero
597 1407 740 1484 quinque
761 1409 824 1470 sint
838 1410 1048 1472 contuberna-

300 1498 361 1570 les,
384 1500 437 1561 vel
458 1516 549 1562 secus
572 1500 680 1578 plures
697 1501 822 1579 puellae
837 1502 1047 1565 institutionis

300 1609 392 1653 33333
414 1609 513 1671 penes
535 1609 587 1654 eas
609 1594 738 1670 degant,
768 1595 919 1657 sacellum
949 1597 1048 1674 possit

301 1684 423 1758 haberi,
448 1685 601 1748 decenter
622 1693 730 1750 tamen
762 1694 921 1760 ornatum,
956 1697 989 1752 et
1009 1690 1047 1752 ab

219 1840 221 1848 ,
300 1778 451 1839 33131133
466 1779 649 1841 domesticis
664 1779 775 1840 usibus
788 1780 938 1854 liberum,
952 1791 1047 1860 atque

299 1870 339 1931 ab
361 1871 516 1950 Episcopo
538 1873 625 1950 prius
649 1873 688 1934 de
710 1888 801 1935 more
827 1874 1044 1950 invisendum,

299 1963 411 2040 ibique
432 1981 530 2044 super
551 1981 614 2035 ara,
639 1981 720 2042 quae
742 1967 920 2028 necessaria
942 1971 1046 2047 supel-

300 2057 399 2119 lectili
421 2073 478 2136 pro
501 2058 656 2134 dignitate
677 2058 719 2120 sit
746 2057 911 2132 instructa,
946 2061 1046 2125 libere

299 2150 452 2228 liciteque
463 2151 700 2214 sanctissimum
716 2151 933 2216 Eucharistiae
948 2172 1046 2219 sacra-

300 2249 448 2304 mentum
470 2245 570 2321 possit
590 2245 765 2321 asservari;
792 2263 865 2309 cum
891 2247 964 2326 lege
979 2250 1047 2327 qui·

300 2335 374 2396 dem
406 2342 443 2397 nt
463 2343 536 2398 3313
568 2336 827 2412 1313333331313,
851 2335 915 2420 333
942 2343 1047 2405 111133

300 2427 404 2490 133113
424 2430 619 2502 continetur,
649 2431 702 2494 diu
735 2441 897 2512 noctuque
929 2436 1047 2514 lampas

299 2521 420 2595 alatur3
443 2529 543 2600 utque
565 2524 634 2584 eius
658 2525 853 2589 tabernaculi
872 2528 968 2590 313113
984 2545 1048 2591 ma·

299 2620 374 2676 neat
394 2631 493 2694 penes
514 2617 688 2690 sacristam,
712 2619 970 2694 3113331113313,
993 2623 1047 2699 qui

300 2708 362 2769 1113
382 2707 469 2770 illam
491 2710 633 2772 custodia
664 2718 801 2775 tueatur.
833 2712 1047 2776 Concedimus

299 2809 475 2880 praeterea,
498 2811 594 2866 uteo
617 2805 650 2866 in
672 2807 799 2878 sacello,
831 2815 988 2884 quatenus
1014 2811 1047 2871 13

297 2911 363 2957 una
385 2897 561 2976 eademque
583 2899 678 2960 domo
705 2899 810 2963 simile
839 2902 1045 2979 privilegium

299 3005 501 3066 nequaquam
523 2992 641 3068 vigeat,
666 3009 701 3054 ea
726 2993 873 3074 Episcopi
901 2997 993 3058 venia
1016 3005 1048 3058 31

298 3083 443 3156 33111313,
478 3085 511 3146 13
543 3084 689 3162 singulos
725 3087 803 3159 dies,
842 3089 936 3150 etiam
965 3090 1046 3152 sole-

300 3176 454 3250 mniores,
485 3195 501 3238 a
526 3194 733 3256 quocumque
766 3181 956 3259 presbytero
985 3183 1046 3245 rite

301 3269 434 3346 probato
455 3270 646 3333 sacrificium
668 3273 738 3334 lteri
761 3274 877 3351 possit3
901 3276 951 3337 cui
978 3277 1046 3354 qui-

300 3361 375 3423 dem
396 3379 461 3424 non
483 3364 579 3426 modo
602 3365 687 3444 ipsae
708 3365 853 3428 Caritatis
875 3367 968 3440 tiliae,
989 3370 1046 3431 sed

301 3461 333 3516 et
355 3455 479 3533 puellae
503 3456 541 3519 ab
564 3457 609 3518 eis
632 3465 793 3536 exceptae,
818 3459 961 3538 aliaeque
976 3477 1045 3523 mu-

300 3547 396 3610 lieres
425 3549 532 3610 domui
563 3550 721 3623 addictae,
755 3552 872 3630 pietate
904 3554 956 3616 illa
985 3570 1045 3631 qua

300 3641 402 3713 decet,
426 3641 596 3716 adstantes,
621 3644 833 3706 ecclesiastico
862 3654 1042 3725 praecepto,

299 3735 385 3810 quod
407 3741 456 3795 est
477 3735 589 3797 diebus
612 3735 701 3798 lestis
728 3737 767 3798 13
796 3738 972 3800 3331313313
1001 3741 1045 3801 11-

298 3826 393 3897 11313,
416 3827 549 3888 3133133
570 3827 771 3890 satisfaciant.
796 3827 917 3890 Licebit
938 3837 1044 3892 autem

299 3917 443 3980 Caritatis
475 3919 600 3982 filiabus
632 3937 665 3982 ac
697 3921 812 4000 puellis
844 3923 877 3984 in
905 3939 1045 3986 comme-

299 4018 423 4072 morato
444 4012 561 4073 sacello
582 4012 705 4074 animae
727 4014 838 4075 sordes
854 4029 910 4092 per
924 4033 1044 4078 sacram

298 4103 533 4166 contessionem
555 4105 698 4177 abluere,
722 4113 754 4168 31
769 4105 984 4171 Eucharistiae
999 4127 1045 4171 sa-

299 4204 500 4259 cramentum
523 4198 683 4276 excipere,
707 4216 741 4262 ac
763 4200 900 4278 paschali
915 4217 1045 4280 333333

299 4296 445 4370 tempore
457 4291 704 4353 ecclesiasticum
721 4300 926 4372 praeceptum
943 4296 1043 4358 obire.

299 4383 346 4445 hd
367 4383 445 4446 haec
466 4384 652 4446 auctoritate
674 4386 792 4462 pariter
814 4385 930 4450 Nostra
951 4387 1045 4451 iacul-

299 4481 396 4537 tatem
429 4476 572 4548 tacimus,
606 4483 642 4538 ut
673 4477 706 4538 in
738 4479 869 4556 privatis
895 4481 1045 4544 aediculis

298 4584 577 4647 quarumcumque
598 4571 781 4644 domorum,
812 4588 892 4650 3333
920 4574 1045 4636 filiabus

298 4662 444 4724 Caritatis
456 4663 645 4725 commissae
660 4672 745 4736 sunt,
760 4681 906 4742 quaeque
922 4667 1046 4746 publica

298 4763 408 4818 333331
430 4757 572 4830 33313313,
604 4758 655 4819 113
687 4759 894 4820 decimanona
925 4762 1045 4822 mensis

298 4849 379 4910 iunii
400 4848 571 4912 cuiuslibet
591 4851 663 4912 anni
688 4851 783 4912 missa
805 4852 932 4930 propria
946 4854 1046 4915 sancti

298 4940 459 5004 vincentii
480 4961 497 5003 a
519 4943 615 5005 Paulo
638 4959 748 5006 earum
778 4946 951 5006 conditoris
981 4947 1044 5008 ritu

299 5035 416 5114 duplici
438 5035 560 5114 primae
588 5037 694 5098 classis
716 5055 732 5099 a
761 5037 957 5118 presbyteris
980 5046 1045 5102 tan-

299 5129 468 5191 tummodo
482 5129 640 5207 spirituali
655 5131 793 5192 siliarum
809 5131 960 5208 regimini
972 5148 1045 5194 con-

298 5221 418 5284 stitutis
440 5223 541 5301 possit
562 5223 683 5301 peragi.
706 5223 852 5302 Itemque
873 5232 910 5288 ut
931 5225 981 5288 die
999 5226 1045 5288 11-

300 5316 420 5391 gesima
445 5315 580 5395 septima
602 5317 806 5394 septembris,
830 5319 1045 5381 anniversaria

298 5408 397 5486 ipsius
419 5409 518 5471 sancti
540 5408 700 5472 vincentii
722 5411 839 5483 obitus,
856 5411 889 5474 in
911 5413 1045 5490 publicis

299 5502 463 5563 dumtaxat
484 5517 595 5563 earum
628 5503 770 5564 ecclesiis
803 5522 819 5566 a
847 5505 1045 5584 presbyteris

299 5596 375 5674 ipsis
396 5595 493 5657 missa
524 5601 556 5658 31
588 5595 726 5657 31131313
759 5597 926 5675 proprium
959 5598 1044 5660 illius

299 5689 398 5752 sancti
419 5689 604 5761 conditoris,
628 5707 644 5749 3
666 5689 798 5751 33313313
821 5705 899 5751 1333
915 5691 1045 5769 presby-

301 5783 377 5843 teris
399 5783 495 5843 missa
518 5789 642 5844 tantum
664 5783 764 5861 possit
792 5782 965 5858 celebrari3
999 5784 1045 5846 uti

301 5889 402 5952 333113
425 5875 521 5936 311333
543 5875 729 5936 1313331311
761 5877 832 5937 heri
863 5877 982 5955 poterit
1013 5876 1045 5938 in

301 5968 423 6048 privato
446 5983 558 6030 earum
580 5967 707 6030 aedium
729 5968 883 6031 33331133
915 5969 1046 6048 presby-

1105 755 1192 826 teris,
1217 755 1272 832 qui
1287 755 1424 833 aliquam
1440 771 1569 836 operam
1585 755 1630 820 eis
1647 755 1849 836 impendunt.

1104 849 1271 910 Postremo
1292 864 1393 926 quum
1415 851 1473 912 hae
1489 851 1643 914 mulieres
1659 867 1698 913 ex
1712 850 1851 912 instituti

1104 941 1229 1018 legibus
1252 945 1379 1006 edomo
1396 943 1506 1020 egredi
1522 951 1694 1022 nequeant,
1712 944 1772 1005 nisi
1786 943 1850 1005 ulla

1105 1036 1249 1098 eiusdem
1272 1039 1410 1100 instituti
1425 1045 1540 1115 urgeat
1554 1038 1737 1110 necessitas,
1756 1053 1797 1098 ne
1812 1037 1850 1096 iis

1104 1131 1321 1208 spiritualibus
1354 1139 1481 1194 careant
1512 1132 1672 1203 subsidiis,
1706 1147 1787 1209 quae
1813 1131 1850 1191 ad

1105 1223 1282 1285 animarum
1294 1225 1430 1286 salutem
1448 1241 1644 1302 magnopere
1655 1224 1848 1296 conducunt,

1105 1317 1291 1378 auctoritate
1314 1325 1422 1380 nostra
1444 1317 1631 1394 elargimur,
1654 1323 1691 1378 ut
1704 1315 1850 1378 Caritatis

1105 1425 1233 1472 sorores
1245 1417 1277 1472 31
1288 1411 1414 1490 puellae
1426 1427 1487 1472 una
1499 1426 1575 1498 cum
1585 1411 1661 1488 ipsis
1680 1410 1846 1486 degentes,

1106 1517 1185 1578 quae
1207 1503 1240 1564 13
1262 1504 1327 1564 3313
1351 1503 1492 1566 333133113
1514 1503 1566 1564 131
1589 1503 1712 1564 sacellis
1741 1503 1850 1564 dome-

1105 1595 1190 1656 sticis
1213 1597 1421 1675 praescriptas
1449 1597 1610 1659 addeum
1633 1610 1744 1674 preces
1773 1597 1850 1658 eilu-

1105 1686 1222 1760 derint‚
1246 1690 1374 1751 easdem
1396 1688 1612 1766 indulgentias
1641 1695 1710 1749 tum
1744 1687 1850 1766 plena·

1105 1781 1177 1852 rias,
1209 1789 1278 1844 tum
1306 1782 1380 1843 alias
1413 1795 1556 1859 quasque
1588 1779 1850 1842 christifidelibus

1104 1875 1412 1936 133313131133331
1446 1873 1612 1936 3331331331
1645 1873 1847 1946 adeuntibus,

1104 1967 1409 2045 1111333333311133,
1433 1985 1449 2028 a
1476 1967 1625 2029 Romanis
1648 1966 1850 2044 pontificibus

1105 2060 1402 2138 praedecessoribus
1428 2061 1546 2122 nostris
1578 2075 1753 2132 concessas,
1780 2075 1850 2138 pos-

1104 2153 1168 2214 sint
1188 2153 1316 2216 lucrari.

1793 619 1830 685 77
1881 623 1979 678 11130.
2002 618 2070 678 laad

1143 2247 1213 2322 §ln
1243 2247 1324 2310 llaec
1356 2248 1388 2309 in
1422 2253 1615 2326 perpetuum
1644 2246 1850 2308 concedimus
1884 2251 2082 2312 1333111131-

1105 2345 1137 2400 31
1158 2341 1364 2417 indulgemus
1387 2357 1451 2402 non
1474 2339 1673 2402 obstantibus
1696 2345 1851 2400 33313331

1104 2433 1309 2495 cancellariae
1341 2433 1531 2511 apostolicae
1566 2432 1679 2508 regula
1714 2433 1753 2494 de
1785 2448 1850 2495 non

1104 2527 1316 2590 concedendis
1337 2525 1547 2603 indulgentiis
1569 2525 1738 2596 31133133,
1769 2523 1851 2585 aliis-

1105 2634 1168 2696 que
1196 2619 1376 2698 apostolicis
1398 2635 1432 2680 ac
1453 2619 1486 2680 13
1514 2617 1751 2682 3311333311133
1779 2633 1851 2696 pro-

1105 2713 1358 2790 vincialibusque
1370 2719 1402 2774 et
1413 2711 1620 2790 synodalibus
1632 2711 1773 2774 conciliis
1786 2711 1851 2772 edi-

1105 2806 1144 2866 tis
1174 2806 1378 2883 generalibus
1400 2805 1452 2867 vel
1481 2805 1670 2884 specialibus
1698 2805 1851 2867 constitu-

1106 2898 1245 2960 tionibus
1282 2905 1314 2960 et
1349 2898 1613 2970 ordinationibus,
1651 2900 1851 2976 caeterisque

1104 2991 1271 3054 contrariis
1287 2991 1555 3069 quibuscumque.
1569 2990 1727 3054 Volumus
1742 2999 1850 3054 autem

1104 3092 1139 3146 ut
1161 3085 1275 3146 harum
1298 3085 1465 3146 literarum
1488 3085 1645 3163 exemplis
1668 3086 1763 3148 etiam
1792 3087 1850 3148 im-

1104 3179 1233 3257 pressis,
1257 3193 1419 3256 manuque
1441 3177 1559 3256 publici
1582 3177 1698 3240 notarii
1712 3179 1850 3241 subscri-

1104 3271 1176 3349 ptio,
1201 3279 1233 3333 et
1253 3287 1311 3350 per
1339 3271 1549 3333 constitutum
1578 3272 1611 3333 in
1640 3271 1850 3334 ecclesiastica

1104 3363 1258 3440 dignitate
1279 3363 1386 3425 virum
1419 3363 1527 3440 sigillo
1559 3363 1703 3435 munitis,
1738 3364 1849 3428 eadem

1103 3457 1290 3519 adhibeatur
1312 3457 1402 3528 11133,
1427 3471 1508 3534 quae
1531 3462 1659 3518 nostrae
1675 3456 1849 3519 voluntatis

1102 3549 1336 3628 significationi,
1353 3549 1422 3628 ipso
1437 3549 1498 3611 hoc
1514 3549 1686 3628 diplomate
1707 3557 1847 3622 ostenso,

1102 3642 1287 3704 haberetur.

1142 3735 1256 3796 Datum
1284 3734 1403 3795 Romae
1431 3735 1513 3812 apud
1542 3741 1687 3796 sanctum
1716 3734 1848 3796 Petrum

1101 3827 1161 3890 sub
1182 3827 1300 3889 annulo
1322 3827 1486 3906 piscatoris
1508 3827 1559 3889 die
1588 3827 1709 3889 decima
1738 3834 1848 3904 quarta

1102 3921 1176 3982 maii
1196 3919 1369 3982 millesimo
1392 3919 1659 3996 octingentesimo
1681 3919 1849 3996 trigesimo

1102 4014 1209 4085 tertio,
1233 4011 1434 4091 pontificatus
1457 4013 1559 4074 nostri
1581 4029 1663 4075 anno
1686 4013 1793 4074 tertio.

1358 4213 1597 4223 -—---—.

1451 4387 1500 4449 LI.

1103 4574 1273 4656 Dcpctotio
1302 4573 1435 4653 delegati
1467 4573 1554 4636 Sedis
1587 4575 1777 4656 apostolicae
1808 4577 1849 4640 od

1142 4665 1285 4730 obeundo
1316 4667 1448 4746 negocio
1476 4667 1681 4731 ecclesiaram
1710 4670 1849 4732 3313313-

1142 4760 1232 4822 lium.

1123 4943 1292 5010 1313131111
1310 4943 1397 5010 113111
1415 4943 1653 5028 1331131133113
1670 4945 1828 5026 laoniensi,

1275 5130 1493 5200 CREGORlUS
1516 5132 1577 5198 ΡΡ.
1601 5131 1674 5199 11111.

1314 5319 1503 5388 venerabilis
1525 5320 1633 5400 113131,

1135 5411 1263 5480 satutem
1286 5418 1317 5480 31
1339 5413 1537 5496 apostolicum
1563 5412 1812 5480 benedictionem.

1141 5601 1160 5674 ᾖ
1183 5599 1210 5661 1.
1234 5600 1268 5661 13
1290 5600 1421 5663 sublimi
1443 5600 1594 5680 principis
1619 5599 1848 5678 Apostolorum

1102 5692 1261 5762 cathedra,
1286 5692 1383 5754 nullis
1406 5700 1494 5755 certe
1516 5691 1634 5754 nostris
1650 5691 1846 5770 promeritis,

1102 5785 1157 5846 sed
1180 5785 1332 5847 1331131111
1353 5786 1409 5847 Dei
1424 5785 1589 5847 voluntate
1604 5783 1749 5846 collocati
1768 5784 1847 5846 illud

1102 5893 1203 5939 unum
1226 5879 1441 5941 1313131133
1463 5883 1655 5956 spectamus,
1683 5884 1721 5938 31
1749 5877 1849 5940 eccle-

1102 5971 1224 6034 siastica
1241 5972 1429 6050 praesertim
1446 5971 1575 6048 negotia
1589 5969 1746 6050 singulari
1760 5985 1845 6048 cura,

1871 2307 2015 2349 [fasiolum.

1894 5622 2064 5670 Prooemium.
