4864 6994
293 533 346 588 Au.
361 536 391 588 G.
413 537 479 590 1831
532 537 571 603 {8

859 681 910 745 XI.

511 862 650 945 Depotot
672 867 868 930 visitatorem
889 870 1097 951 apostoticam
1126 888 1185 952 pro
1207 873 1256 934 in·

552 957 721 1034 quisiticae
734 964 839 1023 statos
854 961 994 1026 coenobii
1008 969 1038 1025 et
1049 966 1172 1045 collegii
1186 966 1255 1045 frc-

552 1053 638 1111 tram
659 1052 821 1116 minorum
836 1053 947 1118 Sancti
962 1056 1132 1119 Froncisci
1147 1057 1256 1138 Rescr-

551 1147 711 1300 mcztoram
732 1146 767 1207 in
790 1145 906 1212 Sancto
928 1147 1022 1212 Petro
1044 1149 1078 1211 io
1097 1149 1255 1215 Mentoris

551 1253 592 1298 or
613 1254 651 1299 vs.
1045 1265 1047 1270 ·

513 1421 630 1488 Dilecto
645 1423 709 1490 lilio
727 1430 833 1490 nostro
849 1424 957 1492 lecobo
971 1427 1104 1512 Philippo
1121 1425 1155 1492 S.
1171 1427 1203 1494 ll.
1220 1427 1254 1492 Ε.

510 1569 515 1579 .
553 1516 729 1600 presbytero
752 1515 840 1584 carl.
867 1519 1014 1586 franconi
1038 1527 1216 1604 nuncupato,

685 1701 985 1771 succumbere.
1011 1705 1081 1772 xttt.

727 1891 843 1957 Dilecta
866 1893 909 1958 liti
932 1897 1045 1972 noster,

549 1981 675 2048 salutern
698 1989 730 2048 et
751 1985 949 2068 apostolicam
974 1986 1223 2053 benedictionem.

284 2172 497 2271 tissgss⁰5¹igffifgj
554 2183 573 2256 ἓ
597 2181 623 2242 l.
648 2180 802 2244 volentes
817 2198 875 2243 nos
891 2197 996 2242 sacrae
1010 2177 1199 2240 visitationis
1214 2175 1259 2236 in-

284 2278 324 2323 rrs.
515 2273 688 2350 quisitiouc
708 2281 825 2336 statum
847 2275 993 2338 coenobii
1010 2279 1041 2335 et
1056 2269 1183 2348 collegii
1201 2269 1260 2329 fra-

514 2372 601 2427 trum
625 2367 788 2429 minorum
808 2365 1083 2430 Sanctillrancisci
1098 2363 1260 2425 Reforma-

514 2465 622 2521 torum
645 2469 903 2540 nuncupatorum
925 2461 958 2521 iu
981 2458 1094 2520 Sancto
1116 2458 1211 2518 Petro
1227 2455 1260 2516 iu

515 2551 672 2615 Montorio
694 2554 783 2615 urbis
805 2555 998 2632 perspicere,
1016 2558 1048 2614 et
1065 2551 1103 2612 de
1119 2557 1171 2610 tua
1187 2563 1261 2626 pru-

516 2645 632 2717 dentia,
656 2647 809 2719 doctriua,
834 2647 1004 2724 religione,
1023 2651 1055 2707 et
1072 2659 1184 2706 rerum
1200 2658 1259 2704 usn

515 2738 687 2815 plurimam
708 2739 741 2800 in
762 2741 898 2801 licutino
924 2739 1071 2800 fiduciam
1094 2736 1258 2806 habentes,

516 2837 558 2903 tc,
583 2832 699 2894 dilecte
720 2833 766 2894 fili
787 2839 906 2905 noster,
928 2833 961 2893 iu
975 2831 1173 2892 visitatorem
1189 2843 1261 2906 apo-

515 2924 663 2987 stolicum
678 2927 824 2988 coenobii
839 2933 872 2988 et
882 2926 1011 3002 collegii
1024 2924 1261 3004 praedictorum

516 3033 589 3078 curn
613 3020 760 3081 omuibus
783 3027 814 3082 et
835 3019 970 3100 siugulis
985 3017 1197 3088 facultatibus,
1215 3016 1262 3076 iu-

516 3109 616 3184 ribus,
640 3117 672 3172 et
692 3112 824 3174 indultis
856 3113 930 3174 huic
962 3110 1091 3172 muneri
1119 3108 1259 3180 adnexis,

516 3204 703 3266 anctoritate
724 3206 892 3283 apostolica
914 3211 1027 3266 tenore
1044 3202 1261 3281 praesentium

517 3296 555 3357 ad
574 3303 714 3359 nostram
731 3303 762 3360 et
777 3298 865 3362 Sedis
881 3297 1079 3378 spostolicae
1094 3294 1261 3357 arbitrium

518 3388 668 3466 eligimus
689 3397 721 3452 et
741 3393 942 3470 deputamus.

287 3532 318 3576 ns
332 3481 499 3588 {5333ng
558 3485 627 3557 52.
650 3485 801 3558 Quocirca
825 3485 985 3549 universis
1010 3503 1044 3546 oc
1064 3484 1198 3561 singulis
1220 3483 1263 3545 di-

518 3584 644 3641 ctorum
666 3579 811 3641 coenobii
834 3585 866 3641 et
887 3579 1016 3656 collegii
1030 3576 1261 3656 superioribus,

519 3679 551 3734 et
571 3673 731 3744 fratribus,
755 3673 888 3750 aliisque
916 3673 954 3734 ad
983 3687 1062 3748 qnos
1089 3677 1209 3750 spectat
1231 3686 1264 3730 ac

518 3765 761 3842 quomodolibet
774 3764 938 3844 spectabit,
955 3765 989 3827 in
1003 3765 1125 3826 virtute
1140 3769 1264 3826 sanctae

494 3899 505 3928 .
519 3858 718 3920 obedientiae
730 3859 942 3937 praecipimus
957 3865 1052 3934 alque
1065 3858 1261 3928 mandamus,

519 3959 554 4012 ut
566 3959 597 4013 te
608 3952 806 4027 visitatorem
819 3952 1027 4030 apostolicum
1040 3967 1097 4029 per
1109 3967 1165 4012 uos
1178 3951 1265 4011 iuxta

519 4051 667 4106 tenorem
690 4046 906 4123 praesentium
929 4046 1068 4107 electum
1090 4051 1122 4105 et
1149 4044 1265 4105 consti-

519 4143 625 4199 tutum
656 4138 743 4199 omui
771 4153 844 4199 cnm
874 4138 1056 4199 reverentia
1088 4138 1261 4215 excipiant,

521 4229 642 4306 tibique
664 4236 804 4308 pareant,
827 4229 955 4290 faveant
975 4237 1007 4291 et
1028 4230 1182 4290 assistant.

289 4325 501 4424 ti³a⁰r¹ffiiir⁰⁰⁰⁰'
539 4373 542 4382 .
560 4325 578 4399 5
600 4324 629 4384 3.
643 4322 714 4385 Non
729 4323 925 4384 obstantibus
940 4323 1219 4384 constitutionibus
1235 4329 1266 4383 et

430 4413 434 4422 '
519 4417 734 4480 sanctionibus
749 4417 936 4494 apostolicis,
952 4431 1010 4477 nec
1025 4431 1090 4485 non
1105 4415 1265 4478 dictorum

520 4510 667 4572 coenobii
682 4515 714 4572 et
728 4509 857 4585 collegii
872 4509 967 4570 etiam
982 4509 1175 4580 iuramento,
1194 4525 1267 4570 con·

521 4603 703 4666 firmatione
724 4601 905 4681 apostolica,
922 4601 975 4662 vel
990 4601 1100 4678 quavis
1116 4602 1267 4664 firmitate

521 4695 579 4756 alia
600 4695 763 4757 roboratis
776 4694 900 4756 statutis
924 4701 956 4756 et
970 4693 1265 4765 corisuetudiuibus,

521 4788 720 4864 caeterisque
741 4787 908 4850 centrariis
930 4787 1198 4865 quibuscumque.

560 4881 674 4942 Datum
701 4880 819 4942 Romae
847 4880 929 4957 apud
959 4878 990 4940 S.
1015 4879 1145 4942 Mariam
1175 4879 1268 4940 Maio-

523 4990 593 5036 rem
613 4973 672 5034 sub
695 4971 813 5035 annulo
843 4971 1017 5043 Piscatoris,
1043 4972 1094 5034 die
1115 4987 1192 5033 xxx.
1216 4988 1268 5034 au-

525 5067 610 5144 gusti
626 5081 837 5136 uncocxxxr,
852 5065 1168 5142 pontificatusuostri
1180 5081 1229 5126 an.
1244 5082 1266 5125 1.

769 5315 1021 5328 ——un—u—

866 5532 930 5594 llll.

525 5724 700 5804 Priciteqtc
721 5741 869 5788 coracesso
889 5724 1055 5786 sodalitati
1078 5722 1188 5786 Soracti
1211 5723 1270 5783 Do-

564 5818 675 5879 rotrtict
706 5818 847 5880 ciuitatis
875 5817 1035 5878 thttirris
1056 5816 1207 5878 larraorii
1235 5816 1269 5876 in

565 5911 727 5975 Brasitioo
747 5928 844 5992 ropac
867 5911 1044 5994 confir-tuot.

1027 563 1093 610 lun.
1116 565 1208 614 PONT.
1232 569 1273 614 ut:
1295 569 1324 614 P.
1348 569 1378 615 F.
1402 569 1485 616 PARS
1507 570 1529 614 1.

1486 736 1702 805 ubidollllts
1726 737 1786 804 ΡΡ.
1811 737 1883 803 xvt.

1432 870 1468 938 ad
1492 877 1663 954 perpetuam
1687 872 1730 936 rei
1755 871 1936 937 memoriam.

1351 1063 1369 1137 ς
1392 1061 1418 1122 l.
1444 1060 1573 1123 Piorum
1595 1061 1765 1124 hominum
1780 1061 1946 1123 societates
1961 1059 1999 1121 ad
2013 1059 2058 1122 fo·
2105 1069 2293 1115 rrooemrum.

1311 1155 1454 1216 rendum
1487 1153 1542 1216 Dei
1572 1154 1773 1231 obsequium,
1803 1154 1841 1216 ad
1870 1153 2059 1216 christianae

1312 1246 1473 1308 charitatis
1496 1261 1592 1324 opera
1620 1248 1799 1310 exercenda
1828 1246 1963 1326 provido
1985 1263 2059 1309 cou-

1311 1339 1383 1400 silio
1404 1340 1575 1412 institutas,
1600 1341 1709 1416 gratiis
1731 1347 1763 1402 et
1783 1339 1915 1402 indultis
1943 1339 2059 1416 quibus

1313 1448 1480 1512 possumus
1501 1432 1701 1511 amplissimis
1734 1432 1873 1494 libenter
1895 1432 2059 1510 prosequi-

1314 1541 1398 1598 mur,
1423 1532 1519 1604 prout
1540 1541 1651 1587 rerum
1674 1543 1708 1588 ac
1730 1532 1914 1604 temporum
1935 1525 2059 1587 rationo

1315 1634 1470 1697 perpensa
1484 1620 1695 1698 conspicimus
1711 1635 1768 1699 pro
1785 1620 1906 1681 maiore
1921 1619 1977 1681 Dei
1993 1619 2059 1696 glo-

1315 1711 1361 1772 ria
1381 1712 1552 1774 salubriter
1575 1712 1738 1790 expedire.

1355 1806 1373 1880 ἓ
1394 1805 1423 1868 2.
1448 1806 1567 1882 ltaque,
1585 1821 1685 1884 quum
1700 1805 1732 1868 iu
1751 1807 1832 1868 urbe
1847 1806 2002 1868 Fluminis
2016 1804 2059 1867 la·
2096 1815 2225 1871 Exnositio
2244 1825 2310 1871 pre-

1316 1899 1430 1970 uuarii,
1447 1915 1528 1976 quae
1542 1899 1692 1962 Brasiliae
1707 1905 1810 1978 caput,
1824 1899 1970 1962 sodalitas
1985 1898 2060 1960 San·
2078 1878 2143 1914 Μ’

1316 1992 1357 2052 cti
1378 1993 1534 2055 Dominici
1561 1993 1847 2074 (quomadmodum
1879 1995 2060 2071 expositum

1317 2084 1377 2164 cst)
1391 2086 1424 2165 in
1438 2103 1493 2146 sua
1509 2087 1641 2148 ecclesia
1656 2087 1717 2148 rite
1734 2087 1831 2148 fuerit
1847 2093 1963 2158 erecta,
1978 2087 2060 2148 eius-

1317 2193 1379 2254 que
1400 2179 1522 2240 sodales
1544 2179 1639 2240 enixe
1660 2179 1798 2256 cupiant,
1819 2186 1855 2240 ut
1870 2179 1980 2241 eadem
1996 2179 2061 2257 ipsa

1317 2272 1412 2332 tertio
1436 2271 1541 2333 ordini
1563 2271 1668 2334 Sancti
1683 2272 1838 2334 Dominici
1853 2272 2059 2343 adscribatur,

1316 2370 1411 2440 atque
1433 2365 1565 2426 huiusce
1588 2366 1708 2427 ordinis
1725 2365 1902 2444 privilegiis
1918 2365 2061 2444 perfrua-

1317 2464 1380 2530 tnr,
1404 2458 1548 2535 itemque
1571 2460 1718 2522 facultate
1740 2460 1916 2521 instruatur
1934 2461 2062 2522 sanctis-

1316 2551 1433 2612 sirnnm
1456 2552 1673 2614 Eucharistiae
1697 2558 1932 2614 sacramentum
1955 2553 1988 2613 in
2010 2569 2061 2614 eo-

1317 2660 1390 2704 rnm
1412 2644 1544 2706 ecclesia
1558 2651 1714 2722 perpetuo
1730 2645 1922 2715 asservandi,
1940 2663 1974 2708 ac
1989 2647 2062 2707 mis-

1315 2753 1362 2796 sas
1386 2735 1491 2798 Sancti
1512 2738 1679 2809 Dominici,
1697 2739 1792 2799 etiam
1813 2739 1838 2799 si
1861 2740 1928 2801 eius
1944 2740 2061 2801 festum

1318 2828 1349 2889 in
1377 2829 1475 2891 alium
1502 2830 1587 2890 diem
1615 2829 1834 2902 transferatur,
1860 2832 2057 2894 celebrandi:
2119 2889 2126 2902 ,

1317 2922 1503 3000 suppliciter
1526 2941 1541 2983 a
1563 2923 1653 2985 nobis
1675 2924 1849 3001 petierunt,
1871 2931 1907 2984 ut
1928 2925 2013 2987 bisce
2028 2926 2061 2987 in

1318 3015 1413 3077 rebus
1428 3017 1630 3094 apostolicam
1646 3025 1786 3079 nostram
1810 3034 1903 3096 opem
1922 3019 2062 3080 veniam.-

1319 3122 1381 3183 quc
1403 3108 1513 3185 largiri
1533 3110 1681 3172 velimus.

1357 3202 1426 3278 53.
1450 3203 1513 3265 Nos
1534 3204 1633 3280 igitur
1666 3219 1779 3266 corum
1813 3205 1894 3265 votis
1922 3205 2062 3283 benigne
2096 3225 2302 3284 ⁸rossemannas-

1319 3303 1508 3368 annuentes,
1539 3303 1633 3374 atque
1655 3298 1691 3358 ad
1722 3296 1815 3358 buius
1842 3299 1941 3360 sancti
1970 3300 2064 3376 patri·
2081 3286 2169 3321 ⁸¹⁰⁰¹⁵·

1319 3390 1432 3451 archae
1453 3391 1591 3462 cultum,
1622 3389 1669 3450 uti
1698 3390 1766 3452 eius
1794 3407 1899 3452 sacrae
1927 3392 2063 3455 familiae

1320 3485 1441 3545 alumni
1467 3484 1657 3555 desiderant,
1683 3485 1782 3561 magis
1805 3486 1970 3562 magisque
1993 3503 2064 3565 prc-

1320 3579 1529 3650 movendnm,
1548 3584 1690 3640 oratores
1712 3579 1853 3655 aliosque
1870 3595 1980 3641 omues
1997 3583 2064 3657 qui·

1320 3672 1379 3732 bus
1411 3672 1469 3732 bac
1501 3671 1612 3732 literae
1646 3671 1763 3743 favent,
1788 3689 1804 3732 a
1825 3673 1989 3748 quibusvis
2012 3691 2065 3736 ex-

1320 3765 1617 3827 communicationis
1633 3771 1666 3826 et
1679 3765 1851 3836 interdicti,
1870 3765 2001 3843 aliisque
2017 3784 2065 3828 ec·

1321 3859 1499 3921 clesiasticis
1528 3858 1680 3930 censuris,
1707 3859 1874 3920 sententiis
1903 3867 1934 3920 et
1956 3860 2065 3937 poeuis

1321 3954 1434 4030 quovis
1450 3953 1545 4014 modo
1562 3958 1594 4014 et
1609 3966 1810 4028 quacumque
1826 3953 1864 4014 de
1880 3969 1969 4015 causa
1984 3953 2064 4026 latis,

1320 4049 1346 4108 si
1369 4063 1445 4124 quas
1466 4047 1550 4108 forte
1578 4044 1785 4118 incurrerint,
1818 4045 1912 4107 buius
1942 4053 2065 4109 tantum

1322 4142 1369 4203 rei
1399 4141 1498 4216 gratia
1523 4137 1725 4200 absolventes
1755 4145 1788 4200 et
1815 4139 1975 4201 absolutos
1998 4139 2067 4202 fore

1322 4239 1500 4303 censentes
1518 4231 1650 4292 arbitrio
1665 4231 1857 4292 venerabilis
1873 4230 1978 4293 fratris
1996 4229 2067 4310 Epi-

1321 4325 1407 4403 scopi
1437 4325 1468 4386 S.
1494 4323 1668 4385 Sebastlaui
1691 4330 1722 4384 et
1749 4322 1904 4384 Fluminis
1932 4325 2068 4386 ianuarii

1323 4418 1552 4480 committimus
1575 4423 1607 4478 et
1634 4417 1831 4488 mandamus,
1854 4424 1900 4490 ut,
1924 4418 1950 4478 si
1971 4419 2014 4480 ita
2034 4436 2068 4480 se

1323 4529 1373 4574 res
1396 4513 1514 4573 habent
1535 4519 1632 4590 prout
1647 4510 1819 4588 expositae,
1836 4528 1870 4572 ac
1884 4513 2017 4574 servatis
2032 4513 2068 4574 iis

1324 4621 1404 4684 quae
1425 4604 1548 4667 servari
1571 4620 1648 4682 opus
1671 4610 1727 4676 est,
1752 4605 1940 4666 anctoritate
1962 4612 2069 4668 nostra

1323 4699 1491 4777 apostolica
1512 4697 1658 4759 sodalitas
1675 4695 1780 4758 Sancti
1796 4697 1953 4758 Dominici
1967 4697 2000 4759 iu
2014 4715 2067 4760 sua

1325 4793 1455 4856 ecclesia
1470 4791 1559 4853 istius
1573 4791 1662 4851 urbis
1678 4789 1834 4850 Fluminis
1850 4789 1985 4852 Ianuarii
2001 4807 2069 4852 ere-

1325 4895 1372 4950 cta
1387 4887 1424 4949 ad
1437 4885 1637 4947 sodalitatem
1652 4882 1739 4944 tertii
1756 4883 1874 4944 ordinis
1891 4882 1996 4945 Sancti
2012 4885 2070 4946 Do-

1325 4982 1433 5043 minici
1449 4979 1615 5048 evehatur,
1631 4978 1765 5052 eiusque
1780 4965 1988 5053 indulgentiis
2001 4984 2070 5038 tum

1326 5074 1476 5153 plenariis
1498 5079 1568 5132 tum
1590 5069 1785 5148 partialibus,
1810 5070 1997 5146 privilegiis,
2015 5071 2071 5131 bo-

1325 5167 1469 5237 noribus
1484 5163 1615 5226 indultis
1630 5177 1835 5238 quecumque
1848 5164 1978 5223 nonrine
1991 5177 2071 5223 nnn-

1326 5259 1476 5338 cupandis
1499 5256 1631 5319 omnino
1647 5255 1842 5334 perfruatur.
1860 5254 2071 5317 Concedimus

1326 5353 1442 5416 derude
1463 5357 1557 5427 atque
1589 5348 1807 5424 indulgemus
1830 5355 1867 5410 ιιι
1888 5348 2072 5409 moderator

1326 5446 1498 5525 spiritualis
1527 5444 1670 5505 eiusdem
1699 5441 1871 5504 sodalitatis
1904 5440 2072 5518 presbyter

1325 5538 1495 5602 saecularis
1517 5553 1584 5598 esse
1603 5537 1711 5615 possit,
1730 5536 1767 5597 ab
1782 5535 1936 5612 Episcopo
1952 5531 2072 5594 confes-

1325 5633 1467 5694 sionibus
1496 5630 1753 5694 christifidelium
1781 5627 1950 5703 utriusque
1978 5641 2073 5686 sexus

1327 5723 1520 5802 excipiendis
1543 5722 1752 5799 approbatus;
1776 5718 1826 5778 cui
1848 5717 1979 5792 quidem
2003 5733 2072 5795 pre-

1325 5818 1456 5895 sbytero
1479 5816 1541 5877 erit
1562 5821 1668 5876 vestes
1690 5819 1721 5873 et
1741 5809 1914 5888 scapularia
1943 5809 2073 5871 benedi-

1326 5928 1410 5983 cere,
1435 5925 1536 5987 eaque
1559 5909 1737 5986 imponere,
1762 5903 1974 5983 professiones
1991 5902 2072 5965 exci-
