4822 6986
958 577 1133 625 cnacoarus
1155 577 1205 624 nr.
1230 576 1295 626 xta.
1826 565 1884 628 399

351 708 385 754 se
409 693 498 770 alent,
516 705 569 761 ant
590 699 675 760 aliud
691 699 814 769 faciant,
832 714 927 776 quam
944 698 1028 776 quod
1046 697 1103 757 bn-

353 787 492 854 iusmodi
505 793 686 854 institutum
697 793 846 871 postulat.
857 791 1006 869 Assignct
1015 808 1103 869 prac-

354 892 442 946 terea
464 902 565 947 uariam
589 903 628 948 ex
652 887 858 958 ritonasterio,
876 887 930 963 qui
951 886 1114 964 tempori-¹

355 979 414 1041 bns
426 981 491 1042 suis
503 980 638 1050 victum,
654 988 776 1059 potum,
787 981 940 1042 vestitum
953 988 985 1042 et
997 981 1103 1042 omnia

355 1075 530 1136 neccssaria
552 1074 682 1136 inclusis
696 1075 763 1136 sive
784 1074 927 1136 eremitis
948 1074 1102 1136 submini-

354 1175 446 1228 stret.

395 1279 437 1322 av.
462 1261 569 1324 Semel
592 1263 625 1324 in
646 1280 729 1325 anno
751 1264 934 1342 perdecem
957 1270 1011 1324 aut
1033 1269 1103 1326 octo

355 1356 423 1417 dies
452 1362 605 1418 tenentur
634 1358 781 1419 monachi
809 1374 920 1420 omnes
946 1358 979 1418 in
1008 1358 1103 1420 cellas

355 1467 427 1512 suas
449 1469 465 1510 a
487 1451 652 1512 communi
674 1452 810 1514 aliorum
834 1453 996 1514 consortio
1018 1469 1104 1514 sece-

356 1545 444 1614 dere,
469 1551 501 1604 et
520 1545 739 1622 spiritualibus
755 1545 1037 1608 exercitationibus
1053 1563 1103 1607 va-

355 1654 443 1698 care:
467 1638 565 1715 idque
587 1639 655 1700 sive
668 1646 741 1700 ante
756 1639 961 1701 Nativitatem
977 1641 1103 1702 Domini

355 1732 424 1792 sive
436 1737 508 1793 ante
522 1733 713 1794 dominicam
730 1733 921 1796 Palmarum.
936 1735 1106 1797 Provideat

355 1831 464 1886 autem
479 1825 585 1891 abbas,
602 1833 639 1888 ut
653 1843 797 1888 secessus
819 1827 1003 1890 huiusmodi
1019 1830 1105 1892 inter

356 1919 529 1979 naonacbos
551 1919 594 1981 sic
618 1921 839 1993 distribuatur,
853 1929 889 1984 ut
911 1923 1037 1984 nullum
1059 1924 1105 1984 vi-

357 2019 405 2072 tae
428 2014 592 2076 conrrnuni
621 2022 675 2076 aaut
703 2017 888 2077 necessariis
918 2017 1105 2079 monasterii

357 2106 543 2168 uainisteriis
565 2098 796 2170 detrimentum
821 2109 988 2172 inferatur.

457 2295 537 2357 Gan.
562 2295 642 2359 xlv.
666 2330 703 2343 -
727 2297 771 2359 De
792 2296 996 2362 maritalibus.

120 2490 340 2600 vuramsssslffsnlffll
398 2503 419 2546 1.
445 2484 629 2546 llonialium
660 2503 768 2548 curam
795 2485 879 2550 Ordo
909 2496 1018 2550 noster
1041 2503 1106 2549 non

122 2601 210 2642 ianm
238 2611 339 2648 enain·
358 2579 518 2656 suscipiat,
539 2580 600 2640 nisi
615 2579 654 2642 de
670 2597 827 2642 consensu
843 2581 1105 2644 reverendissimi

123 2652 182 2695 lem.

358 2674 480 2735 domini
502 2674 700 2738 Patriarcltae
716 2682 748 2737 et
766 2677 911 2755 Episcopi
927 2678 1107 2740 dioecesani

359 2768 389 2828 in
402 2768 528 2845 scriptis
541 2768 699 2844 babendo;
713 2786 817 2847 eoque
829 2771 948 2842 babito,
959 2772 1107 2848 regimen

358 2877 469 2922 earum
492 2863 529 2924 ad
551 2863 696 2924 abbatem
715 2863 900 2940 generalem
922 2865 1106 2928 immediate

358 2956 548 3032 pertinebit,
572 2957 627 3032 qui
649 2955 686 3018 ad
707 2957 834 3018 illarum
863 2965 934 3035 post
955 2975 1107 3021 reveren-

358 3049 522 3110 dissimum
535 3050 702 3111 dominum
714 3050 925 3112 Patriarcbam
939 3059 971 3114 et
983 3051 1108 3130 Episco-

357 3157 434 3218 pum
456 3143 600 3204 visitator
631 3143 812 3205 ordinarius
841 3147 913 3217 erit,
937 3153 969 3206 et
992 3147 1107 3222 guber-

358 3241 449 3296 nator
473 3242 503 3298 et
519 3236 676 3313 director3
701 3243 733 3298 et
751 3239 787 3298 ad
805 3254 879 3300 eum
895 3239 1049 3318 spectabit
1063 3241 1108 3302 eis

358 3328 531 3404 providere
560 3331 600 3392 de
628 3331 770 3408 patribus
798 3332 1017 3409 spiritualibus
1049 3349 1106 3394 seu

358 3422 575 3495 confessariis,
601 3431 663 3484 tam
687 3425 855 3486 ordinariis
886 3441 981 3503 quam
1004 3433 1107 3488 extra·

358 3515 545 3590 ordinariis3
572 3517 697 3595 etipse
725 3518 819 3579 etiam
849 3519 967 3596 poterit
995 3535 1106 3580 earnm

357 3607 576 3672 confessiones
599 3626 656 3688 per
678 3628 712 3673 se
734 3611 840 3689 ipsum
858 3611 979 3684 audire,
1004 3612 1030 3672 si
1052 3627 1107 3676 vo-

358 3701 465 3772 luerit,
481 3709 512 3762 et
525 3703 722 3765 visitatorem
738 3705 877 3781 aliquem
891 3705 1107 3768 exmonachis

358 3801 487 3857 nostrae
502 3797 760 3874 congregationis
781 3797 990 3870 substituere,
1008 3799 1034 3860 si
1049 3799 1107 3860 im-

359 3889 485 3965 peditus
507 3889 617 3952 fuerit.

397 4000 432 4044 ιι.
458 3981 490 4045 Si
506 3984 597 4062 plura
609 3985 731 4047 fuerint
746 3987 934 4048 monialium
950 3995 1107 4050 mormste·

358 4077 414 4148 ria,
439 4078 561 4139 nullam
576 4079 614 4140 ab
630 4079 768 4141 invicem
792 4081 1039 4158 dependentium
1055 4082 1107 4142 ha-

359 4169 491 4244 bebunt,
506 4188 565 4234 nec
576 4172 672 4235 nnius
688 4173 842 4235 abbatissa
854 4174 946 4236 alteri
961 4190 1109 4268 praeesse

358 4264 487 4340 poterit,
505 4266 559 4327 sed
581 4267 837 4344 unumquodque
853 4284 869 4328 a
884 4270 940 4329 sual
955 4268 1107 4330 abbatisse

359 4357 1108 4439 administrabitur,etomnibnsabbatissisprae-

359 4450 421 4510 erit
442 4451 536 4512 abbas
560 4453 730 4528 generalis,
747 4454 895 4516 utmodo
911 4455 1105 4517 dictumest.

359 4542 515 4604 Poterant
539 4549 644 4606 minen
673 4546 828 4608 moniales
851 4563 890 4608 ex
913 4564 977 4622 uno
1000 4563 1109 4608 mona-

358 4637 457 4697 sterio
479 4638 512 4698 in
527 4638 612 4700 aliud
636 4639 675 4700 ob
690 4646 863 4717 urgentem
887 4641 1107 4702 necessitatem

361 4730 538 4804 transferri,
562 4733 658 4795 modo
681 4735 760 4796 adsit
775 4751 950 4797 consensus
972 4735 1107 4796 duarum

358 4825 472 4887 saltem
494 4827 632 4904 partium
656 4829 842 4890 monialium
855 4831 892 4891 arl
915 4843 993 4906 quas
1011 4836 1109 4892 trans-

360 4917 474 4992 fertur,
499 4927 530 4981 et
551 4920 698 5000 Episcopi
720 4923 806 4984 illius
829 4923 900 4985 loci.

399 5029 447 5074 ru.
472 5012 564 5076 Nulla
593 5015 686 5092 virgo
708 5033 724 5077 a
746 5017 931 5094 parentibus
957 5025 1011 5079 aut
1039 5019 1108 5079 aliis

360 5113 464 5169 coacta
486 5107 538 5169 vel
561 5109 690 5170 seducta
713 5110 885 5188 recipiatur
896 5111 929 5172 in
953 5119 1109 5174 monaste-

360 5200 419 5272 rio,
444 5201 596 5278 nullaque
619 5202 727 5264 babitu
748 5203 935 5265 monialium
957 5204 1109 5266 induatur

360 5295 480 5372 absque
502 5295 629 5357 licentia
657 5297 776 5358 abbatis
799 5299 970 5374 generalis,
995 5305 1027 5360 et
1048 5299 1108 5360 nisi

361 5405 400 5449 ex
423 5405 580 5450 consensu
602 5405 660 5452 seu
676 5391 836 5468 suffragiis
858 5393 1026 5472 plusquam
1043 5409 1109 5454 me·

362 5482 486 5544 dietatis
502 5484 702 5548 monialium.
719 5485 838 5548 Habeat
853 5494 958 5549 antem
976 5505 1026 5550 eas
1043 5503 1110 5550 om-

362 5591 418 5638 nes
434 5578 612 5655 respective
625 5581 823 5641 coraditiones
839 5595 920 5657 quae
935 5582 967 5642 in
980 5581 1109 5644 novitiis

362 5671 526 5732 aionachis
548 5671 635 5733 iuxta
654 5672 897 5734 constitutiones
920 5680 1044 5736 nostras
1060 5691 1109 5736 rc-

362 5763 548 5840 quiruntur.
580 5765 691 5843 Sitque
719 5767 881 5830 sexdecim
911 5784 1010 5829 annos
1039 5776 1109 5830 nata

361 5874 435 5920 cum
457 5859 648 5922 novitiatum
670 5859 790 5937 incipit,
805 5875 911 5938 neque
926 5877 1045 5923 annum
1060 5877 1110 5923 ae·

362 5954 434 6016 tatis
468 5955 748 6032 quadragesimum
781 5956 930 6032 quintum
967 5957 1107 6018 excedat.

1157 697 1304 758 Profiteri
1327 705 1433 760 autem
1456 717 1520 762 vion
1534 702 1652 778 poterit
1673 710 1744 764 ante
1767 705 1906 782 cornple-

1160 797 1227 852 tum
1245 793 1409 856 biennium
1428 796 1610 857 novitiatus.
1636 797 1667 856 Si
1683 813 1744 874 qaut
1760 813 1838 859 vero
1850 817 1905 860 no-

1157 885 1232 948 vitia
1254 886 1285 946 in
1308 893 1410 949 aetate
1433 888 1575 964 legitima
1597 893 1778 962 coristituta,
1796 894 1906 970 proba-

1160 980 1252 1042 tionis
1281 997 1364 1044 anno
1393 983 1536 1045 nondum
1570 985 1715 1063 expleto,
1748 988 1787 1050 ob
1819 989 1906 1050 infar-

1158 1074 1300 1136 mitatem
1324 1077 1361 1137 ab
1384 1076 1444 1138 boc
1472 1079 1599 1140 saeculo
1625 1080 1817 1157 migratura,
1849 1101 1906 1160 pro

1157 1169 1375 1232 consolatione
1390 1171 1513 1234 animae
1528 1189 1604 1234 suae
1627 1175 1662 1236 ad
1680 1175 1822 1236 habitum
1836 1193 1907 1255 pro-

1158 1263 1314 1324 fessarum
1327 1264 1451 1326 admitti
1473 1265 1715 1340 desideraverit,
1733 1285 1838 1331 coram
1855 1273 1906 1334 ab·

1159 1357 1272 1418 batissn
1294 1358 1539 1420 et'monialibus
1565 1361 1603 1422 ab
1625 1361 1736 1424 abbate
1765 1366 1906 1441 generali

1158 1451 1211 1512 vel
1234 1467 1273 1511 ex
1296 1451 1364 1512 eius
1387 1453 1612 1516 cornmissione
1625 1457 1662 1516 ab
1677 1457 1784 1534 aliquo
1806 1476 1907 1520 sacer-

1159 1545 1233 1606 dote
1248 1545 1405 1608 monaclao
1420 1547 1543 1608 atlrnitti
1566 1551 1684 1625 poterit
1698 1551 1734 1612 ad
1752 1553 1908 1629 probatio-

1159 1655 1234 1700 nem
1258 1640 1443 1704 faciendam.

1200 1749 1241 1793 rv.
1267 1733 1337 1795 Non
1350 1735 1606 1816 nanltiplicentur
1621 1740 1761 1802 novitiae
1776 1743 1826 1804 vel
1842 1759 1908 1804 mo-

1160 1826 1259 1888 niales
1288 1827 1372 1888 ultra
1400 1845 1571 1892 nnmerum
1603 1849 1732 1906 aarum,
1765 1851 1845 1910 aptiae
1868 1853 1907 1896 ex

1160 1919 1337 1982 redditibus
1351 1924 1487 2000 propriis
1500 1928 1702 1988 monasteriis
1718 1927 1769 1990 vel
1784 1945 1823 1989 ex
1836 1947 1908 1992 con-

1160 2013 1259 2075 suetis
1281 2015 1497 2095 eleemosynis
1513 2021 1681 2082 commode
1703 2024 1826 2099 possint
1840 2039 1908 2083 sns-

1163 2107 1288 2168 tentari.
1312 2105 1398 2169 Nibil
1420 2125 1499 2171 vero
1515 2127 1573 2189 pro
1590 2129 1700 2174 earum
1723 2115 1908 2192 receptione

1160 2202 1192 2262 in
1215 2203 1371 2264 novitiatu
1394 2203 1447 2265 vel
1470 2205 1669 2282 professione
1684 2209 1908 2270 amonasterio

1161 2296 1319 2373 exigatur,
1344 2307 1478 2376 excepto
1499 2301 1617 2362 vestitu
1641 2302 1853 2378 novitiarum3
1878 2310 1910 2364 et

1162 2391 1907 2464 quandovestiendaeeruntlaabitunovitiarum

1161 2483 1214 2544 vel
1237 2483 1345 2545 habitu
1368 2485 1597 2562 professarum,
1615 2487 1645 2550 id
1662 2489 1715 2550 frat
1730 2491 1761 2550 in
1777 2490 1909 2551 ecclesia

1162 2578 1347 2640 monasterii
1369 2595 1476 2640 coram
1498 2580 1649 2642 abbatissa
1665 2589 1696 2644 et
1718 2583 1910 2646 monialibus

1162 2673 1353 2734 inmanibus
1369 2673 1488 2736 abbatis
1505 2676 1675 2751 generalis,
1693 2677 1822 2755 praevio
1838 2695 1910 2740 con-

1162 2783 1257 2828 sensu
1273 2766 1431 2846 Episcopi,
1445 2768 1498 2829 vel
1513 2769 1546 2829 in
1562 2769 1709 2832 manibus
1724 2771 1823 2849 ipsius
1838 2771 1910 2850 Epi·

1162 2859 1259 2936 scopi,
1284 2860 1406 2920 monito
1429 2859 1517 2937 prius
1539 2861 1650 2922 abbate
1674 2863 1828 2938 generali.

1202 2970 1231 3013 v.
1256 2951 1373 3014 Veluan
1406 2955 1652 3016 consecrationis
1685 2956 1766 3018 nulli
1791 2957 1910 3018 monia-

1163 3045 1242 3106 lium
1265 3045 1371 3118 detnr,
1396 3046 1456 3107 nisi
1478 3047 1515 3107 ab
1538 3046 1704 3126 Episcopo,
1729 3049 1826 3125 idque
1848 3052 1911 3110 vir-

1164 3138 1291 3215 ginibus
1313 3139 1444 3215 quidem
1467 3157 1550 3202 anno
1572 3141 1681 3202 aetatis
1708 3143 1911 3220 quadragesi-

1163 3247 1227 3293 mo.
1251 3231 1363 3294 Viduis
1385 3247 1475 3305 vero,
1500 3251 1583 3295 anno
1608 3236 1828 3312 sexagesin103
1853 3253 1911 3298 noc

1163 3325 1223 3386 nisi
1247 3325 1383 3402 expletis
1411 3327 1524 3388 saltem
1554 3328 1698 3406 quinque
1728 3330 1817 3391 annis
1841 3337 1912 3408 post

1163 3420 1312 3480 emissam
1329 3419 1574 3497 professionem.
1600 3421 1650 3484 Sic
1665 3428 1771 3484 antem
1788 3423 1910 3484 velatae

1161 3513 1295 3590 reliquis
1324 3529 1387 3574 non
1421 3513 1551 3584 velatis,
1584 3517 1714 3593 exceptat
1743 3516 1908 3590 abbatissa,

1163 3607 1353 3684 praecedant
1375 3612 1406 3667 et
1428 3606 1491 3667 veli
1514 3607 1616 3668 formal
1639 3609 1888 3686 distinguantur.

1203 3717 1244 3760 vx.
1268 3699 1301 3761 ln
1325 3700 1482 3762 electione
1504 3700 1676 3764 abbatissae
1699 3703 1910 3780 omniumque
1947 3729 1979 3770 na
1996 3725 2143 3788 artrtanssae

1163 3795 1356 3868 officialium,
1375 3794 1529 3856 moniales
1545 3795 1718 3873 professae,
1733 3812 1814 3873 quae
1830 3797 1909 3859 duos
1928 3780 2060 3824 ⁰¹⁹⁰¹¹⁰¹¹⁹·

1162 3888 1306 3966 integros
1329 3895 1400 3966 post
1421 3888 1654 3966 professionem
1677 3907 1776 3953 anxios
1795 3891 1828 3952 in
1844 3908 1911 3953 mo·

1163 3981 1302 4043 nasterio
1325 3987 1481 4058 egerunt,
1506 3982 1656 4060 suffragia
1677 3984 1782 4046 ferant
1804 4001 1909 4046 coram

1162 4075 1273 4137 abbate
1296 4074 1439 4151 generali
1454 4075 1506 4137 vel
1529 4077 1597 4138 eius
1619 4077 1793 4140 substituto
1815 4085 1911 4141 etco-

1162 4185 1230 4230 ram
1253 4185 1291 4230 eo
1313 4169 1364 4231 cui
1386 4169 1425 4230 de
1446 4169 1518 4231 iure
1547 4171 1711 4248 competit.
1742 4171 1782 4234 Et
1807 4175 1909 4248 quoad

1162 4269 1298 4325 aetatem
1320 4263 1498 4339 eligendae,
1515 4273 1665 4325 servetur
1687 4265 1849 4343 dispositio
1865 4267 1911 4327 iu,-

1162 4359 1206 4418 ris
1229 4358 1386 4420 canonici:
1413 4373 1514 4434 eaque
1536 4358 1632 4420 debet
1651 4375 1731 4431 esse,
1756 4375 1837 4436 quae
1858 4377 1911 4421 an—

1163 4468 1220 4513 nos
1242 4452 1355 4512 saltem
1367 4451 1515 4528 'quinque
1538 4459 1610 4529 post
1625 4452 1774 4514 emissam
1791 4452 1911 4530 profes-

1163 4545 1287 4606 sionem
1303 4547 1335 4606 in
1351 4545 1548 4608 monasterio
1564 4545 1765 4608 laudabiliter
1780 4547 1908 4608 vixerit.

1163 4639 1316 4716 Reliquae
1343 4655 1419 4700 vero
1449 4638 1608 4712 officiales,
1634 4646 1705 4718 post
1726 4647 1872 4702 exactum
1895 4659 1910 4702 a

1163 4732 1364 4812 professione
1377 4733 1554 4805 biennium,
1570 4734 1715 4796 omnium
1733 4735 1909 4796 officiorum

1163 4841 1290 4905 capaces
1310 4833 1397 4887 sunt.

1204 4937 1259 4982 vn.
1284 4919 1377 4982 Nulla
1405 4921 1560 4982 abbatissa
1581 4921 1633 4982 vel
1656 4923 1796 4984 officialis
1827 4924 1911 4985 ultra
1995 4939 2143 5002 ¹anianum

1163 5013 1340 5076 triennium
1363 5014 1395 5074 in
1421 5015 1532 5076 eadem
1555 5014 1709 5091 dignitate
1734 5015 1786 5077 vel
1809 5017 1911 5078 officio
1932 4995 2143 5092 ἶῖἶῖἷῖἶῖῧΙωῖἱῇρὶἷῗ

1163 5123 1295 5170 manere
1319 5113 1496 5185 potestant
1524 5108 1719 5180 confirmari,
1744 5109 1803 5170 nisi
1826 5128 1841 5170 a
1867 5110 1911 5170 di·
1930 5101 2011 5198 «¹233.
2027 5112 2077 5144 '¹⁰¹¹
2104 5111 2144 5144 aa·

1166 5202 1286 5278 gnitate
1301 5202 1354 5262 vel
1370 5201 1472 5264 officio
1485 5217 1542 5279 per
1552 5201 1717 5278 integrum
1735 5202 1910 5264 triennium

1163 5297 1334 5369 vacaverit,
1353 5296 1413 5357 nisi
1429 5295 1599 5357 necessitas
1615 5296 1652 5357 ad
1668 5296 1838 5373 petendam
1851 5297 1912 5358 dis-

1164 5391 1384 5469 pensationem
1400 5408 1416 5451 a
1431 5389 1704 5451 reverendissimo
1717 5390 1847 5451 domino
1860 5391 1912 5451 Pa-

1165 5485 1300 5546 triarclaa
1323 5484 1481 5562 coegerit:
1508 5483 1660 5560 nullaque
1682 5483 1829 5546 monialis
1844 5500 1912 5545 suc-

1164 5579 1279 5641 cedere
1302 5578 1420 5656 poterit
1441 5578 1473 5640 in
1496 5577 1610 5638 eodem
1627 5578 1728 5639 officio
1751 5577 1842 5638 alteri
1864 5594 1913 5640 so-

1164 5673 1230 5734 rori
1254 5687 1435 5748 germanae,
1454 5672 1613 5753 nequein
1636 5670 1846 5733 electionibus
1869 5669 1913 5732 ol-

1164 5765 1327 5836 frcialium‚
1342 5773 1468 5842 praeter
1491 5765 1567 5826 duas
1589 5781 1727 5837 sorores,
1753 5765 1845 5826 tertia
1860 5766 1912 5826 vel

1165 5867 1276 5938 quarta
1298 5859 1488 5936 suffragium
1512 5858 1630 5921 habere
1653 5865 1767 5937 potest.

1204 5971 1273 6016 van.
1299 5952 1450 6015 lfoniales
1466 5969 1578 6014 omnes
1593 5953 1690 6014 vitam
1706 5969 1912 6034 communem
