4822 6986
915 629 1092 679 theodulus
1114 629 1165 678 PP.
1190 625 1255 678 XVI.

343 761 385 810 rr.
411 747 658 815 poenitentiales
689 753 953 830 genuflexiones,
976 766 1052 828 quas

306 845 471 909 Motaueas
482 863 646 919 vocamus,
660 847 696 909 ad
713 847 835 908 Laudes
851 845 968 923 singuli
982 861 1053 924 per-

305 946 411 1016 argunt.

305 1129 384 1190 Can.
403 1127 469 1191 XV.
486 1161 524 1174 -
541 1129 585 1192 Dc
599 1129 795 1210 confessicae
809 1125 1051 1192 sacramentali.

346 1331 366 1375 1.
392 1315 562 1378 Monachus
594 1322 719 1394 peccata
747 1331 802 1377 sua
832 1311 989 1376 sacerdoti
1016 1310 1053 1372 ad

305 1408 522 1470 confessiones
544 1410 746 1487 excipiendas
762 1409 936 1471 constituto
958 1405 1054 1467 conti-

307 1503 366 1562 teri
389 1503 501 1578 debet;
524 1503 550 1564 si
572 1509 680 1564 autem
703 1503 794 1564 altori
818 1500 985 1571 sacerdoti,
1003 1499 1054 1560 ab·

306 1594 411 1656 batem
434 1597 588 1658 consulat.

345 1706 379 1749 ιι.
404 1690 502 1766 idque
524 1691 625 1752 semei
649 1691 760 1768 quavis
782 1689 981 1751 hebdomada
995 1687 1054 1748 sat·

307 1790 371 1844 tom
395 1790 544 1860 praestet.
1005 1849 1008 1856 ,

345 1891 392 1936 ιιι.
419 1876 484 1939 Sub
510 1879 693 1956 ingressum
715 1880 748 1940 in
777 1879 971 1956 religionem
1001 1893 1054 1954 ge·

304 1971 405 2031 nerali
429 1971 629 2034 confossione
646 1979 771 2050 peccata
786 1989 841 2034 sua
856 1973 939 2050 apud
953 1987 1053 2033 sacer-

305 2065 412 2125 dotem
429 2064 466 2127 ah
481 2063 648 2128 Ordinario
672 2067 880 2146 approbatum.
903 2067 1051 2144 deponat3

304 2175 363 2220 nec
385 2159 574 2236 recipiatur,
599 2160 661 2222 nisi
683 2161 823 2222 exhibita
852 2159 1053 2222 attestatione

303 2253 388 2328 qnod
419 2253 652 2315 contessionem
686 2254 947 2316 sacramentalem
977 2253 1054 2314 emi-

304 2345 393 2406 serit.

304 2533 383 2594 Gar.
408 2533 489 2596 xvi.
506 2567 543 2580 -
562 2535 606 2598 Dc
627 2539 815 2599 sanctorum
830 2533 1053 2610 mysteriorum

563 2645 794 2692 commumome.

345 2836 366 2878 ι.
391 2819 561 2880 Monachus
590 2818 686 2879 dehet
714 2833 812 2895 opere
835 2823 866 2878 et
895 2814 1053 2878 desiderio

306 2919 463 2991 perpetuo
485 2919 630 2990 paratum
652 2929 686 2972 se
708 2912 862 2990 praehere
885 2911 921 2970 ad
944 2923 1053 2987 perce-

305 3007 446 3084 ptionem
470 3012 654 3068 sanctorum
677 3010 966 3077 sacramentorum,

345 3119 379 3161 ιι.
404 3101 591 3175 Eorumque
613 3099 875 3160 communionem
902 3097 1053 3174 hequen-

307 3201 382 3266 tare,
408 3209 543 3270 eamque
566 3193 730 3270 suscipere
751 3191 863 3253 diebus
885 3191 1053 3252 dominicis

305 3295 336 3348 et
358 3288 447 3348 iestis
470 3288 509 3348 de
533 3293 713 3365 praecepto.

344 3398 391 3442 nr.
418 3379 531 3457 Siqua
555 3381 587 3440 in
611 3379 721 3439 eadem
742 3378 940 3440 hebdomadi
962 3379 1053 3456 plura

305 3482 498 3542 atorrourrant
518 3474 607 3544 testa,
632 3479 764 3550 propter
792 3474 981 3534 sacramenti
1005 3489 1053 3534 re-

305 3569 501 3640 verentiam,
536 3569 624 3628 iuxta
653 3567 770 3628 abbatis
801 3567 989 3638 consilium,
1020 3567 1052 3626 in

305 3661 495 3738 quibusdam
518 3679 535 3722 a
557 3660 785 3721 communione
804 3659 970 3720 abstineat.
998 3723 1004 3734 ,

346 3773 387 3815 ιν.
413 3755 582 3816 Monachus
595 3769 675 3815 vero
686 3753 833 3814 sacerdos
850 3768 975 3814 sacrum
989 3771 1053 3815 rann

306 3849 431 3910 omittat
445 3863 599 3924 andriam,
619 3847 678 3908 nisi
695 3847 785 3907 causa
802 3845 839 3907 ab
855 3846 965 3908 abbate
983 3865 1053 3926 pro-

306 3944 385 4004 hatti.

422 4131 502 4193 Gar.
526 4129 620 4192 XVM.
644 4162 681 4175 -
706 4129 749 4190 Dc
769 4130 933 4192 modestia.

346 4337 367 4380 ι.
383 4319 579 4381 Monachuse
592 4317 670 4379 cella
683 4333 873 4394 egressurus
886 4319 1052 4397 proprium

306 4415 448 4475 habitum
465 4413 584 4484 induat,
603 4427 709 4488 necare
728 4411 797 4472 sine
813 4427 851 4472 eo
868 4430 884 4472 a
903 4413 1052 4492 quopiam

303 4525 337 4568 se
359 4506 496 4586 conspici
519 4505 700 4584 permittat.-

344 4619 379 4662 ιι.
405 4599 652 4676 Memineritque
675 4599 829 4660 inclinare
852 4607 945 4679 caput
962 4600 1053 4663 abha-

306 4696 389 4758 tibus
412 4701 444 4756 et
465 4691 683 4754 sacerdotibus
705 4693 897 4766 senioribus,
919 4693 1053 4756 circum-

304 4789 427 4850 stantiis
439 4787 498 4849 loci
512 4793 607 4864 atque
620 4787 775 4865 temporis
788 4787 819 4848 id
835 4788 1051 4865 exigentibus

304 4885 391 4944 iuxta
413 4881 617 4943 traditionem
640 4885 672 4941 et
694 4881 839 4941 ordinem
863 4887 957 4958 atque
986 4900 1052 4944 rno-

304 4993 375 5037 rem
397 4977 545 5038 iratrum.

344 5087 392 5131 ιιι.
416 5069 519 5130 Fratri
541 5085 671 5130 manum
702 5069 834 5130 omnino
860 5087 924 5131 non
946 5071 1052 5132 admo-

304 5173 386 5236 veat,
411 5164 472 5224 nisi
493 5163 691 5224 salutationis
722 5163 812 5224 coust
842 5179 978 5242 peregre
1001 5166 1052 5227 ab·

305 5259 394 5320 eunti
422 5264 477 5318 aut
504 5258 543 5318 dc
571 5256 748 5332 longinquo
777 5258 937 5331 redeunti,
962 5267 994 5322 et
1020 5261 1052 5320 in

305 5354 395 5414 causat
417 5351 628 5428 aegritudinis
651 5350 839 5411 necessitate
862 5348 1009 5428 cogente.

344 5463 386 5506 ιν.
411 5445 576 5516 Abiturus
597 5449 651 5504 aul
671 5443 784 5504 cellam
806 5445 982 5518 subiturus
1000 5453 1054 5508 aut

305 5537 390 5599 tores
413 5536 637 5615 patefacturus,
655 5541 709 5596 aut
721 5535 897 5608 clausurus,
916 5543 969 5598 aut
984 5537 1053 5616 pui-

304 5639 442 5703 saturns,
467 5630 642 5692 modestiae
664 5635 758 5707 atquo
784 5629 904 5690 silentii
927 5649 1052 5694 memor

305 5731 384 5786 esto.

343 5837 372 5881 v.
393 5819 565 5881 Gari‘tatem
578 5819 836 5894 hilaritatemque
849 5834 922 5878 oum
936 5817 1052 5879 timore

304 5913 360 5975 Dei
382 5914 583 5975 coniunctam
600 5914 633 5974 in
649 5911 796 5974 familiari
812 5927 884 5972 cum
901 5911 1052 5973 iratribus

304 6006 465 6084 colloquio
487 6005 693 6085 praeseferat.

409 6153 461 6199 tur.
480 6155 549 6199 Poat.
565 6152 595 6198 dc
613 6153 685 6211 Prop.
701 6151 763 6197 Fida
778 6151 860 6196 Partis
876 6155 892 6196 t.
908 6151 963 6196 vot.
980 6155 1005 6198 v.

1781 609 1849 678 385,

1152 767 1195 812 vr.
1218 751 1253 812 ln
1274 753 1399 814 summa
1414 752 1583 828 intelligat,
1602 752 1635 813 in
1651 749 1800 814 omnibus
1816 751 1861 812 di-

1112 845 1168 906 ctis
1191 845 1344 922 tactisque
1364 847 1429 907 suis
1450 845 1510 907 sibi
1529 845 1704 906 modestiae
1727 844 1861 921 gratita-

1112 938 1218 1014 tisque
1240 939 1329 1016 leges
1351 955 1422 1001 esse
1444 939 1628 1002 servandas.

1232 1127 1311 1190 Chr.
1335 1128 1443 1191 Xllill.
1464 1161 1502 1174 -
1525 1127 1568 1189 Da
1591 1128 1739 1209 aegrotis.

1152 1335 1173 1378 1.
1199 1318 1369 1381 Monachus
1392 1319 1457 1380 Deo
1474 1319 1589 1396 gratias
1605 1333 1702 1394 agere
1718 1317 1813 1378 dehet
1827 1316 1860 1376 in

1111 1415 1194 1470 statu
1211 1411 1421 1488 aegritudinis
1434 1412 1535 1488 magis
1551 1425 1646 1487 quam
1662 1409 1695 1472 in
1710 1415 1792 1472 statu
1810 1425 1861 1470 ra-

1111 1503 1275 1576 leludinis,
1287 1505 1390 1566 sciens
1402 1521 1436 1565 se
1449 1505 1485 1566 ad
1499 1504 1667 1582 proprium
1679 1503 1860 1582 protectum

1112 1613 1128 1656 a
1150 1595 1285 1659 Domino
1307 1597 1441 1659 visitari.

1151 1708 1186 1752 n.
1210 1691 1394 1754 inconsulto
1416 1691 1545 1762 abbate,
1574 1707 1689 1770 corpus
1718 1690 1860 1768 affligere

1111 1793 1165 1845 aut
1185 1799 1304 1846 vexare
1327 1801 1391 1846 non
1414 1785 1520 1847 debet,

1152 1896 1199 1939 111.
1224 1877 1467 1956 Aegritudinem
1503 1879 1742 1958 praesentiens,
1770 1879 1861 1941 abha-

1111 1979 1178 2034 tem
1201 1979 1340 2034 moneat.

1152 2084 1194 2127 iv.
1218 2066 1434 2129 Pharmacaet
1454 2069 1597 2130 remedia
1619 2067 1730 2130 abbate
1753 2067 1861 2130 incon·

1110 2160 1196 2222 sulto
1218 2177 1283 2221 non
1306 2160 1463 2223 adhibeat.

1331 2347 1431 2410 PARS
1454 2347 1639 2412 SECUNDA

1278 2536 1357 2598 Car.
1381 2537 1403 2598 i.
1427 2570 1464 2583 -
1488 2535 1532 2597 Da
1553 2537 1693 2599 scottiis.

1151 2740 1172 2784 1.
1196 2723 1301 2785 liceat
1323 2721 1426 2784 abbati
1441 2723 1474 2784 in
1489 2739 1547 2784 suo
1560 2725 1756 2788 monasterio
1771 2727 1860 2788 novi·
1933 2741 2091 2804 northusum

1113 2817 1171 2878 tios
1193 2817 1366 2896 suscipere,
1391 2823 1486 2894 atque
1509 2818 1604 2880 etiam
1627 2820 1803 2898 expellere,
1822 2823 1860 2884 de
1880 2799 2021 2850 ⁵⁰⁵⁰⁰⁰¹¹⁰³

1111 2911 1244 2973 consilio
1266 2911 1524 2988 congregationis
1547 2915 1790 2977 monachorum.

1151 3023 1185 3066 ιι.
1210 3004 1357 3066 Novitius
1381 3022 1445 3067 non
1468 3007 1635 3084 probetur,
1657 3009 1717 3071 nisi
1738 3010 1771 3071 in
1794 3028 1861 3073 ιιιο-
1933 3025 2092 3088 rapiciorum

1111 3100 1262 3171 nasterio,
1286 3099 1318 3160 in
1341 3115 1404 3175 quo
1427 3099 1536 3177 plures
1555 3103 1702 3166 monachi
1725 3104 1858 3182 degunt,
1881 3079 2006 3135 ''s⁰¹¹⁰¹'⁰'

1111 3193 1166 3270 qui
1189 3200 1220 3254 et
1241 3195 1449 3255 monasticam
1465 3195 1613 3271 regulam
1630 3197 1812 3272 observant,
1830 3209 1862 3261 ot

1109 3288 1234 3349 statutis
1257 3286 1456 3365 temporibus
1486 3289 1650 3351 canonicas
1679 3305 1790 3368 preces
1813 3311 1861 3356 co-

1111 3387 1264 3455 terosque
1286 3379 1515 3440 ecclesiasticos
1538 3379 1619 3441 ritus
1642 3391 1811 3460 peragunt.

1150 3489 1198 3532 ιιι.
1223 3471 1372 3533 Habitent
1387 3473 1500 3534 novitii
1518 3473 1548 3534 in
1566 3474 1636 3536 loco
1651 3493 1667 3535 a
1683 3477 1799 3538 ceteris
1814 3495 1861 3539 se·
1910 3491 2045 3536 cantiano.

1111 3573 1236 3644 parat03
1261 3571 1293 3626 et
1314 3565 1438 3627 curabit
1453 3566 1547 3627 abbas
1564 3569 1734 3643 generalis,
1751 3579 1788 3632 ut
1803 3589 1861 3650 pro

1111 3659 1267 3722 novitiatu
1290 3659 1479 3734 designetur
1501 3662 1733 3723 monasterium
1757 3665 1861 3727 doter-

1111 3754 1279 3824 minatum,
1304 3753 1389 3812 etin
1413 3769 1451 3814 eo
1473 3753 1562 3815 locus
1584 3762 1758 3833 separatus.

1151 3865 1194 3909 ιν.
1218 3847 1397 3910 Novitiatus
1413 3845 1448 3906 ad
1469 3847 1636 3908 biennium
1654 3851 1858 3926 producatur,
1897 3867 2015 3926 ¹satrapas
2029 3869 2094 3921 tyro-

1111 3958 1218 4020 neque
1240 3939 1396 4018 quispiam
1420 3946 1493 4001 ante
1515 3941 1682 4020 expletum
1711 3945 1772 4007 hoc
1794 3963 1861 4026 spa·
1881 3929 1952 3962 ⁰¹¹¹¹¹'

1111 4037 1192 4099 tium
1209 4036 1246 4096 ad
1262 4034 1406 4095 habitum
1423 4033 1619 4108 admittatur,
1638 4036 1697 4098 nisi
1714 4055 1754 4100 ex
1770 4042 1860 4103 causa

1111 4149 1127 4191 a
1149 4128 1400 4206 congregatione
1428 4127 1691 4204 hegumenorum
1718 4133 1858 4210 probato,

1111 4225 1207 4302 idque
1223 4239 1288 4284 non
1304 4227 1377 4282 ante
1393 4221 1559 4299 expletum
1576 4239 1707 4286 annum.
1733 4225 1765 4288 Si
1782 4243 1861 4290 vero

1111 4317 1252 4379 novitius
1285 4315 1413 4393 expleto
1443 4313 1573 4375 biennio
1602 4316 1725 4379 adhoc
1754 4321 1860 4382 minus

1110 4411 1245 4473 idoneus
1267 4407 1466 4486 reperiatur,
1491 4407 1622 4469 omnino
1650 4409 1860 4476 dimittendus

1110 4511 1171 4567 est.

1151 4617 1180 4660 r.
1204 4595 1352 4660 Novitius
1381 4603 1453 4657 anto
1484 4596 1649 4674 expletum
1678 4601 1786 4663 aetatis
1809 4619 1861 4664 an·
1907 4615 1982 4660 seras
2002 4613 2093 4660 aalma

1111 4708 1188 4754 num
1223 4689 1515 4751 sextumdecimum
1549 4705 1613 4751 non
1646 4693 1858 4772 suscipiatur;
1880 4669 2024 4714 tenatorum.

1111 4801 1217 4863 nuque
1229 4783 1331 4876 maior
1343 4783 1385 4843 sit
1396 4783 1768 4862 quadragesimoquinto.
1788 4789 1859 4852 Per-

1111 4881 1192 4942 tinet
1213 4884 1320 4939 autem
1343 4877 1380 4938 ad
1396 4878 1681 4952 congregationem
1704 4881 1860 4960 hegume-

1110 4989 1228 5036 norum
1250 4972 1283 5033 in
1305 4970 1365 5032 hoc
1381 4985 1466 5041 casu,
1484 4970 1510 5030 si
1531 4969 1658 5034 aliunde
1682 4979 1810 5038 noverit
1823 4979 1860 5040 il-

1110 5068 1178 5130 lum
1200 5065 1311 5128 Ordini
1333 5063 1556 5142 profuturum,
1581 5066 1650 5128 sive
1671 5068 1704 5129 in
1733 5069 1860 5133 deiectu

1110 5161 1220 5224 aetatis
1242 5159 1309 5220 sive
1331 5159 1364 5220 in
1387 5175 1520 5220 excessu
1543 5159 1739 5238 dispensare,
1764 5167 1859 5227 modo

1111 5273 1175 5318 non
1196 5255 1237 5315 sit
1258 5253 1364 5315 minor
1386 5253 1478 5312 annis
1500 5255 1753 5329 quatuordecim.

1151 5367 1192 5410 ιι.
1217 5347 1381 5410 Novitium
1404 5345 1508 5424 primo
1538 5354 1665 5426 oportet
1687 5365 1755 5412 esse
1778 5353 1860 5414 chri·
1907 5365 2077 5412 concisiones,

1099 5442 1219 5504 stianis
1242 5440 1428 5520 parentibus
1451 5445 1572 5512 natum,
1591 5447 1686 5518 atquo
1710 5444 1859 5507 orthodo-

1110 5549 1340 5612 xun13quare,
1365 5531 1392 5593 si
1413 5532 1491 5610 ipse,
1516 5539 1570 5595 aut
1599 5535 1754 5598 alteruter
1778 5539 1859 5600 eius-

1111 5631 1183 5691 dem
1207 5634 1394 5708 parentum‚
1419 5625 1610 5688 christianus
1632 5645 1696 5691 non
1719 5639 1782 5705 est,
1807 5639 1860 5694 aut

1110 5723 1314 5785 christianam
1337 5720 1433 5782 fidem
1451 5721 1591 5796 negavit,
1608 5724 1661 5785 vel
1678 5727 1860 5806 neophytus

1110 5817 1147 5878 ad
1169 5817 1255 5879 illam
1279 5814 1425 5884 accessit,
1449 5818 1503 5873 aut
1524 5830 1539 5874 a
1562 5815 1711 5879 catholica
1738 5821 1800 5882 tide
1822 5823 1858 5882 ad

1110 5917 1227 5972 sectam
1251 5911 1488 5974 haereticorum
1515 5912 1657 5985 transiit,
1682 5915 1802 5992 absque
1824 5917 1860 5977 li-

1110 6005 1211 6066 oentih
1234 6006 1493 6081 congregationis
1510 6007 1670 6085 generatis
1692 6025 1707 6068 a
1730 6009 1860 6071 nemine

1728 6159 1754 6200 to
