1290 1823
589 197 597 208 l.
609 195 655 207 Ροκτ.
667 195 687 207 1>ss
698 195 713 207 P.
724 196 739 207 r.
751 195 793 207 Pons
803 195 814 208 1.

589 225 678 240 vioariorum

589 253 598 264 ι.

589 276 619 287 *um
630 275 679 291 expo-

589 296 636 310 uanto
649 299 678 310 nos

589 318 615 334 vix
626 318 678 338 expri-

589 342 612 361 ylo
620 346 637 357 ac
642 345 678 357 ver-

589 369 611 380 rna
618 369 635 380 ao
642 369 678 384 pro-

589 388 679 404 aeseierunt

589 411 678 427 testationis

589 435 645 454 lquod,
652 434 678 450 vel

589 459 643 476 nurus,
652 459 679 473 aut

589 481 610 496 ito
618 483 677 499 autem.

589 508 630 520 mem
639 508 679 524 quo-

589 528 601 543 le
615 527 678 543 violatis

589 550 621 566 Vll*
630 552 678 566 statu-

589 574 641 590 siones
647 574 678 590 An-

589 620 627 636 itate
634 621 678 636 satis-

592 645 610 659 ut
621 648 678 659 eorum

589 667 678 686 praecipuas

589 692 639 705 ientes
650 690 678 706 has

589 713 621 733 ipta
627 714 678 729 amice

589 737 678 752 communi-

589 783 677 799 nonialium

594 806 650 822 ordine
661 811 678 823 ac

589 830 678 846 insultatio-

589 857 600 868 ls
610 853 627 868 in
637 853 678 869 Con-

595 876 647 896 deque
655 876 678 892 of-

594 900 641 915 etiam
650 904 678 916 no-

589 923 677 939 mationem

589 950 596 961 a
605 946 678 962 moniali>

589 970 677 985 tentionem

591 992 677 1008 icariorum

589 1019 602 1031 'e
617 1017 676 1035 potest,

589 1039 676 1055 aestuem.

589 1062 630 1077 icat-ii
638 1062 676 1078 dum

589 1085 629 1101 ione
640 1085 677 1101 sub-

589 1109 676 1124 nasterium

589 1131 638 1147 rictus
649 1136 676 1151 po·

589 1156 630 1170 iatus
640 1155 676 1171 iure

589 1178 676 1194 risdictioni

589 1201 676 1217 xsulyiecis-

589 1224 676 1244 apostolico

589 1249 641 1263 tutum
652 1248 676 1263 iu-

589 1271 676 1287 urisdictio-

589 1294 624 1310 tlara
638 1296 676 1310 sunt

589 1317 645 1336 ionico,
654 1320 676 1333 at-

589 1341 619 1356 iuis
630 1341 675 1361 praxi

589 1364 676 1380 irisdictio-

589 1391 602 1403 m
610 1391 675 1407 promus

589 1411 675 1426 tantialiter

589 1434 674 1452 ecnndnm,

589 1461 605 1472 rn
619 1461 675 1473 rerum

600 1482 675 1500 opportu*

589 1503 634 1519 sicuti
642 1507 675 1519 non

589 1526 675 1546 »lutamque

706 229 723 241 ac
734 227 828 245 perpetuam
842 224 963 245 exemptionem
979 228 1026 245 saepe
1037 224 1079 240 dicto

706 248 804 264 monasterio
820 249 914 267 concedere,
926 248 949 264 sic
959 249 975 264 et
985 252 994 263 a
1004 248 1079 264 formulis

706 271 745 287 scite
755 271 867 290 abstinuimus,
879 271 938 291 quibus
946 271 1016 291 plenaria
1024 271 1079 286 liuius-

706 295 749 310 modi
760 295 842 314 exemptio
852 295 869 310 iu
880 294 970 314 apostolicis
979 294 1079 310 constitutio-

706 318 753 333 nibus
764 318 833 338 exprimi
843 318 890 333 solet.
902 317 935 333 Nec
945 318 1001 336 refert,
1010 318 1053 337 quod
1061 318 1079 333 il>

706 341 734 357 lud
749 341 779 357 suh
793 341 886 357 immediato
901 342 957 357 nostro
971 343 988 356 et
1002 341 1018 357 S.
1033 341 1079 357 Sedis

706 365 794 384 patrocinio
804 364 912 384 posuerimus.
926 364 1024 380 Declarando
1035 364 1078 380 enim

706 387 769 403 Summi
779 388 864 403 Pontifices
875 388 998 404 communitates
1009 389 1036 403 aut
1045 387 1079 403 loca

706 411 758 430 aliqua
771 411 802 426 sub
816 411 901 430 apostolica
915 411 1015 431 protectione
1028 411 1079 426 cousi-

706 436 754 453 stew,
762 438 794 450 non
802 434 838 450 ideo
845 434 956 454 consequitur,
963 434 993 450 nisi
1001 434 1017 449 id
1024 436 1079 454 aperte

706 458 782 476 edicatur,
794 457 825 473 sub
835 457 946 473 iurisdictione
954 461 989 473 esse
997 457 1047 477 posita
1054 462 1079 473 so-

706 481 737 496 lius
744 481 811 496 Romani
818 481 904 499 Pontiflois.
911 482 966 500 erepta
973 485 1039 500 prorsus
1046 481 1079 496 cui·

706 504 745 519 libet
755 504 802 519 alteri
815 506 894 524 potestate
904 504 921 519 in
932 504 997 520 easdem
1007 508 1079 519 commu-

706 527 763 543 nitates
774 529 790 543 et
803 527 843 543 lona.
855 527 938 545 Similiter.
954 527 1078 545 hallucinantur.

706 550 754 566 iidem
769 550 827 566 vicarii
837 550 924 570 apostolici
936 550 1037 568 arbitrantes.
1049 554 1079 566 nos

705 574 822 589 monasterium
829 573 870 589 illud
876 573 978 589 immediatae
983 573 1079 589 iurisdictio-

706 597 722 612 ni
733 596 779 612 Card.
788 596 834 612 Weld
845 596 945 612 sultmisisse⁴
954 596 970 612 Si
978 597 1043 616 quidem
1051 601 1079 612 no·

705 622 757 636 strum
765 620 821 639 utique
827 620 908 636 vicarium
916 624 954 636 eum
960 620 1077 640 deputavimus,

705 643 765 659 scilicet
776 645 838 659 nostras
849 643 864 658 ei
875 643 985 662 delegavimus
995 643 1039 659 vices
1050 648 1079 663 pro

705 667 754 682 rebus
765 667 837 682 eiusdem
854 666 947 682 monasterii
958 667 1077 686 componendis.

706 694 738 705 uon
749 691 802 705 autem
814 690 924 705 immediatum
935 689 979 705 illius
989 694 1006 705 ac
1014 690 1078 710 proprie

705 713 766 729 dictum
776 713 877 733 superiorem
887 713 989 729 ordinarium
996 713 1079 729 constitui-

705 740 741 752 mus
757 736 776 752 ad
790 738 885 756 perpetuam
899 736 1009 752 exclusionem
1021 736 1078 752 vicarii

705 760 798 780 Apostoliei.
809 759 888 779 Quidquid
899 764 939 779 ergo
950 760 966 775 in
974 764 1011 775 casu
1018 760 1039 775 de
1046 764 1078 780 quo

706 785 730 799 est
740 787 794 799 sermo
804 783 931 798 iurisdictionem
939 783 1004 802 respicit
1011 787 1044 799 non
1051 783 1078 799 ali-

705 808 730 822 ter
735 806 865 825 intelligendum,
872 806 903 822 nisi
908 806 967 822 indicta
973 807 1078 826 suspensione

705 830 778 845 durante.
790 829 848 845 Videas
859 829 915 849 igitur.
927 833 964 845 ven.
976 829 1003 848 fr..
1015 834 1047 846 non
1057 830 1078 846 de

705 853 797 869 omnimoda
808 853 894 868 ministerii
904 853 1013 872 exemptione,
1022 853 1050 869 sed
1058 853 1078 869 de

704 876 789 896 apostolica
804 878 866 892 tantum
880 876 906 895 agi
917 876 1013 894 visitatione.
1025 876 1078 896 deque

705 899 778 919 delegato
789 899 872 915 visitatore
885 899 972 919 apostolico
982 903 1019 915 cum
1030 899 1078 915 iacul-

704 924 736 939 tale
747 922 871 942 suhdelegandi:
883 927 900 938 ac
907 923 975 942 proinde
983 924 1000 938 et
1007 922 1047 939 illud
1055 923 1078 938 vi-

705 946 741 962 deas
750 946 835 962 consilium
844 950 852 961 a
859 946 905 961 nohis
912 948 976 966 captum
984 946 1004 962 de
1011 950 1078 966 suspen-

704 969 755 985 denda
770 969 874 985 fraternitatis
885 971 921 985 tuae
932 969 949 984 in
959 969 1000 985 illud
1014 969 1077 985 iurisdi-

704 993 757 1008 ctione
768 996 804 1008 esse
815 994 943 1012 temporaneum.
955 992 1006 1008 donec
1017 992 1078 1008 scilieet

704 1016 750 1031 nobis
761 1016 856 1034 constiterit,
864 1020 891 1031 res
902 1015 975 1031 eiusdem
983 1020 1018 1031 esse
1025 1016 1044 1031 ad
1052 1020 1077 1036 pa-

704 1043 739 1055 cem
750 1041 766 1055 et
776 1039 877 1055 concordiam
885 1043 914 1058 per
921 1039 1014 1058 delegatum
1024 1039 1077 1055 visita<

704 1064 756 1078 torem
767 1062 798 1078 rite
808 1062 909 1082 compositas.

724 1085 770 1101 Modo
780 1085 799 1101 ad
810 1086 899 1101 secundum
913 1085 1017 1105 querelarum
1031 1088 1077 1106 caput

704 1110 809 1124 transeamus.
824 1109 871 1124 Dolet
885 1109 931 1124 nobis
945 1113 993 1128 quam
1007 1109 1077 1125 maxime

703 1132 729 1148 hie
740 1136 868 1147 commemorare
876 1136 917 1151 quae
924 1132 965 1148 circa
972 1132 1029 1152 templi
1036 1132 1077 1148 Lon-

704 1155 775 1170 dinensis
789 1155 892 1171 traditionem
905 1155 934 1170 PP.
946 1155 1028 1171 Societatia
1041 1155 1076 1171 lesu

704 1178 791 1194 taciendam
800 1178 853 1194 locum
859 1178 952 1194 habuerunt
958 1178 1001 1194 inter
1006 1179 1077 1199 Congre-

704 1201 785 1221 gatiouem
796 1202 816 1217 de
825 1201 927 1221 Propaganda
934 1202 978 1220 Fide,
986 1203 1003 1217 et
1010 1206 1047 1218 ven.
1055 1202 1075 1217 rr.

703 1224 784 1240 vicarium
795 1224 904 1244 Apostolicurn
912 1225 1039 1241 Londinensem:
1048 1225 1076 1241 sed

703 1250 721 1263 ut
731 1250 837 1268 cognoscatur
844 1248 860 1264 S.
869 1248 917 1264 liuius
925 1248 970 1264 Sedis
977 1249 994 1264 in
1001 1253 1021 1264 eo
1028 1249 1076 1264 etiam

703 1271 768 1290 negotio
782 1271 869 1291 indulgens
883 1271 1005 1291 circumspectio
1016 1273 1033 1287 et
1042 1275 1076 1287 mo-

703 1294 764 1310 deratio
775 1294 842 1310 omniuo
853 1298 871 1310 ea
881 1295 970 1314 praeterire
981 1294 1013 1310 non
1021 1299 1076 1314 possu-

703 1321 748 1336 mus;
758 1317 844 1337 scripserat
854 1317 907 1337 itaque
915 1318 961 1333 nobis
968 1318 1076 1334 annuentibus

703 1341 758 1356 eadem
764 1340 872 1360 Gongregatio
876 1341 974 1357 Londinensi
978 1341 1040 1357 Vicario
1046 1341 1076 1357 sul>

702 1364 728 1379 die
739 1368 773 1379 xix.
785 1364 821 1380 iulii
831 1368 873 1380 anno
884 1368 993 1380 nocccxxxiv.
1002 1373 1011 1376 -
1018 1364 1035 1380 ld
1045 1364 1076 1380 sibi

702 1387 749 1403 valde
759 1387 799 1403 utile
810 1387 862 1403 videri
872 1387 938 1407 (nempe
949 1387 1028 1407 templum
1035 1387 1076 1403 illud

702 1410 765 1426 tradere
779 1410 849 1430 lesuitis)
860 1415 877 1426 ac
887 1414 916 1430 pro
931 1412 975 1426 certo
988 1415 1005 1426 se
1016 1411 1075 1426 hahere

702 1433 755 1453 ipsum
765 1433 861 1454 (Vicarium)
870 1433 910 1449 nihil
917 1434 986 1453 amplius
994 1438 1031 1454 prae
1039 1438 1075 1449 ocn-

702 1457 721 1472 lis
732 1456 819 1472 habentem
833 1457 864 1472 nisi
875 1457 955 1473 Ecclesiae
967 1457 1075 1477 amplificatio—

702 1484 739 1496 nem
751 1482 767 1496 et
778 1480 851 1496 fidelium
861 1480 953 1499 utilitatem.
963 1480 1031 1500 petitum
1038 1485 1075 1496 con-

701 1507 768 1519 sensum
779 1507 814 1519 etse
822 1504 897 1519 daturum
907 1503 994 1522 declarans,
1003 1504 1046 1523 qnod
1053 1504 1075 1519 ei-

702 1527 738 1543 dem
749 1527 875 1547 Congregationi
884 1527 901 1543 id
911 1527 1045 1543 iucundissimum
1052 1527 1075 1543 lo-

1094 190 1121 205 Διι.
1128 192 1143 205 0.
1155 190 1191 205 1835
