4828 6974
923 579 1098 626 ansooldus
1119 580 1170 626 PP.
1194 579 1259 626 XVI.

317 697 376 760 nisi
398 713 482 760 unus
505 699 563 760 toti
585 697 743 761 Ecclesiae
765 699 878 760 fuisset
903 697 1061 778 praeposi-

317 798 377 862 tus,
402 791 457 866 qui
478 791 566 853 illam
581 797 729 854 tueretur
743 799 775 855 et
789 791 975 863 custodiret,
993 791 1061 868 qui·

316 899 378 961 que
393 885 500 946 omnia
515 885 659 948 eiusdem
672 885 830 948 Ecclesiae
842 885 986 948 membra
998 901 1061 947 una

317 976 389 1038 fidei
411 978 610 1054 professione
632 979 855 1056 coniungeret,
873 995 937 1040 uno
953 978 1060 1040 carita-

317 1069 356 1130 tis
377 1075 409 1130 et
428 1071 664 1133 communionis
679 1072 810 1134 vinculo
825 1071 1008 1150 copularetl
1023 1071 1060 1132 ll-

316 1161 370 1224 lud
393 1164 525 1226 omnino
557 1163 656 1225 divini
688 1165 841 1244 sapientia
869 1165 1060 1242 legislatoris

317 1255 505 1332 postulabat,
527 1263 565 1318 ut
585 1257 703 1320 visibili
725 1257 851 1336 corpori
872 1257 999 1320 visibile
1014 1275 1061 1320 ca·

317 1355 373 1426 put
403 1351 607 1428 praeficeret,
642 1367 706 1429 quo
734 1351 854 1414 scilicet
875 1351 1059 1421 coustituta,

315 1441 496 1505 schismatis
517 1443 682 1505 tolleretur
696 1443 829 1508 occasio.
847 1443 1059 1517 Quamobrem

317 1535 389 1597 licet
421 1536 584 1615 Episcopis
616 1539 784 1612 omnibus,
814 1553 895 1615 quos
924 1537 1061 1618 Spiritus

317 1626 449 1691 Sanctus
465 1630 571 1708 posuit
582 1645 698 1707 regere
710 1631 883 1694 Ecclesiam
895 1631 962 1704 Dei,
976 1648 1061 1694 com-

316 1723 422 1784 munis
444 1723 485 1785 sit
500 1724 647 1802 dignitas,
665 1725 744 1787 etin
760 1725 808 1786 bis
824 1732 996 1803 quaesunt
1012 1741 1061 1786 or-

317 1816 397 1878 dinis
418 1832 518 1894 aequa
540 1824 691 1896 potestas,
715 1835 779 1881 non
802 1825 851 1880 est
873 1825 979 1880 tamen
995 1835 1060 1880 aur-

316 1910 402 1971 nium
426 1927 511 1972 unus
532 1911 566 1974 in
588 1911 766 1974 hierarchia
788 1912 916 1988 gradus,
937 1920 991 1974 aut
1006 1929 1061 1990 par

296 2003 543 2080 ‚iurisdictionis
568 2005 756 2084 amplitudo.
781 2004 941 2083 Siquidem
963 2011 992 2067 et
1013 2007 1061 2067 iu-

113 5658 141 5702 be
154 5658 206 5704 ture
220 5659 293 5707 litur-

96 5711 141 5764 gica
151 5713 278 5761 Ecclesiae.

317 2101 363 2156 ter
384 2093 581 2160 beatissimos
602 2099 776 2179 Apostolos,
799 2099 907 2162 verbis
938 2101 1062 2162 utimur

317 2189 347 2252 S.
372 2190 488 2253 Leonis
510 2191 625 2270 Magni,
649 2193 684 2254 iu
706 2193 917 2256 similitudine
932 2193 1062 2256 bouaris

314 2284 380 2360 fuit
399 2283 556 2362 quaedam
576 2287 725 2348 discretio
744 2287 921 2367 potcstatis,
939 2293 968 2349 et
989 2305 1061 2350 cum

316 2377 458 2438 amnium
475 2393 539 2457 par
560 2383 638 2440 essct
659 2380 778 2449 electio,
795 2379 854 2442 uui
877 2385 984 2443 tarueu
1006 2381 1061 2443 da-

316 2476 383 2530 tum
404 2475 450 2531 est
470 2477 507 2532 ut
528 2472 639 2533 ceteris
658 2474 891 2552 praeesumeret
895 2521 955 2536 .....
986 2475 1062 2552 quia

315 2562 363 2626 ita
383 2564 558 2644 evangelici
579 2565 722 2626 muueris
749 2573 989 2629 sacramentum
1011 2585 1062 2629 ao-

315 2656 378 2718 tuit
388 2656 544 2718 Dominus
557 2657 598 2720 ad
610 2657 832 2738 Apostolorum
847 2660 982 2738 officium
991 2677 1062 2740 per-

315 2751 427 2820 tiuare,
437 2756 475 2812 ut
489 2751 524 2812 iu
536 2751 633 2813 Beata
646 2751 739 2814 Petro
751 2754 893 2815 omnium
903 2755 1061 2834 Apostolo-

313 2859 387 2906 rum
407 2861 531 2906 summa
544 2843 769 2925 principaliter
783 2847 958 2910 collocarit.
972 2848 1060 2922 Quod

314 2953 394 3014 ergo
410 2937 467 2999 uni
483 2954 522 2999 ex
538 2938 688 3000 omnibus
704 2939 864 3018 Apostolis
880 2941 973 3004 Petro
989 2957 1062 3004 con-

313 3030 418 3102 cessit,
443 3047 516 3092 cam
549 3031 653 3094 claves
685 3033 787 3110 Regni
813 3033 987 3098 Goelorum
1015 3036 1062 3097 illi

313 3124 473 3201 promisit,
497 3133 530 3186 et
550 3141 649 3203 agnos
671 3145 705 3189 ac
721 3143 797 3190 oves
813 3129 971 3207 pascendi,
988 3147 1061 3192 con-

315 3217 529 3296 firmandique
558 3219 672 3282 fratres
705 3237 824 3283 munus
846 3223 1058 3296 demandavit,

313 3309 346 3372 id
367 3311 401 3372 in
420 3313 624 3375 commodum
643 3313 800 3376 Ecclesiae
815 3331 890 3378 suae
906 3317 1061 3393 usquead

313 3406 624 3468 consummationem
648 3407 748 3470 seculi
767 3424 995 3486 permansurae
1011 3428 1062 3489 pa·

313 3503 383 3559 tere
405 3498 510 3560 voluit
530 3499 569 3561 ad
590 3517 790 3562 successores
806 3501 902 3574 Petri,
917 3518 997 3581 quos
1012 3521 1061 3566 ae-

313 3592 399 3668 quali
411 3592 483 3654 iure
495 3593 969 3674 eidemEcclesiaepraeposuit.
980 3596 1062 3660 llaec

313 3699 442 3763 semper
454 3685 515 3746 fuit
525 3686 756 3748 catholicorum
770 3688 915 3750 omnium
928 3705 1060 3752 concors

313 3783 346 3838 et
367 3778 459 3840 firma
481 3779 656 3854 sententia;
683 3779 744 3842 hcc
766 3781 839 3843 fidei
862 3782 977 3860 dogma
1000 3791 1058 3856 est,

313 3869 493 3934 Romanum
516 3872 701 3936 Pontificem
728 3875 762 3936 B.
787 3875 872 3938 Petri
894 3874 1061 3956 Apostolo-

314 3981 387 4027 rum
403 3965 556 4044 Principis
572 3982 791 4030 successorem
807 3969 980 4046 primatum
996 3987 1061 4033 non

313 4060 418 4122 solum
441 4059 585 4131 honoris,
609 4061 665 4122 sed
687 4062 882 4124 auctoritatis
910 4063 1006 4125 etiam
1027 4081 1061 4126 ac

313 4152 541 4215 iurisdictionis
562 4153 596 4215 in
617 4153 768 4216 universa
784 4155 922 4218 Ecclesia
939 4157 1060 4220 obtine-

314 4261 360 4318 re,
384 4252 480 4323 atque
501 4245 579 4308 adeo
606 4245 692 4324 ipsos
720 4247 892 4326 Episcopus
920 4249 967 4311 illi
990 4266 1060 4312 esse

314 4338 486 4401 subiectos.
510 4337 640 4400 Sanctae
662 4339 780 4402 idcirco
799 4341 884 4403 Petri
900 4341 984 4414 sedi,
1001 4343 1061 4404 llo-

314 4447 424 4524 manae
446 4448 562 4510 nempe
584 4432 753 4506 Ecclesiae,
778 4441 814 4495 ut
834 4435 920 4496 idem
943 4434 974 4497 S.
997 4435 1061 4496 Leo

314 4526 430 4604 pergit,
454 4525 503 4589 ita
525 4542 647 4588 auruum
672 4543 730 4606 per
758 4525 862 4590 orbem
885 4527 1061 4590 Ecclesium

314 4635 435 4680 uecessc
456 4624 502 4680 est
521 4619 712 4690 consociari,
729 4625 758 4681 et
773 4625 937 4698 tamquam
953 4622 993 4684 ad
1008 4639 1059 4685 ca-

314 4711 448 4776 tbalicae
468 4712 609 4774 acuitatis
625 4717 654 4774 et
669 4713 901 4776 commuuiouis
917 4715 1060 4778 ecetesia-

313 4805 412 4866 sticae
440 4809 586 4866 ceutrum
614 4820 821 4876 caucurrere,
845 4811 882 4867 ut
903 4811 1060 4868 essuriem

313 4913 344 4958 sc
363 4899 507 4974 mysterii
528 4897 690 4977 iuteliiqat
711 4915 774 4960 esse
795 4899 909 4968 diuini,
927 4900 980 4978 qui
1003 4917 1060 4963 au-

312 5007 366 5052 sus
379 4990 482 5070 fuerit
500 4991 621 5054 uPetri
641 4992 802 5056 soliditate
816 4994 969 5056 recedere.
986 4993 1060 5069 Qui-

313 5101 455 5163 cumque,
469 5085 577 5146 subdit
589 5083 621 5146 S.
632 5085 859 5164 Hieronymus,
870 5093 965 5150 satra
976 5087 1060 5150 baua

312 5177 439 5240 domum
461 5194 582 5258 aquam
610 5179 789 5250 comederit,
813 5181 974 5260 profanus
995 5187 1059 5254 cst;

312 5271 431 5349 siquis
453 5273 488 5332 iu
510 5272 571 5334 ftac
592 5272 657 5334 Noe
679 5271 764 5336 Arca
786 5291 850 5335 uou
874 5273 987 5354 fuerit,
1008 5292 1060 5354 pe·

312 5363 390 5428 ribit
410 5371 566 5446 sequaute
590 5366 731 5429 diluuio:
753 5372 785 5428 et
806 5368 888 5428 sicut
909 5369 962 5445 qui
986 5385 1059 5430 cum

312 5457 441 5520 Christo
462 5473 529 5520 non
551 5459 683 5535 colligit,
700 5459 741 5520 ita
756 5459 901 5537 quisquis
917 5477 982 5522 non
997 5461 1060 5522 col-

312 5551 384 5628 ligit
405 5567 479 5614 cum
501 5552 570 5614 eius
592 5551 729 5624 vicario,
753 5551 846 5630 plane
868 5553 1033 5630 dispergit.

352 5647 370 5720 5
391 5645 421 5706 5.
445 5645 612 5719 Quomodo
633 5653 741 5708 autem
768 5661 841 5707 cum
867 5645 986 5707 Christi
1001 5635 1060 5706 'vi-

312 5741 397 5802 cario
418 5739 606 5816 colligatis,
630 5738 685 5816 qui
707 5754 827 5801 sacram
849 5739 936 5800 illius
955 5745 1060 5800 aucto·

312 5833 440 5894 ritatem
460 5833 645 5910 pessundet,
661 5832 796 5908 iuraque
810 5831 975 5908 infringat,
992 5833 1060 5909 qui-

314 5925 372 5988 bus
395 5931 565 6004 propterca
580 5925 647 6003 ipse
662 5925 783 6004 potitur
798 5927 884 6002 quod
898 5931 991 6004 caput
1005 5926 1061 5986 Ec-

1119 697 1232 760 clesiae
1252 693 1466 779 centrumque
1481 702 1612 764 unitatis
1627 709 1685 774 est,
1703 702 1789 780 quod
1804 703 1866 781 pri-

1118 798 1240 854 matum
1269 793 1392 856 obtinet
1421 795 1541 858 ordinis
1564 813 1598 858 ac
1623 795 1864 869 iurisdictionis,

1118 887 1204 962 quod
1227 886 1353 964 plenam
1376 890 1535 966 pascendi,
1552 890 1687 967 regendi
1702 897 1734 952 et
1749 889 1866 966 guber·

1118 980 1213 1041 nandi
1226 981 1441 1044 universalem
1454 982 1626 1046 Ecclesiam
1640 983 1792 1046 divinitus
1805 989 1865 1044 tra-

1119 1072 1216 1134 ditam
1239 1073 1333 1136 babet
1354 1079 1568 1152 potestatem?
1590 1076 1640 1148 At,
1664 1076 1866 1154 illacryman-

1119 1173 1164 1227 tes
1187 1167 1318 1243 quidem
1340 1168 1486 1240 dicimus,
1505 1169 1536 1230 id
1559 1184 1688 1246 quoque
1704 1185 1816 1232 ausum
1832 1169 1865 1232 in

1118 1257 1251 1321 Badensi
1273 1267 1433 1322 conventu
1455 1269 1514 1322 est.
1538 1260 1700 1324 Romanus
1719 1263 1865 1325 Pontifex

1118 1357 1260 1423 tantum,
1291 1369 1355 1414 non
1385 1355 1519 1430 quilibet
1551 1355 1737 1434 Episcopus,
1761 1363 1866 1434 potest

1120 1444 1248 1522 proprio
1281 1462 1314 1506 ac
1339 1447 1445 1507 nativo
1472 1448 1542 1508 iure
1568 1447 1634 1509 dies
1661 1449 1699 1509 ab
1726 1448 1865 1511 Ecclesia

1118 1537 1207 1598 festis
1236 1539 1451 1612 celebrandis,
1481 1543 1712 1620 servandisque
1738 1542 1864 1604 ieiuniis

1117 1631 1307 1693 constitutos
1337 1633 1522 1705 transferre,
1549 1635 1695 1712 sacrique
1716 1635 1865 1698 audiendi

1118 1732 1323 1803 praeceptum
1346 1725 1516 1803 abrogare:
1542 1728 1815 1803 quemadmodum
1834 1736 1865 1790 et

1117 1817 1150 1877 in
1173 1819 1401 1880 constitutione
1423 1817 1593 1881 Auctorem
1613 1820 1697 1899 fidei,
1711 1837 1727 1882 a
1742 1821 1796 1882 Pio
1812 1821 1862 1883 vl.

1117 1927 1160 1972 sa.
1185 1927 1247 1972 me.
1272 1911 1516 1990 praedecessore
1539 1919 1649 1974 nostro
1676 1914 1726 1975 die
1748 1931 1863 1976 xxvnr.

1117 2003 1245 2080 augusti
1267 2004 1340 2066 anni
1363 2021 1537 2066 xoccxcrv.
1561 2004 1655 2078 edita,
1673 2005 1731 2068 fuit
1753 2007 1864 2069 adver·

1118 2114 1172 2158 sus
1200 2097 1410 2160 Pistorienses
1439 2107 1547 2176 aperte
1576 2099 1756 2162 definitum.
1783 2099 1864 2162 Con-

1118 2191 1213 2252 traria
1234 2197 1341 2252 tamen
1360 2197 1445 2264 sunt,
1463 2207 1544 2268 quae
1560 2192 1593 2252 in
1608 2191 1803 2256 Badcnsibus
1817 2211 1864 2256 ar-

1118 2283 1222 2346 ticulis
1246 2285 1462 2356 continentur,
1486 2300 1632 2362 quaeque
1654 2301 1693 2347 ex
1716 2303 1754 2348 eo
1769 2287 1864 2349 etiam

1118 2383 1193 2438 sunt
1222 2377 1459 2456 perniciosiora,
1483 2379 1569 2455 quod
1598 2379 1680 2440 circa
1706 2379 1864 2442 eiusmodi

1118 2477 1226 2548 caput,
1256 2477 1369 2549 utpote
1390 2470 1589 2548 disciplinam
1612 2471 1790 2548 attingens,
1814 2473 1863 2534 ius

1118 2563 1203 2624 civili
1226 2564 1373 2642 potestati
1396 2563 1494 2626 fuerit
1519 2563 1797 2626 indiscriminatim
1818 2582 1864 2626 as-

1119 2664 1242 2718 sertum
1264 2663 1358 2735 atque
1380 2673 1532 2735 expresse
1563 2665 1776 2720 reservatum.
1801 2657 1865 2721 Nec

1119 2751 1225 2812 minus
1247 2750 1397 2812 Romanis
1420 2751 1625 2812 Pontificibus
1641 2751 1800 2829 peculiare
1815 2753 1864 2814 ius

1117 2843 1201 2906 inest
1229 2845 1395 2921 regulares
1417 2844 1551 2906 familias
1573 2845 1611 2906 ab
1633 2846 1863 2926 Episcoporum

1117 2937 1337 3018 iurisdictione
1358 2938 1531 3012 eximendi,
1548 2939 1672 3016 sibique
1694 2941 1864 3003 subiicien-

1119 3031 1165 3093 di:
1191 3047 1255 3108 quo
1277 3031 1348 3094 iure
1367 3033 1405 3092 ab
1421 3031 1648 3108 antiquissimis
1664 3035 1864 3112 temporibus

1117 3124 1167 3186 usi
1188 3125 1235 3185 illi
1258 3123 1435 3186 certissime
1457 3131 1542 3186 sunt.
1567 3123 1754 3202 Atquibuic
1768 3126 1863 3188 etiarn

1118 3218 1180 3280 iuri
1216 3217 1474 3279 manifestissime
1509 3219 1683 3280 detrabunt
1714 3220 1864 3282 Badensis

1118 3319 1296 3374 conventus
1317 3311 1452 3374 articuli.
1478 3311 1570 3385 Sane,
1594 3329 1653 3374 nec
1674 3313 1753 3376 facta
1776 3330 1864 3376 men-

1118 3405 1205 3468 tione
1227 3403 1340 3468 veniae
1362 3405 1400 3467 ab
1422 3405 1602 3484 Apostolica
1625 3406 1705 3470 Sede
1721 3424 1863 3470 necessa-

1118 3498 1166 3560 rio
1186 3498 1405 3576 implorandae
1428 3506 1459 3560 et
1481 3490 1681 3574 obtinendae,
1708 3508 1864 3565 statutum

1118 3597 1176 3663 est,
1200 3597 1236 3653 ut
1257 3591 1294 3652 ab
1316 3591 1450 3653 seculari
1473 3599 1628 3670 potestate
1643 3610 1678 3656 ea
1692 3595 1864 3674 suscipian-

1118 3691 1170 3746 tur
1191 3684 1332 3757 consilia,
1350 3685 1477 3762 quibus,
1495 3686 1611 3747 abolita
1625 3686 1863 3750 coenobiorum

1118 3793 1198 3856 quae
1220 3779 1348 3840 suntin
1371 3777 1514 3840 Helvetia
1536 3779 1755 3858 exemptione,
1781 3783 1864 3844 ordi-

1118 3873 1223 3934 nariae
1244 3871 1475 3950 Episcoporum
1497 3873 1675 3934 arvctoritati
1697 3875 1863 3951 regulares

1117 3965 1254 4028 familiae
1269 3965 1456 4028 subdantur.
1474 3964 1594 4038 Quibus
1609 3973 1642 4028 et
1655 3967 1709 4028 illa
1723 3974 1799 4030 sunt
1813 3969 1864 4030 ad-

1116 4059 1278 4136 iungenda
1306 4074 1387 4135 quae
1409 4058 1448 4120 de
1469 4059 1594 4121 iuribus
1617 4061 1861 4139 Episcoporum‚

1116 4168 1177 4230 qua
1206 4152 1359 4214 latissime
1386 4157 1506 4228 patent,
1530 4153 1717 4215 exercendis
1747 4155 1863 4216 sancita

1116 4252 1202 4318 sunt,
1226 4260 1372 4322 quaeque
1400 4243 1425 4304 si
1449 4245 1588 4322 penitius
1618 4246 1863 4309 considerentur

1117 4346 1150 4402 et
1170 4340 1208 4401 ad
1230 4337 1384 4418 principia
1405 4337 1588 4400 referantur
1603 4353 1643 4399 ex
1658 4337 1775 4415 quibus
1791 4356 1864 4401 can-

1117 4433 1190 4494 fecti
1218 4433 1251 4494 in
1280 4431 1393 4493 codem
1422 4437 1583 4493 conventu
1611 4431 1736 4494 articuli
1767 4433 1864 4495 dima-

1117 4533 1204 4598 nant,
1229 4525 1365 4587 innuere
1386 4524 1549 4596 videntur,
1571 4523 1803 4603 Episcoporum
1817 4527 1864 4588 iu-

1116 4620 1336 4682 risdictionem
1350 4618 1442 4680 iustis
1458 4616 1531 4680 licet
1543 4619 1582 4680 de
1598 4620 1698 4681 causis
1714 4637 1780 4682 non
1794 4637 1863 4698 pos·

1117 4731 1150 4775 se
1172 4719 1226 4774 aut
1247 4729 1312 4774 non
1334 4713 1452 4774 debere
1472 4727 1622 4790 suprema
1636 4713 1770 4776 Romani
1784 4714 1863 4776 Pon-

1117 4806 1208 4868 tifrcis
1230 4805 1416 4868 auctoritate
1442 4805 1595 4878 coerceri,
1618 4823 1652 4867 ac
1673 4806 1864 4884 quibusdam

1117 4898 1272 4960 limitibus
1309 4898 1501 4974 quandoque
1536 4898 1765 4960 circumscribi.
1799 4899 1864 4962 Nec

1117 4991 1349 5070 praetereunda
1368 5006 1449 5067 quae
1464 4991 1532 5052 sive
1549 4991 1587 5052 de
1603 4991 1864 5070 Metropolitanae

1118 5085 1207 5146 Sedis
1230 5084 1403 5156 erectione,
1420 5084 1488 5145 sive
1507 5085 1546 5146 de
1562 5085 1727 5146 nonnullis
1743 5101 1781 5146 ex
1797 5086 1864 5146 istis

1117 5177 1315 5239 dioecesibus
1336 5177 1428 5238 alteri
1447 5177 1619 5239 cathedrali
1636 5177 1795 5239 Ecclesiae
1810 5194 1863 5239 ex-

1118 5279 1163 5332 tra
1186 5272 1266 5332 fines
1285 5270 1465 5332 Helveticos
1481 5271 1601 5349 positae
1617 5271 1861 5347 coniungendis,

1118 5371 1245 5426 tractata
1266 5382 1300 5426 ac
1322 5365 1482 5443 proposita
1504 5371 1589 5426 sunt.
1613 5363 1810 5441 Quamquam
1833 5381 1864 5425 e-

1117 5457 1183 5519 nim
1213 5475 1248 5520 ea
1277 5458 1309 5518 in
1339 5473 1374 5520 re
1395 5456 1595 5535 Apostolicae
1624 5457 1713 5519 Sedis
1743 5456 1863 5519 furium

1116 5551 1220 5628 aliqua
1242 5551 1340 5614 fuerit
1358 5550 1466 5612 habita
1494 5550 1584 5622 ratio,
1609 5567 1672 5612 non
1695 5567 1730 5612 ea
1757 5557 1864 5612 tamen

1118 5645 1194 5707 baec
1216 5661 1285 5706 esse
1306 5644 1511 5720 intelligitur,
1529 5660 1624 5721 quam
1640 5645 1688 5704 vis
1704 5651 1736 5706 et
1752 5651 1864 5706 natura

1117 5737 1218 5799 divini
1250 5737 1405 5815 primatus
1434 5737 1627 5815 postulabat:
1660 5737 1703 5798 ibi
1725 5753 1864 5814 namque

1117 5831 1249 5909 perinde
1271 5837 1377 5892 actum
1399 5837 1447 5891 est
1468 5847 1502 5892 ac
1523 5831 1547 5890 si
1571 5829 1710 5892 liberum
1732 5833 1864 5892 omnino

1118 5930 1203 5986 esset
1224 5923 1309 5985 civili
1332 5924 1480 6002 potestati
1499 5924 1537 5984 de
1554 5924 1749 6001 gravissimis
1765 5924 1802 5988 iis
1818 5942 1864 5988 ca-

1791 566 1847 632 125
1897 568 1951 621 An.
1965 568 1995 622 O.
2017 565 2087 621 1835
