<?xml version="1.0" encoding="UTF-8"?>
<!DOCTYPE html PUBLIC "-//W3C//DTD XHTML 1.0 Transitional//EN"
    "http://www.w3.org/TR/xhtml1/DTD/xhtml1-transitional.dtd">
<html xmlns="http://www.w3.org/1999/xhtml" xml:lang="en" lang="en">
 <head>
  <title>
</title>
<meta http-equiv="Content-Type" content="text/html;charset=utf-8" />
  <meta name='ocr-system' content='tesseract 3.04.00' />
  <meta name='ocr-capabilities' content='ocr_page ocr_carea ocr_par ocr_line ocrx_word'/>
</head>
<body>
  <div class='ocr_page' id='page_1' title='image "./iurispontificii01martgoog_0398.png"; bbox 0 0 4822 6986; ppageno 0'>
   <div class='ocr_carea' id='block_1_1' title="bbox 39 3423 100 3718">
    <p class='ocr_par' dir='ltr' id='par_1_1' title="bbox 39 3423 100 3718">
     <span class='ocr_line' id='line_1_1' title="bbox 42 3423 73 3456; baseline 0 0"><span class='ocrx_word' id='word_1_1' title='bbox 42 3423 44 3428; x_wconf 69' lang='grc' dir='ltr'>Ι</span> <span class='ocrx_word' id='word_1_2' title='bbox 59 3429 73 3456; x_wconf 46' lang='grc' dir='ltr'><strong>ιιι</strong></span> 
     </span>
     <span class='ocr_line' id='line_1_2' title="bbox 42 3465 100 3494; baseline -0.034 0"><span class='ocrx_word' id='word_1_3' title='bbox 42 3471 56 3494; x_wconf 73' lang='lat' dir='ltr'><strong>ri·</strong></span> <span class='ocrx_word' id='word_1_4' title='bbox 75 3465 100 3492; x_wconf 46' lang='grc' dir='ltr'><strong>Νι</strong></span> 
     </span>
     <span class='ocr_line' id='line_1_3' title="bbox 39 3495 90 3524; baseline -0.039 -2"><span class='ocrx_word' id='word_1_5' title='bbox 39 3495 50 3524; x_wconf 73' lang='lat' dir='ltr'><strong>,fa</strong></span> <span class='ocrx_word' id='word_1_6' title='bbox 60 3501 75 3520; x_wconf 74' lang='lat'><strong>..¹</strong></span> <span class='ocrx_word' id='word_1_7' title='bbox 88 3509 90 3514; x_wconf 71' lang='lat'><strong>.</strong></span> 
     </span>
     <span class='ocr_line' id='line_1_4' title="bbox 39 3523 55 3530; baseline 0 0"><span class='ocrx_word' id='word_1_8' title='bbox 39 3523 55 3530; x_wconf 78' lang='lat'><strong>..</strong></span> 
     </span>
     <span class='ocr_line' id='line_1_5' title="bbox 52 3533 64 3568; baseline 0 0"><span class='ocrx_word' id='word_1_9' title='bbox 52 3533 64 3568; x_wconf 59' lang='lat'><strong>¹⁴:</strong></span> 
     </span>
     <span class='ocr_line' id='line_1_6' title="bbox 40 3569 74 3600; baseline 0 -18"><span class='ocrx_word' id='word_1_10' title='bbox 40 3575 48 3582; x_wconf 62' lang='lat' dir='ltr'>a</span> <span class='ocrx_word' id='word_1_11' title='bbox 58 3569 74 3600; x_wconf 49' lang='lat' dir='ltr'><strong>..y</strong></span> 
     </span>
     <span class='ocr_line' id='line_1_7' title="bbox 39 3597 80 3628; baseline 0 -8"><span class='ocrx_word' id='word_1_12' title='bbox 39 3597 80 3628; x_wconf 47' lang='grc' dir='ltr'><strong>’ὕει’</strong></span> 
     </span>
     <span class='ocr_line' id='line_1_8' title="bbox 49 3623 56 3634; baseline 0 -2"><span class='ocrx_word' id='word_1_13' title='bbox 49 3623 56 3634; x_wconf 50' lang='lat' dir='ltr'><strong>a</strong></span> 
     </span>
     <span class='ocr_line' id='line_1_9' title="bbox 82 3689 85 3698; baseline 0 0"><span class='ocrx_word' id='word_1_14' title='bbox 82 3689 85 3698; x_wconf 63' lang='lat' dir='ltr'><strong>r</strong></span> 
     </span>
     <span class='ocr_line' id='line_1_10' title="bbox 68 3709 71 3718; baseline 0 0"><span class='ocrx_word' id='word_1_15' title='bbox 68 3709 71 3718; x_wconf 53' lang='lat' dir='ltr'><strong>t</strong></span> 
     </span>
    </p>
   </div>
   <div class='ocr_carea' id='block_1_2' title="bbox 39 89 93 3166">
    <p class='ocr_par' dir='ltr' id='par_1_2' title="bbox 39 89 96 3166">
     <span class='ocr_line' id='line_1_11' title="bbox 39 171 69 3166; textangle 90"><span class='ocrx_word' id='word_1_16' title='bbox 39 1577 69 3166; x_wconf 39' lang='grc' dir='ltr'><strong>τὶεέεῑ-ωῑτ-ωῑέκεῠέᾘεῗἰτπεψῆτ-*εεΐττν-τ-«ετ»-,ι”</strong></span> <span class='ocrx_word' id='word_1_17' title='bbox 39 1509 60 1554; x_wconf 60' lang='grc' dir='ltr'><strong>,ε</strong></span> <span class='ocrx_word' id='word_1_18' title='bbox 39 1101 67 1474; x_wconf 41' lang='grc' dir='ltr'><strong>ᾗ-ετ</strong></span> <span class='ocrx_word' id='word_1_19' title='bbox 39 989 61 1054; x_wconf 56' lang='lat'><strong>22:-</strong></span> <span class='ocrx_word' id='word_1_20' title='bbox 39 661 54 884; x_wconf 49' lang='grc' dir='ltr'><strong>ν-ι-</strong></span> <span class='ocrx_word' id='word_1_21' title='bbox 39 505 62 566; x_wconf 51' lang='grc' dir='ltr'>τ-τε</span> <span class='ocrx_word' id='word_1_22' title='bbox 39 331 69 482; x_wconf 35' lang='lat'><strong>22:224</strong></span> <span class='ocrx_word' id='word_1_23' title='bbox 55 231 56 236; x_wconf 55' lang='lat'><em>„</em></span> <span class='ocrx_word' id='word_1_24' title='bbox 51 171 61 210; x_wconf 17' lang='lat' dir='ltr'><strong>..A</strong></span> 
     </span>
     <span class='ocr_line' id='line_1_12' title="bbox 58 89 93 2990; textangle 90"><span class='ocrx_word' id='word_1_25' title='bbox 62 2865 91 2990; x_wconf 40' lang='lat'><strong>:3-2-22·</strong></span> <span class='ocrx_word' id='word_1_26' title='bbox 74 2623 81 2638; x_wconf 72' lang='grc'><strong>-</strong></span> <span class='ocrx_word' id='word_1_27' title='bbox 68 2579 76 2594; x_wconf 52' lang='lat'><strong>⁴-</strong></span> <span class='ocrx_word' id='word_1_28' title='bbox 59 1979 83 2406; x_wconf 31' lang='lat' dir='ltr'><strong>*s‘*=·</strong></span> <span class='ocrx_word' id='word_1_29' title='bbox 58 1797 88 1848; x_wconf 64' lang='lat' dir='ltr'>i</span> <span class='ocrx_word' id='word_1_30' title='bbox 69 1749 70 1754; x_wconf 55' lang='lat'><em>„</em></span> <span class='ocrx_word' id='word_1_31' title='bbox 71 1711 75 1716; x_wconf 88' lang='lat'>-</span> <span class='ocrx_word' id='word_1_32' title='bbox 58 1379 91 1544; x_wconf 46' lang='grc' dir='ltr'><strong>’κ</strong></span> <span class='ocrx_word' id='word_1_33' title='bbox 71 1301 76 1332; x_wconf 51' lang='lat' dir='ltr'><strong>r·</strong></span> <span class='ocrx_word' id='word_1_34' title='bbox 66 1083 80 1280; x_wconf 44' lang='grc' dir='ltr'><strong>-ε</strong></span> <span class='ocrx_word' id='word_1_35' title='bbox 59 921 90 1052; x_wconf 96' lang='grc' dir='ltr'><strong>τῖε</strong></span> <span class='ocrx_word' id='word_1_36' title='bbox 63 423 93 568; x_wconf 41' lang='lat'><strong>“²2:25</strong></span> <span class='ocrx_word' id='word_1_37' title='bbox 62 361 63 364; x_wconf 58' lang='lat'><em>„</em></span> <span class='ocrx_word' id='word_1_38' title='bbox 60 227 88 338; x_wconf 48' lang='grc' dir='ltr'><strong>,εῖτ</strong></span> <span class='ocrx_word' id='word_1_39' title='bbox 73 89 75 96; x_wconf 60' lang='lat'><strong>&lt;</strong></span> 
     </span>
    </p>
   </div>
   <div class='ocr_carea' id='block_1_3' title="bbox 354 1329 566 1535">
    <p class='ocr_par' dir='ltr' id='par_1_3' title="bbox 354 1329 566 1535">
     <span class='ocr_line' id='line_1_13' title="bbox 364 1329 566 1374; baseline 0.01 -2"><span class='ocrx_word' id='word_1_40' title='bbox 364 1329 456 1373; x_wconf 76' lang='lat' dir='ltr'><strong>Neritii</strong></span> <span class='ocrx_word' id='word_1_41' title='bbox 468 1329 500 1374; x_wconf 82' lang='lat' dir='ltr'><strong>ed</strong></span> <span class='ocrx_word' id='word_1_42' title='bbox 512 1329 566 1374; x_wconf 92' lang='lat' dir='ltr'><strong>nui·</strong></span> 
     </span>
     <span class='ocr_line' id='line_1_14' title="bbox 356 1381 566 1428; baseline 0.019 -4"><span class='ocrx_word' id='word_1_43' title='bbox 356 1381 566 1428; x_wconf 85' lang='lat' dir='ltr'><strong>iurnecclesiasti-</strong></span> 
     </span>
     <span class='ocr_line' id='line_1_15' title="bbox 355 1436 565 1482; baseline 0.01 -2"><span class='ocrx_word' id='word_1_44' title='bbox 355 1446 412 1480; x_wconf 93' lang='lat' dir='ltr'><strong>cum</strong></span> <span class='ocrx_word' id='word_1_45' title='bbox 437 1436 565 1482; x_wconf 80' lang='lat' dir='ltr'>ordinem</span> 
     </span>
     <span class='ocr_line' id='line_1_16' title="bbox 354 1488 515 1535; baseline 0.012 -1"><span class='ocrx_word' id='word_1_46' title='bbox 354 1488 515 1535; x_wconf 84' lang='lat' dir='ltr'><strong>admittendi.</strong></span> 
     </span>
    </p>
   </div>
   <div class='ocr_carea' id='block_1_4' title="bbox 352 3965 567 4116">
    <p class='ocr_par' dir='ltr' id='par_1_4' title="bbox 352 3965 567 4116">
     <span class='ocr_line' id='line_1_17' title="bbox 394 3965 566 4021; baseline -0.006 -12"><span class='ocrx_word' id='word_1_47' title='bbox 394 3967 427 4010; x_wconf 84' lang='lat' dir='ltr'><strong>lte</strong></span> <span class='ocrx_word' id='word_1_48' title='bbox 448 3965 566 4021; x_wconf 77' lang='lat' dir='ltr'><strong>frequen-</strong></span> 
     </span>
     <span class='ocr_line' id='line_1_18' title="bbox 352 4016 567 4064; baseline 0.009 -2"><span class='ocrx_word' id='word_1_49' title='bbox 352 4016 567 4064; x_wconf 80' lang='lat' dir='ltr'><strong>tibsecramento-</strong></span> 
     </span>
     <span class='ocr_line' id='line_1_19' title="bbox 354 4083 417 4116; baseline 0.016 -1"><span class='ocrx_word' id='word_1_50' title='bbox 354 4083 417 4116; x_wconf 86' lang='lat' dir='ltr'><strong>rum¹</strong></span> 
     </span>
    </p>
   </div>
   <div class='ocr_carea' id='block_1_5' title="bbox 605 527 1607 590">
    <p class='ocr_par' dir='ltr' id='par_1_5' title="bbox 605 527 1607 590">
     <span class='ocr_line' id='line_1_20' title="bbox 605 527 1607 590; baseline -0.001 -1"><span class='ocrx_word' id='word_1_51' title='bbox 605 527 664 590; x_wconf 84' lang='lat'><strong>388</strong></span> <span class='ocrx_word' id='word_1_52' title='bbox 1104 543 1170 588; x_wconf 91' lang='lat' dir='ltr'><strong>run.</strong></span> <span class='ocrx_word' id='word_1_53' title='bbox 1194 543 1285 588; x_wconf 81' lang='lat' dir='ltr'><strong>ronr.</strong></span> <span class='ocrx_word' id='word_1_54' title='bbox 1310 543 1350 586; x_wconf 87' lang='lat' dir='ltr'><strong>nn</strong></span> <span class='ocrx_word' id='word_1_55' title='bbox 1372 545 1401 588; x_wconf 80' lang='lat' dir='ltr'><strong>r.</strong></span> <span class='ocrx_word' id='word_1_56' title='bbox 1426 545 1455 588; x_wconf 86' lang='lat' dir='ltr'><strong>r.</strong></span> <span class='ocrx_word' id='word_1_57' title='bbox 1480 543 1563 588; x_wconf 80' lang='lat' dir='ltr'><strong>nans</strong></span> <span class='ocrx_word' id='word_1_58' title='bbox 1585 545 1607 588; x_wconf 93' lang='lat'><strong>1.</strong></span> 
     </span>
    </p>
   </div>
   <div class='ocr_carea' id='block_1_6' title="bbox 583 661 1336 5239">
    <p class='ocr_par' dir='ltr' id='par_1_6' title="bbox 585 661 1334 1007">
     <span class='ocr_line' id='line_1_21' title="bbox 585 661 1334 742; baseline -0.003 -18"><span class='ocrx_word' id='word_1_59' title='bbox 585 661 972 742; x_wconf 87' lang='lat' dir='ltr'><strong>tacito‚quen1illesine</strong></span> <span class='ocrx_word' id='word_1_60' title='bbox 995 661 1140 739; x_wconf 79' lang='lat' dir='ltr'><strong>legitima</strong></span> <span class='ocrx_word' id='word_1_61' title='bbox 1166 661 1257 723; x_wconf 80' lang='lat' dir='ltr'><strong>causi</strong></span> <span class='ocrx_word' id='word_1_62' title='bbox 1280 678 1334 722; x_wconf 92' lang='lat' dir='ltr'><strong>ne-</strong></span> 
     </span>
     <span class='ocr_line' id='line_1_22' title="bbox 586 756 1334 834; baseline -0.003 -16"><span class='ocrx_word' id='word_1_63' title='bbox 586 773 662 833; x_wconf 90' lang='lat' dir='ltr'><strong>gare</strong></span> <span class='ocrx_word' id='word_1_64' title='bbox 685 773 749 818; x_wconf 91' lang='lat' dir='ltr'><strong>nnn</strong></span> <span class='ocrx_word' id='word_1_65' title='bbox 772 757 884 831; x_wconf 83' lang='lat' dir='ltr'><strong>debet3</strong></span> <span class='ocrx_word' id='word_1_66' title='bbox 909 763 951 828; x_wconf 88' lang='lat' dir='ltr'><strong>et,</strong></span> <span class='ocrx_word' id='word_1_67' title='bbox 966 756 1027 820; x_wconf 87' lang='lat' dir='ltr'><strong>nisi</strong></span> <span class='ocrx_word' id='word_1_68' title='bbox 1050 772 1202 834; x_wconf 81' lang='lat' dir='ltr'><strong>expresse</strong></span> <span class='ocrx_word' id='word_1_69' title='bbox 1226 763 1257 817; x_wconf 91' lang='lat' dir='ltr'><strong>et</strong></span> <span class='ocrx_word' id='word_1_70' title='bbox 1279 771 1334 816; x_wconf 93' lang='lat' dir='ltr'><strong>no-</strong></span> 
     </span>
     <span class='ocr_line' id='line_1_23' title="bbox 586 850 1334 926; baseline -0.003 -14"><span class='ocrx_word' id='word_1_71' title='bbox 586 850 729 912; x_wconf 91' lang='lat' dir='ltr'><strong>minatim</strong></span> <span class='ocrx_word' id='word_1_72' title='bbox 754 851 932 926; x_wconf 71' lang='lat' dir='ltr'><strong>negaverit,</strong></span> <span class='ocrx_word' id='word_1_73' title='bbox 950 850 1024 911; x_wconf 90' lang='lat' dir='ltr'><strong>dare</strong></span> <span class='ocrx_word' id='word_1_74' title='bbox 1047 866 1240 912; x_wconf 90' lang='lat' dir='ltr'><strong>consensum</strong></span> <span class='ocrx_word' id='word_1_75' title='bbox 1262 865 1334 912; x_wconf 90' lang='lat' dir='ltr'><strong>cen-</strong></span> 
     </span>
     <span class='ocr_line' id='line_1_24' title="bbox 585 946 784 1007; baseline -0.005 -2"><span class='ocrx_word' id='word_1_76' title='bbox 585 946 703 1007; x_wconf 89' lang='lat' dir='ltr'><strong>sendus</strong></span> <span class='ocrx_word' id='word_1_77' title='bbox 726 952 784 1007; x_wconf 91' lang='lat' dir='ltr'><strong>est.</strong></span> 
     </span>
    </p>

    <p class='ocr_par' dir='ltr' id='par_1_7' title="bbox 587 1038 1334 1303">
     <span class='ocr_line' id='line_1_25' title="bbox 625 1038 1334 1118; baseline 0.001 -19"><span class='ocrx_word' id='word_1_78' title='bbox 625 1056 705 1099; x_wconf 89' lang='lat' dir='ltr'><strong>xxn.</strong></span> <span class='ocrx_word' id='word_1_79' title='bbox 729 1038 810 1100; x_wconf 82' lang='lat' dir='ltr'><strong>Cum</strong></span> <span class='ocrx_word' id='word_1_80' title='bbox 833 1045 961 1117; x_wconf 90' lang='lat' dir='ltr'><strong>tempus</strong></span> <span class='ocrx_word' id='word_1_81' title='bbox 978 1038 1174 1118; x_wconf 90' lang='lat' dir='ltr'><strong>probationis</strong></span> <span class='ocrx_word' id='word_1_82' title='bbox 1194 1039 1334 1100; x_wconf 90' lang='lat' dir='ltr'><strong>novitius</strong></span> 
     </span>
     <span class='ocr_line' id='line_1_26' title="bbox 587 1130 1332 1210; baseline 0.003 -20"><span class='ocrx_word' id='word_1_83' title='bbox 587 1130 777 1208; x_wconf 86' lang='lat' dir='ltr'><strong>expleverit,</strong></span> <span class='ocrx_word' id='word_1_84' title='bbox 802 1137 834 1194; x_wconf 91' lang='lat' dir='ltr'><strong>et</strong></span> <span class='ocrx_word' id='word_1_85' title='bbox 855 1131 1018 1210; x_wconf 90' lang='lat' dir='ltr'><strong>professus</strong></span> <span class='ocrx_word' id='word_1_86' title='bbox 1040 1130 1156 1204; x_wconf 90' lang='lat' dir='ltr'><strong>fuerit,</strong></span> <span class='ocrx_word' id='word_1_87' title='bbox 1181 1131 1275 1192; x_wconf 86' lang='lat' dir='ltr'><strong>abbas</strong></span> <span class='ocrx_word' id='word_1_88' title='bbox 1297 1131 1332 1192; x_wconf 89' lang='lat' dir='ltr'><strong>ad</strong></span> 
     </span>
     <span class='ocr_line' id='line_1_27' title="bbox 587 1225 1292 1303; baseline 0.001 -19"><span class='ocrx_word' id='word_1_89' title='bbox 587 1225 773 1300; x_wconf 79' lang='lat' dir='ltr'><strong>generalem</strong></span> <span class='ocrx_word' id='word_1_90' title='bbox 796 1225 941 1288; x_wconf 82' lang='lat' dir='ltr'><strong>abbatem</strong></span> <span class='ocrx_word' id='word_1_91' title='bbox 964 1226 1004 1287; x_wconf 89' lang='lat' dir='ltr'><strong>de</strong></span> <span class='ocrx_word' id='word_1_92' title='bbox 1026 1226 1140 1286; x_wconf 91' lang='lat' dir='ltr'><strong>eodem</strong></span> <span class='ocrx_word' id='word_1_93' title='bbox 1162 1225 1292 1303; x_wconf 88' lang='lat' dir='ltr'><strong>referat.</strong></span> 
     </span>
    </p>

    <p class='ocr_par' dir='ltr' id='par_1_8' title="bbox 586 1315 1336 1959">
     <span class='ocr_line' id='line_1_28' title="bbox 627 1315 1335 1398; baseline 0.006 -22"><span class='ocrx_word' id='word_1_94' title='bbox 627 1333 720 1378; x_wconf 90' lang='lat' dir='ltr'><strong>xxm.</strong></span> <span class='ocrx_word' id='word_1_95' title='bbox 745 1317 816 1380; x_wconf 93' lang='lat' dir='ltr'><strong>Non</strong></span> <span class='ocrx_word' id='word_1_96' title='bbox 831 1319 1046 1398; x_wconf 89' lang='lat' dir='ltr'><strong>permittenda</strong></span> <span class='ocrx_word' id='word_1_97' title='bbox 1063 1325 1110 1382; x_wconf 87' lang='lat' dir='ltr'><strong>est</strong></span> <span class='ocrx_word' id='word_1_98' title='bbox 1126 1315 1248 1380; x_wconf 92' lang='lat' dir='ltr'><strong>novitio</strong></span> <span class='ocrx_word' id='word_1_99' title='bbox 1263 1334 1335 1396; x_wconf 93' lang='lat' dir='ltr'><strong>pro-</strong></span> 
     </span>
     <span class='ocr_line' id='line_1_29' title="bbox 587 1411 1332 1486; baseline 0.003 -14"><span class='ocrx_word' id='word_1_100' title='bbox 587 1411 686 1473; x_wconf 83' lang='lat' dir='ltr'>motio</span> <span class='ocrx_word' id='word_1_101' title='bbox 708 1412 745 1474; x_wconf 89' lang='lat' dir='ltr'><strong>ad</strong></span> <span class='ocrx_word' id='word_1_102' title='bbox 767 1413 870 1474; x_wconf 93' lang='lat' dir='ltr'><strong>ullum</strong></span> <span class='ocrx_word' id='word_1_103' title='bbox 895 1413 1041 1474; x_wconf 82' lang='lat' dir='ltr'><strong>ordinem</strong></span> <span class='ocrx_word' id='word_1_104' title='bbox 1071 1412 1332 1486; x_wconf 89' lang='lat' dir='ltr'><strong>ecclesiasticum,</strong></span> 
     </span>
     <span class='ocr_line' id='line_1_30' title="bbox 587 1505 1334 1582; baseline 0 -16"><span class='ocrx_word' id='word_1_105' title='bbox 587 1521 693 1582; x_wconf 84' lang='lat' dir='ltr'><strong>neque</strong></span> <span class='ocrx_word' id='word_1_106' title='bbox 722 1505 826 1567; x_wconf 90' lang='lat' dir='ltr'><strong>abbati</strong></span> <span class='ocrx_word' id='word_1_107' title='bbox 854 1507 946 1568; x_wconf 86' lang='lat' dir='ltr'><strong>liceat</strong></span> <span class='ocrx_word' id='word_1_108' title='bbox 975 1505 1125 1568; x_wconf 90' lang='lat' dir='ltr'><strong>eumdem</strong></span> <span class='ocrx_word' id='word_1_109' title='bbox 1149 1505 1184 1566; x_wconf 88' lang='lat' dir='ltr'><strong>ad</strong></span> <span class='ocrx_word' id='word_1_110' title='bbox 1214 1521 1334 1568; x_wconf 89' lang='lat' dir='ltr'><strong>sacram</strong></span> 
     </span>
     <span class='ocr_line' id='line_1_31' title="bbox 588 1597 1335 1671; baseline 0 -11"><span class='ocrx_word' id='word_1_111' title='bbox 588 1599 823 1661; x_wconf 75' lang='lat' dir='ltr'><strong>ordinationem</strong></span> <span class='ocrx_word' id='word_1_112' title='bbox 840 1600 968 1661; x_wconf 87' lang='lat' dir='ltr'><strong>offerre.</strong></span> <span class='ocrx_word' id='word_1_113' title='bbox 991 1597 1049 1671; x_wconf 88' lang='lat' dir='ltr'><strong>Oui</strong></span> <span class='ocrx_word' id='word_1_114' title='bbox 1065 1597 1224 1660; x_wconf 90' lang='lat' dir='ltr'><strong>novitium</strong></span> <span class='ocrx_word' id='word_1_115' title='bbox 1236 1600 1272 1660; x_wconf 94' lang='lat' dir='ltr'><strong>ad</strong></span> <span class='ocrx_word' id='word_1_116' title='bbox 1289 1615 1335 1660; x_wconf 88' lang='lat' dir='ltr'><strong>sa-</strong></span> 
     </span>
     <span class='ocr_line' id='line_1_32' title="bbox 587 1693 1334 1772; baseline 0.003 -19"><span class='ocrx_word' id='word_1_117' title='bbox 587 1709 657 1754; x_wconf 86' lang='lat' dir='ltr'><strong>cros</strong></span> <span class='ocrx_word' id='word_1_118' title='bbox 680 1693 808 1755; x_wconf 87' lang='lat' dir='ltr'><strong>ordines</strong></span> <span class='ocrx_word' id='word_1_119' title='bbox 829 1693 963 1772; x_wconf 88' lang='lat' dir='ltr'><strong>provebi</strong></span> <span class='ocrx_word' id='word_1_120' title='bbox 979 1693 1184 1764; x_wconf 79' lang='lat' dir='ltr'><strong>concesserit,</strong></span> <span class='ocrx_word' id='word_1_121' title='bbox 1202 1711 1218 1754; x_wconf 93' lang='lat' dir='ltr'><strong>a</strong></span> <span class='ocrx_word' id='word_1_122' title='bbox 1235 1695 1334 1770; x_wconf 89' lang='lat' dir='ltr'><strong>gradu</strong></span> 
     </span>
     <span class='ocr_line' id='line_1_33' title="bbox 586 1787 1336 1860; baseline 0.004 -14"><span class='ocrx_word' id='word_1_123' title='bbox 586 1803 645 1848; x_wconf 89' lang='lat' dir='ltr'><strong>suo</strong></span> <span class='ocrx_word' id='word_1_124' title='bbox 668 1788 800 1860; x_wconf 83' lang='lat' dir='ltr'><strong>excidat,</strong></span> <span class='ocrx_word' id='word_1_125' title='bbox 819 1793 850 1848; x_wconf 90' lang='lat' dir='ltr'><strong>et</strong></span> <span class='ocrx_word' id='word_1_126' title='bbox 866 1787 1006 1849; x_wconf 89' lang='lat' dir='ltr'><strong>novitius</strong></span> <span class='ocrx_word' id='word_1_127' title='bbox 1029 1787 1064 1848; x_wconf 91' lang='lat' dir='ltr'><strong>ad</strong></span> <span class='ocrx_word' id='word_1_128' title='bbox 1089 1787 1214 1850; x_wconf 87' lang='lat' dir='ltr'><strong>babitus</strong></span> <span class='ocrx_word' id='word_1_129' title='bbox 1230 1804 1336 1850; x_wconf 86' lang='lat' dir='ltr'><strong>susce-</strong></span> 
     </span>
     <span class='ocr_line' id='line_1_34' title="bbox 587 1880 1101 1959; baseline 0.004 -19"><span class='ocrx_word' id='word_1_130' title='bbox 587 1880 729 1959; x_wconf 90' lang='lat' dir='ltr'><strong>ptionem</strong></span> <span class='ocrx_word' id='word_1_131' title='bbox 751 1881 900 1942; x_wconf 88' lang='lat' dir='ltr'><strong>inhabilis</strong></span> <span class='ocrx_word' id='word_1_132' title='bbox 923 1887 1101 1942; x_wconf 85' lang='lat' dir='ltr'><strong>censeatur.</strong></span> 
     </span>
    </p>

    <p class='ocr_par' dir='ltr' id='par_1_9' title="bbox 583 1973 1336 3536">
     <span class='ocr_line' id='line_1_35' title="bbox 627 1973 1335 2054; baseline 0.006 -20"><span class='ocrx_word' id='word_1_133' title='bbox 627 1991 713 2034; x_wconf 84' lang='lat' dir='ltr'><strong>xxiv.</strong></span> <span class='ocrx_word' id='word_1_134' title='bbox 737 1973 884 2036; x_wconf 92' lang='lat' dir='ltr'><strong>Novitius</strong></span> <span class='ocrx_word' id='word_1_135' title='bbox 907 1991 980 2038; x_wconf 91' lang='lat' dir='ltr'><strong>cum</strong></span> <span class='ocrx_word' id='word_1_136' title='bbox 1003 1975 1167 2038; x_wconf 89' lang='lat' dir='ltr'><strong>monacbis</strong></span> <span class='ocrx_word' id='word_1_137' title='bbox 1183 1977 1335 2054; x_wconf 89' lang='lat' dir='ltr'><strong>professis</strong></span> 
     </span>
     <span class='ocr_line' id='line_1_36' title="bbox 585 2068 1336 2148; baseline 0.007 -20"><span class='ocrx_word' id='word_1_138' title='bbox 585 2068 776 2145; x_wconf 88' lang='lat' dir='ltr'><strong>suffragium</strong></span> <span class='ocrx_word' id='word_1_139' title='bbox 799 2085 863 2130; x_wconf 92' lang='lat' dir='ltr'><strong>non</strong></span> <span class='ocrx_word' id='word_1_140' title='bbox 886 2069 976 2142; x_wconf 88' lang='lat' dir='ltr'><strong>ierat,</strong></span> <span class='ocrx_word' id='word_1_141' title='bbox 995 2085 1100 2148; x_wconf 88' lang='lat' dir='ltr'><strong>neque</strong></span> <span class='ocrx_word' id='word_1_142' title='bbox 1124 2071 1162 2131; x_wconf 89' lang='lat' dir='ltr'><strong>de</strong></span> <span class='ocrx_word' id='word_1_143' title='bbox 1184 2070 1336 2133; x_wconf 88' lang='lat' dir='ltr'><strong>rebusad</strong></span> 
     </span>
     <span class='ocr_line' id='line_1_37' title="bbox 586 2160 1335 2240; baseline 0.004 -17"><span class='ocrx_word' id='word_1_144' title='bbox 586 2160 738 2224; x_wconf 86' lang='lat' dir='ltr'><strong>Ordinem</strong></span> <span class='ocrx_word' id='word_1_145' title='bbox 751 2163 969 2240; x_wconf 86' lang='lat' dir='ltr'><strong>spectantibus</strong></span> <span class='ocrx_word' id='word_1_146' title='bbox 981 2165 1212 2240; x_wconf 84' lang='lat' dir='ltr'><strong>interrogetur:</strong></span> <span class='ocrx_word' id='word_1_147' title='bbox 1229 2181 1335 2240; x_wconf 88' lang='lat' dir='ltr'><strong>neque</strong></span> 
     </span>
     <span class='ocr_line' id='line_1_38' title="bbox 585 2255 1334 2333; baseline 0.004 -17"><span class='ocrx_word' id='word_1_148' title='bbox 585 2256 684 2317; x_wconf 90' lang='lat' dir='ltr'><strong>ullam</strong></span> <span class='ocrx_word' id='word_1_149' title='bbox 708 2256 895 2333; x_wconf 89' lang='lat' dir='ltr'><strong>dignitatem</strong></span> <span class='ocrx_word' id='word_1_150' title='bbox 918 2257 951 2318; x_wconf 94' lang='lat' dir='ltr'><strong>in</strong></span> <span class='ocrx_word' id='word_1_151' title='bbox 973 2255 1090 2319; x_wconf 87' lang='lat' dir='ltr'><strong>Ordine</strong></span> <span class='ocrx_word' id='word_1_152' title='bbox 1114 2257 1236 2330; x_wconf 87' lang='lat' dir='ltr'><strong>babeat,</strong></span> <span class='ocrx_word' id='word_1_153' title='bbox 1257 2258 1334 2320; x_wconf 92' lang='lat' dir='ltr'><strong>dum</strong></span> 
     </span>
     <span class='ocr_line' id='line_1_39' title="bbox 588 2350 1335 2428; baseline 0.004 -19"><span class='ocrx_word' id='word_1_154' title='bbox 588 2350 750 2428; x_wconf 90' lang='lat' dir='ltr'><strong>probatur,</strong></span> <span class='ocrx_word' id='word_1_155' title='bbox 764 2351 819 2412; x_wconf 92' lang='lat' dir='ltr'><strong>sed</strong></span> <span class='ocrx_word' id='word_1_156' title='bbox 832 2350 1020 2412; x_wconf 87' lang='lat' dir='ltr'><strong>ministeriis</strong></span> <span class='ocrx_word' id='word_1_157' title='bbox 1036 2355 1160 2412; x_wconf 91' lang='lat' dir='ltr'><strong>tantum</strong></span> <span class='ocrx_word' id='word_1_158' title='bbox 1177 2357 1335 2414; x_wconf 91' lang='lat' dir='ltr'><strong>monaste-</strong></span> 
     </span>
     <span class='ocr_line' id='line_1_40' title="bbox 585 2443 1334 2522; baseline 0.005 -19"><span class='ocrx_word' id='word_1_159' title='bbox 585 2443 626 2504; x_wconf 89' lang='lat' dir='ltr'><strong>rii</strong></span> <span class='ocrx_word' id='word_1_160' title='bbox 641 2443 740 2505; x_wconf 88' lang='lat' dir='ltr'><strong>addici</strong></span> <span class='ocrx_word' id='word_1_161' title='bbox 757 2449 871 2522; x_wconf 91' lang='lat' dir='ltr'><strong>potest.</strong></span> <span class='ocrx_word' id='word_1_162' title='bbox 896 2443 1094 2506; x_wconf 89' lang='lat' dir='ltr'><strong>Probationis</strong></span> <span class='ocrx_word' id='word_1_163' title='bbox 1110 2459 1239 2522; x_wconf 80' lang='lat' dir='ltr'><strong>quoque</strong></span> <span class='ocrx_word' id='word_1_164' title='bbox 1257 2451 1334 2506; x_wconf 91' lang='lat' dir='ltr'><strong>tem-</strong></span> 
     </span>
     <span class='ocr_line' id='line_1_41' title="bbox 586 2537 1335 2618; baseline 0.001 -19"><span class='ocrx_word' id='word_1_165' title='bbox 586 2554 663 2616; x_wconf 88' lang='lat' dir='ltr'><strong>pore</strong></span> <span class='ocrx_word' id='word_1_166' title='bbox 686 2537 826 2598; x_wconf 92' lang='lat' dir='ltr'><strong>novitius</strong></span> <span class='ocrx_word' id='word_1_167' title='bbox 843 2555 858 2598; x_wconf 92' lang='lat' dir='ltr'><strong>a</strong></span> <span class='ocrx_word' id='word_1_168' title='bbox 874 2537 1080 2608; x_wconf 91' lang='lat' dir='ltr'><strong>monasterio,</strong></span> <span class='ocrx_word' id='word_1_169' title='bbox 1099 2538 1132 2600; x_wconf 91' lang='lat' dir='ltr'><strong>in</strong></span> <span class='ocrx_word' id='word_1_170' title='bbox 1148 2553 1211 2614; x_wconf 84' lang='lat' dir='ltr'><strong>quo</strong></span> <span class='ocrx_word' id='word_1_171' title='bbox 1228 2539 1265 2600; x_wconf 92' lang='lat' dir='ltr'><strong>ad</strong></span> <span class='ocrx_word' id='word_1_172' title='bbox 1288 2545 1335 2618; x_wconf 82' lang='lat' dir='ltr'><strong>ty-</strong></span> 
     </span>
     <span class='ocr_line' id='line_1_42' title="bbox 585 2629 1335 2704; baseline 0.007 -14"><span class='ocrx_word' id='word_1_173' title='bbox 585 2631 744 2692; x_wconf 90' lang='lat' dir='ltr'><strong>rocinium</strong></span> <span class='ocrx_word' id='word_1_174' title='bbox 767 2631 921 2692; x_wconf 87' lang='lat' dir='ltr'><strong>admissus</strong></span> <span class='ocrx_word' id='word_1_175' title='bbox 943 2629 1052 2704; x_wconf 88' lang='lat' dir='ltr'><strong>fuerit,</strong></span> <span class='ocrx_word' id='word_1_176' title='bbox 1067 2632 1103 2694; x_wconf 89' lang='lat' dir='ltr'><strong>ad</strong></span> <span class='ocrx_word' id='word_1_177' title='bbox 1126 2630 1212 2694; x_wconf 92' lang='lat' dir='ltr'><strong>aliud</strong></span> <span class='ocrx_word' id='word_1_178' title='bbox 1228 2649 1335 2695; x_wconf 91' lang='lat' dir='ltr'><strong>mona-</strong></span> 
     </span>
     <span class='ocr_line' id='line_1_43' title="bbox 585 2724 1332 2800; baseline 0.008 -18"><span class='ocrx_word' id='word_1_179' title='bbox 585 2725 721 2786; x_wconf 86' lang='lat' dir='ltr'><strong>sterium</strong></span> <span class='ocrx_word' id='word_1_180' title='bbox 741 2741 806 2785; x_wconf 92' lang='lat' dir='ltr'><strong>non</strong></span> <span class='ocrx_word' id='word_1_181' title='bbox 822 2724 1033 2786; x_wconf 82' lang='lat' dir='ltr'><strong>transferatur</strong></span> <span class='ocrx_word' id='word_1_182' title='bbox 1048 2725 1117 2788; x_wconf 89' lang='lat' dir='ltr'><strong>siue</strong></span> <span class='ocrx_word' id='word_1_183' title='bbox 1132 2725 1214 2787; x_wconf 81' lang='lat' dir='ltr'><strong>iusta</strong></span> <span class='ocrx_word' id='word_1_184' title='bbox 1230 2728 1332 2800; x_wconf 79' lang='lat' dir='ltr'><strong>causa,</strong></span> 
     </span>
     <span class='ocr_line' id='line_1_44' title="bbox 586 2817 1335 2896; baseline 0.005 -17"><span class='ocrx_word' id='word_1_185' title='bbox 586 2835 644 2880; x_wconf 90' lang='lat' dir='ltr'><strong>nec</strong></span> <span class='ocrx_word' id='word_1_186' title='bbox 666 2819 735 2880; x_wconf 90' lang='lat' dir='ltr'><strong>sino</strong></span> <span class='ocrx_word' id='word_1_187' title='bbox 751 2817 885 2880; x_wconf 88' lang='lat' dir='ltr'><strong>consilio</strong></span> <span class='ocrx_word' id='word_1_188' title='bbox 901 2819 1160 2896; x_wconf 87' lang='lat' dir='ltr'><strong>congregationis</strong></span> <span class='ocrx_word' id='word_1_189' title='bbox 1177 2829 1335 2884; x_wconf 89' lang='lat' dir='ltr'><strong>monaste-</strong></span> 
     </span>
     <span class='ocr_line' id='line_1_45' title="bbox 585 2912 1335 2992; baseline 0.008 -20"><span class='ocrx_word' id='word_1_190' title='bbox 585 2913 636 2984; x_wconf 90' lang='lat' dir='ltr'><strong>rii,</strong></span> <span class='ocrx_word' id='word_1_191' title='bbox 650 2912 705 2972; x_wconf 94' lang='lat' dir='ltr'><strong>ubi</strong></span> <span class='ocrx_word' id='word_1_192' title='bbox 721 2918 877 2992; x_wconf 86' lang='lat' dir='ltr'><strong>moratur,</strong></span> <span class='ocrx_word' id='word_1_193' title='bbox 900 2918 931 2973; x_wconf 92' lang='lat' dir='ltr'><strong>et</strong></span> <span class='ocrx_word' id='word_1_194' title='bbox 946 2914 1205 2990; x_wconf 89' lang='lat' dir='ltr'><strong>congregationis</strong></span> <span class='ocrx_word' id='word_1_195' title='bbox 1227 2933 1335 2978; x_wconf 91' lang='lat' dir='ltr'><strong>mona-</strong></span> 
     </span>
     <span class='ocr_line' id='line_1_46' title="bbox 586 3005 1335 3088; baseline 0.007 -23"><span class='ocrx_word' id='word_1_196' title='bbox 586 3006 687 3076; x_wconf 91' lang='lat' dir='ltr'><strong>sterii,</strong></span> <span class='ocrx_word' id='word_1_197' title='bbox 711 3020 775 3082; x_wconf 87' lang='lat' dir='ltr'><strong>quo</strong></span> <span class='ocrx_word' id='word_1_198' title='bbox 798 3005 1042 3067; x_wconf 89' lang='lat' dir='ltr'><strong>transferendus</strong></span> <span class='ocrx_word' id='word_1_199' title='bbox 1066 3013 1124 3080; x_wconf 90' lang='lat' dir='ltr'><strong>est,</strong></span> <span class='ocrx_word' id='word_1_200' title='bbox 1149 3015 1242 3070; x_wconf 87' lang='lat' dir='ltr'><strong>etex</strong></span> <span class='ocrx_word' id='word_1_201' title='bbox 1265 3026 1335 3088; x_wconf 89' lang='lat' dir='ltr'><strong>per-</strong></span> 
     </span>
     <span class='ocr_line' id='line_1_47' title="bbox 586 3097 1334 3175; baseline 0.007 -15"><span class='ocrx_word' id='word_1_202' title='bbox 586 3097 738 3160; x_wconf 89' lang='lat' dir='ltr'><strong>missione</strong></span> <span class='ocrx_word' id='word_1_203' title='bbox 770 3097 890 3160; x_wconf 91' lang='lat' dir='ltr'><strong>abbatis</strong></span> <span class='ocrx_word' id='word_1_204' title='bbox 924 3099 1095 3175; x_wconf 90' lang='lat' dir='ltr'><strong>generalis.</strong></span> <span class='ocrx_word' id='word_1_205' title='bbox 1138 3099 1188 3163; x_wconf 86' lang='lat' dir='ltr'><strong>Sic</strong></span> <span class='ocrx_word' id='word_1_206' title='bbox 1227 3109 1334 3164; x_wconf 91' lang='lat' dir='ltr'><strong>autem</strong></span> 
     </span>
     <span class='ocr_line' id='line_1_48' title="bbox 587 3193 1335 3271; baseline 0.007 -17"><span class='ocrx_word' id='word_1_207' title='bbox 587 3193 774 3266; x_wconf 86' lang='lat' dir='ltr'><strong>translatus,</strong></span> <span class='ocrx_word' id='word_1_208' title='bbox 804 3208 877 3253; x_wconf 93' lang='lat' dir='ltr'><strong>cum</strong></span> <span class='ocrx_word' id='word_1_209' title='bbox 908 3199 1034 3270; x_wconf 90' lang='lat' dir='ltr'><strong>tompus</strong></span> <span class='ocrx_word' id='word_1_210' title='bbox 1064 3195 1258 3271; x_wconf 90' lang='lat' dir='ltr'><strong>probationis</strong></span> <span class='ocrx_word' id='word_1_211' title='bbox 1282 3214 1335 3258; x_wconf 89' lang='lat' dir='ltr'><strong>ex-</strong></span> 
     </span>
     <span class='ocr_line' id='line_1_49' title="bbox 586 3286 1335 3365; baseline 0.005 -17"><span class='ocrx_word' id='word_1_212' title='bbox 586 3286 734 3365; x_wconf 88' lang='lat' dir='ltr'><strong>pleverit,</strong></span> <span class='ocrx_word' id='word_1_213' title='bbox 752 3302 810 3364; x_wconf 91' lang='lat' dir='ltr'><strong>pro</strong></span> <span class='ocrx_word' id='word_1_214' title='bbox 832 3286 901 3348; x_wconf 91' lang='lat' dir='ltr'><strong>eius</strong></span> <span class='ocrx_word' id='word_1_215' title='bbox 924 3287 1116 3350; x_wconf 90' lang='lat' dir='ltr'><strong>admissione</strong></span> <span class='ocrx_word' id='word_1_216' title='bbox 1138 3305 1251 3350; x_wconf 92' lang='lat' dir='ltr'><strong>eorum</strong></span> <span class='ocrx_word' id='word_1_217' title='bbox 1268 3307 1335 3352; x_wconf 93' lang='lat' dir='ltr'><strong>mo-</strong></span> 
     </span>
     <span class='ocr_line' id='line_1_50' title="bbox 583 3381 1335 3459; baseline 0.005 -17"><span class='ocrx_word' id='word_1_218' title='bbox 583 3381 762 3442; x_wconf 87' lang='lat' dir='ltr'><strong>nachorum</strong></span> <span class='ocrx_word' id='word_1_219' title='bbox 789 3381 940 3457; x_wconf 86' lang='lat' dir='ltr'><strong>suffragia</strong></span> <span class='ocrx_word' id='word_1_220' title='bbox 967 3391 1125 3459; x_wconf 90' lang='lat' dir='ltr'><strong>rogentur</strong></span> <span class='ocrx_word' id='word_1_221' title='bbox 1150 3384 1205 3446; x_wconf 93' lang='lat' dir='ltr'><strong>ubi</strong></span> <span class='ocrx_word' id='word_1_222' title='bbox 1233 3401 1335 3448; x_wconf 92' lang='lat' dir='ltr'><strong>mora-</strong></span> 
     </span>
     <span class='ocr_line' id='line_1_51' title="bbox 585 3481 648 3536; baseline 0.016 -1"><span class='ocrx_word' id='word_1_223' title='bbox 585 3481 648 3536; x_wconf 90' lang='lat' dir='ltr'><strong>tur.</strong></span> 
     </span>
    </p>

    <p class='ocr_par' dir='ltr' id='par_1_10' title="bbox 585 3568 1334 3914">
     <span class='ocr_line' id='line_1_52' title="bbox 625 3568 1333 3648; baseline 0.004 -17"><span class='ocrx_word' id='word_1_224' title='bbox 625 3587 699 3631; x_wconf 87' lang='lat' dir='ltr'><strong>xxv.</strong></span> <span class='ocrx_word' id='word_1_225' title='bbox 724 3568 871 3631; x_wconf 89' lang='lat' dir='ltr'><strong>Novitius</strong></span> <span class='ocrx_word' id='word_1_226' title='bbox 894 3569 1039 3632; x_wconf 90' lang='lat' dir='ltr'><strong>habitum</strong></span> <span class='ocrx_word' id='word_1_227' title='bbox 1056 3577 1146 3648; x_wconf 83' lang='lat' dir='ltr'><strong>gerat</strong></span> <span class='ocrx_word' id='word_1_228' title='bbox 1164 3572 1201 3634; x_wconf 91' lang='lat' dir='ltr'><strong>ab</strong></span> <span class='ocrx_word' id='word_1_229' title='bbox 1224 3573 1333 3635; x_wconf 89' lang='lat' dir='ltr'><strong>babitu</strong></span> 
     </span>
     <span class='ocr_line' id='line_1_53' title="bbox 586 3663 1334 3742; baseline 0.007 -18"><span class='ocrx_word' id='word_1_230' title='bbox 586 3664 817 3726; x_wconf 80' lang='lat' dir='ltr'><strong>monachorum</strong></span> <span class='ocrx_word' id='word_1_231' title='bbox 837 3663 1059 3740; x_wconf 89' lang='lat' dir='ltr'><strong>professorum</strong></span> <span class='ocrx_word' id='word_1_232' title='bbox 1075 3665 1258 3742; x_wconf 91' lang='lat' dir='ltr'><strong>diversum;</strong></span> <span class='ocrx_word' id='word_1_233' title='bbox 1276 3683 1334 3729; x_wconf 90' lang='lat' dir='ltr'><strong>nec</strong></span> 
     </span>
     <span class='ocr_line' id='line_1_54' title="bbox 585 3757 1334 3836; baseline 0.007 -18"><span class='ocrx_word' id='word_1_234' title='bbox 585 3765 658 3819; x_wconf 90' lang='lat' dir='ltr'><strong>ante</strong></span> <span class='ocrx_word' id='word_1_235' title='bbox 688 3757 922 3836; x_wconf 83' lang='lat' dir='ltr'><strong>professionem</strong></span> <span class='ocrx_word' id='word_1_236' title='bbox 950 3759 1093 3820; x_wconf 88' lang='lat' dir='ltr'><strong>habitum</strong></span> <span class='ocrx_word' id='word_1_237' title='bbox 1127 3759 1257 3822; x_wconf 92' lang='lat' dir='ltr'><strong>illorum</strong></span> <span class='ocrx_word' id='word_1_238' title='bbox 1288 3762 1334 3823; x_wconf 91' lang='lat' dir='ltr'><strong>in-</strong></span> 
     </span>
     <span class='ocr_line' id='line_1_55' title="bbox 586 3853 671 3914; baseline 0 -1"><span class='ocrx_word' id='word_1_239' title='bbox 586 3853 671 3914; x_wconf 92' lang='lat' dir='ltr'><strong>duat.</strong></span> 
     </span>
    </p>

    <p class='ocr_par' dir='ltr' id='par_1_11' title="bbox 584 3946 1334 4760">
     <span class='ocr_line' id='line_1_56' title="bbox 628 3946 1334 4012; baseline 0.006 -4"><span class='ocrx_word' id='word_1_240' title='bbox 628 3965 714 4008; x_wconf 90' lang='lat' dir='ltr'><strong>xxvr.</strong></span> <span class='ocrx_word' id='word_1_241' title='bbox 739 3946 939 4008; x_wconf 90' lang='lat' dir='ltr'><strong>Sacramenta</strong></span> <span class='ocrx_word' id='word_1_242' title='bbox 968 3947 1186 4012; x_wconf 86' lang='lat' dir='ltr'><strong>Paenitentiae</strong></span> <span class='ocrx_word' id='word_1_243' title='bbox 1216 3955 1248 4010; x_wconf 91' lang='lat' dir='ltr'><strong>et</strong></span> <span class='ocrx_word' id='word_1_244' title='bbox 1273 3949 1334 4012; x_wconf 88' lang='lat' dir='ltr'><strong>Eu·</strong></span> 
     </span>
     <span class='ocr_line' id='line_1_57' title="bbox 586 4041 1334 4118; baseline 0.004 -16"><span class='ocrx_word' id='word_1_245' title='bbox 586 4041 754 4103; x_wconf 83' lang='lat' dir='ltr'><strong>citaristiae</strong></span> <span class='ocrx_word' id='word_1_246' title='bbox 776 4041 916 4102; x_wconf 92' lang='lat' dir='ltr'><strong>novitius</strong></span> <span class='ocrx_word' id='word_1_247' title='bbox 940 4041 1051 4118; x_wconf 88' lang='lat' dir='ltr'><strong>quavis</strong></span> <span class='ocrx_word' id='word_1_248' title='bbox 1073 4042 1272 4106; x_wconf 82' lang='lat' dir='ltr'><strong>bebdomada</strong></span> <span class='ocrx_word' id='word_1_249' title='bbox 1286 4060 1334 4105; x_wconf 90' lang='lat' dir='ltr'><strong>se-</strong></span> 
     </span>
     <span class='ocr_line' id='line_1_58' title="bbox 586 4133 1333 4218; baseline 0.005 -22"><span class='ocrx_word' id='word_1_250' title='bbox 586 4135 651 4197; x_wconf 91' lang='lat' dir='ltr'><strong>mel</strong></span> <span class='ocrx_word' id='word_1_251' title='bbox 663 4135 775 4196; x_wconf 90' lang='lat' dir='ltr'><strong>saltem</strong></span> <span class='ocrx_word' id='word_1_252' title='bbox 788 4133 988 4212; x_wconf 80' lang='lat' dir='ltr'><strong>frequentet3</strong></span> <span class='ocrx_word' id='word_1_253' title='bbox 1002 4150 1108 4218; x_wconf 87' lang='lat' dir='ltr'><strong>neque</strong></span> <span class='ocrx_word' id='word_1_254' title='bbox 1121 4153 1137 4196; x_wconf 92' lang='lat' dir='ltr'><strong>a</strong></span> <span class='ocrx_word' id='word_1_255' title='bbox 1148 4136 1333 4200; x_wconf 90' lang='lat' dir='ltr'><strong>divinorum</strong></span> 
     </span>
     <span class='ocr_line' id='line_1_59' title="bbox 585 4229 1332 4308; baseline 0 -16"><span class='ocrx_word' id='word_1_256' title='bbox 585 4230 817 4308; x_wconf 79' lang='lat' dir='ltr'><strong>mysteriorum</strong></span> <span class='ocrx_word' id='word_1_257' title='bbox 847 4229 1088 4307; x_wconf 85' lang='lat' dir='ltr'><strong>participatione</strong></span> <span class='ocrx_word' id='word_1_258' title='bbox 1113 4229 1332 4307; x_wconf 85' lang='lat' dir='ltr'><strong>probibendus</strong></span> 
     </span>
     <span class='ocr_line' id='line_1_60' title="bbox 585 4321 1333 4400; baseline 0.001 -15"><span class='ocrx_word' id='word_1_259' title='bbox 585 4323 714 4386; x_wconf 90' lang='lat' dir='ltr'><strong>estsine</strong></span> <span class='ocrx_word' id='word_1_260' title='bbox 726 4321 859 4385; x_wconf 88' lang='lat' dir='ltr'><strong>consilio</strong></span> <span class='ocrx_word' id='word_1_261' title='bbox 871 4322 969 4400; x_wconf 88' lang='lat' dir='ltr'><strong>patris</strong></span> <span class='ocrx_word' id='word_1_262' title='bbox 981 4323 1154 4400; x_wconf 89' lang='lat' dir='ltr'><strong>spiritualis</strong></span> <span class='ocrx_word' id='word_1_263' title='bbox 1170 4323 1207 4384; x_wconf 91' lang='lat' dir='ltr'><strong>ab</strong></span> <span class='ocrx_word' id='word_1_264' title='bbox 1222 4323 1333 4386; x_wconf 87' lang='lat' dir='ltr'><strong>abbate</strong></span> 
     </span>
     <span class='ocr_line' id='line_1_61' title="bbox 585 4415 1333 4494; baseline 0 -16"><span class='ocrx_word' id='word_1_265' title='bbox 585 4417 690 4478; x_wconf 90' lang='lat' dir='ltr'><strong>eidem</strong></span> <span class='ocrx_word' id='word_1_266' title='bbox 719 4415 881 4492; x_wconf 88' lang='lat' dir='ltr'><strong>assignati.</strong></span> <span class='ocrx_word' id='word_1_267' title='bbox 912 4415 999 4478; x_wconf 88' lang='lat' dir='ltr'><strong>Etsi</strong></span> <span class='ocrx_word' id='word_1_268' title='bbox 1026 4417 1157 4494; x_wconf 88' lang='lat' dir='ltr'><strong>quidem</strong></span> <span class='ocrx_word' id='word_1_269' title='bbox 1186 4418 1333 4480; x_wconf 91' lang='lat' dir='ltr'><strong>sacerdos</strong></span> 
     </span>
     <span class='ocr_line' id='line_1_62' title="bbox 584 4507 1333 4590; baseline 0.003 -18"><span class='ocrx_word' id='word_1_270' title='bbox 584 4511 693 4582; x_wconf 86' lang='lat' dir='ltr'><strong>fuerit,</strong></span> <span class='ocrx_word' id='word_1_271' title='bbox 711 4527 726 4571; x_wconf 90' lang='lat' dir='ltr'><strong>a</strong></span> <span class='ocrx_word' id='word_1_272' title='bbox 741 4510 826 4572; x_wconf 79' lang='lat' dir='ltr'><strong>saort</strong></span> <span class='ocrx_word' id='word_1_273' title='bbox 844 4507 1004 4572; x_wconf 91' lang='lat' dir='ltr'><strong>oblatione</strong></span> <span class='ocrx_word' id='word_1_274' title='bbox 1019 4510 1163 4588; x_wconf 87' lang='lat' dir='ltr'><strong>quotidie</strong></span> <span class='ocrx_word' id='word_1_275' title='bbox 1178 4527 1333 4590; x_wconf 86' lang='lat' dir='ltr'><strong>peragen-</strong></span> 
     </span>
     <span class='ocr_line' id='line_1_63' title="bbox 585 4605 1333 4682; baseline 0.001 -15"><span class='ocrx_word' id='word_1_276' title='bbox 585 4605 621 4667; x_wconf 83' lang='lat' dir='ltr'><strong>da</strong></span> <span class='ocrx_word' id='word_1_277' title='bbox 642 4605 886 4682; x_wconf 91' lang='lat' dir='ltr'><strong>suspendendus</strong></span> <span class='ocrx_word' id='word_1_278' title='bbox 901 4619 966 4666; x_wconf 91' lang='lat' dir='ltr'><strong>non</strong></span> <span class='ocrx_word' id='word_1_279' title='bbox 986 4611 1044 4676; x_wconf 89' lang='grc' dir='ltr'>εει,</span> <span class='ocrx_word' id='word_1_280' title='bbox 1063 4605 1124 4666; x_wconf 91' lang='lat' dir='ltr'><strong>nisi</strong></span> <span class='ocrx_word' id='word_1_281' title='bbox 1140 4606 1285 4668; x_wconf 81' lang='lat' dir='ltr'><strong>excausa</strong></span> <span class='ocrx_word' id='word_1_282' title='bbox 1302 4613 1333 4668; x_wconf 90' lang='lat' dir='ltr'><strong>et</strong></span> 
     </span>
     <span class='ocr_line' id='line_1_64' title="bbox 584 4697 875 4760; baseline 0 0"><span class='ocrx_word' id='word_1_283' title='bbox 584 4697 731 4760; x_wconf 89' lang='lat' dir='ltr'><strong>consulto</strong></span> <span class='ocrx_word' id='word_1_284' title='bbox 753 4697 875 4760; x_wconf 87' lang='lat' dir='ltr'><strong>abbate.</strong></span> 
     </span>
    </p>

    <p class='ocr_par' dir='ltr' id='par_1_12' title="bbox 583 4791 1332 5239">
     <span class='ocr_line' id='line_1_65' title="bbox 625 4791 1331 4868; baseline 0.003 -16"><span class='ocrx_word' id='word_1_285' title='bbox 625 4807 727 4852; x_wconf 87' lang='lat' dir='ltr'><strong>xxvn.</strong></span> <span class='ocrx_word' id='word_1_286' title='bbox 752 4791 783 4853; x_wconf 88' lang='lat' dir='ltr'><strong>Si</strong></span> <span class='ocrx_word' id='word_1_287' title='bbox 806 4792 969 4868; x_wconf 89' lang='lat' dir='ltr'><strong>contingat</strong></span> <span class='ocrx_word' id='word_1_288' title='bbox 991 4793 1149 4854; x_wconf 91' lang='lat' dir='ltr'><strong>novitium</strong></span> <span class='ocrx_word' id='word_1_289' title='bbox 1179 4792 1331 4854; x_wconf 90' lang='lat' dir='ltr'><strong>clericum</strong></span> 
     </span>
     <span class='ocr_line' id='line_1_66' title="bbox 583 4885 1332 4964; baseline 0.001 -19"><span class='ocrx_word' id='word_1_290' title='bbox 583 4885 697 4947; x_wconf 92' lang='lat' dir='ltr'><strong>missae</strong></span> <span class='ocrx_word' id='word_1_291' title='bbox 729 4885 890 4947; x_wconf 89' lang='lat' dir='ltr'><strong>inservire</strong></span> <span class='ocrx_word' id='word_1_292' title='bbox 922 4902 995 4947; x_wconf 91' lang='lat' dir='ltr'><strong>cum</strong></span> <span class='ocrx_word' id='word_1_293' title='bbox 1025 4885 1126 4948; x_wconf 87' lang='lat' dir='ltr'><strong>altero</strong></span> <span class='ocrx_word' id='word_1_294' title='bbox 1156 4887 1332 4964; x_wconf 89' lang='lat' dir='ltr'><strong>superioris</strong></span> 
     </span>
     <span class='ocr_line' id='line_1_67' title="bbox 585 4979 1332 5058; baseline 0.003 -18"><span class='ocrx_word' id='word_1_295' title='bbox 585 4979 702 5058; x_wconf 90' lang='lat' dir='ltr'><strong>gradus</strong></span> <span class='ocrx_word' id='word_1_296' title='bbox 718 4979 833 5052; x_wconf 90' lang='lat' dir='ltr'><strong>etloci,</strong></span> <span class='ocrx_word' id='word_1_297' title='bbox 850 4979 919 5040; x_wconf 89' lang='lat' dir='ltr'><strong>sive</strong></span> <span class='ocrx_word' id='word_1_298' title='bbox 942 4979 1103 5056; x_wconf 88' lang='lat' dir='ltr'><strong>professus</strong></span> <span class='ocrx_word' id='word_1_299' title='bbox 1124 4979 1179 5042; x_wconf 93' lang='lat' dir='ltr'><strong>ille</strong></span> <span class='ocrx_word' id='word_1_300' title='bbox 1194 4981 1246 5054; x_wconf 89' lang='lat' dir='ltr'><strong>sit,</strong></span> <span class='ocrx_word' id='word_1_301' title='bbox 1263 4979 1332 5042; x_wconf 90' lang='lat' dir='ltr'><strong>sive</strong></span> 
     </span>
     <span class='ocr_line' id='line_1_68' title="bbox 584 5073 1331 5150; baseline -0.001 -15"><span class='ocrx_word' id='word_1_302' title='bbox 584 5073 742 5146; x_wconf 86' lang='lat' dir='ltr'><strong>novitius,</strong></span> <span class='ocrx_word' id='word_1_303' title='bbox 768 5073 1016 5150; x_wconf 89' lang='lat' dir='ltr'><strong>epitracbeiion,</strong></span> <span class='ocrx_word' id='word_1_304' title='bbox 1047 5074 1108 5136; x_wconf 91' lang='lat' dir='ltr'><strong>boc</strong></span> <span class='ocrx_word' id='word_1_305' title='bbox 1130 5081 1177 5136; x_wconf 91' lang='lat' dir='ltr'><strong>est</strong></span> <span class='ocrx_word' id='word_1_306' title='bbox 1205 5074 1331 5136; x_wconf 87' lang='lat' dir='ltr'><strong>clerica-</strong></span> 
     </span>
     <span class='ocr_line' id='line_1_69' title="bbox 583 5165 1329 5239; baseline -0.001 -11"><span class='ocrx_word' id='word_1_307' title='bbox 583 5168 648 5228; x_wconf 93' lang='lat' dir='ltr'><strong>lem</strong></span> <span class='ocrx_word' id='word_1_308' title='bbox 671 5165 796 5239; x_wconf 88' lang='lat' dir='ltr'><strong>stolam‚</strong></span> <span class='ocrx_word' id='word_1_309' title='bbox 814 5183 879 5228; x_wconf 93' lang='lat' dir='ltr'><strong>non</strong></span> <span class='ocrx_word' id='word_1_310' title='bbox 894 5165 1015 5238; x_wconf 88' lang='lat' dir='ltr'><strong>induat,</strong></span> <span class='ocrx_word' id='word_1_311' title='bbox 1030 5167 1090 5227; x_wconf 94' lang='lat' dir='ltr'><strong>nisi</strong></span> <span class='ocrx_word' id='word_1_312' title='bbox 1113 5167 1248 5229; x_wconf 89' lang='lat' dir='ltr'><strong>clericus</strong></span> <span class='ocrx_word' id='word_1_313' title='bbox 1263 5167 1329 5238; x_wconf 88' lang='lat' dir='ltr'><strong>ille,</strong></span> 
     </span>
    </p>
   </div>
   <div class='ocr_carea' id='block_1_7' title="bbox 479 5253 1332 5339">
    <p class='ocr_par' dir='ltr' id='par_1_13' title="bbox 479 5253 1332 5339">
     <span class='ocr_line' id='line_1_70' title="bbox 479 5253 1332 5339; baseline 0 -17"><span class='ocrx_word' id='word_1_314' title='bbox 479 5253 481 5257; x_wconf 72' lang='grc'>’</span> <span class='ocrx_word' id='word_1_315' title='bbox 584 5261 639 5338; x_wconf 84' lang='lat' dir='ltr'><strong>qui</strong></span> <span class='ocrx_word' id='word_1_316' title='bbox 661 5261 731 5322; x_wconf 91' lang='lat' dir='ltr'><strong>loco</strong></span> <span class='ocrx_word' id='word_1_317' title='bbox 754 5261 920 5338; x_wconf 88' lang='lat' dir='ltr'><strong>graduque</strong></span> <span class='ocrx_word' id='word_1_318' title='bbox 942 5260 1091 5338; x_wconf 87' lang='lat' dir='ltr'><strong>superior</strong></span> <span class='ocrx_word' id='word_1_319' title='bbox 1113 5269 1171 5333; x_wconf 86' lang='lat' dir='ltr'><strong>est,</strong></span> <span class='ocrx_word' id='word_1_320' title='bbox 1186 5260 1265 5323; x_wconf 95' lang='lat' dir='ltr'><strong>illud</strong></span> <span class='ocrx_word' id='word_1_321' title='bbox 1282 5278 1332 5339; x_wconf 92' lang='lat' dir='ltr'><strong>pa·</strong></span> 
     </span>
    </p>
   </div>
   <div class='ocr_carea' id='block_1_8' title="bbox 379 5461 541 5509">
    <p class='ocr_par' dir='ltr' id='par_1_14' title="bbox 379 5461 541 5509">
     <span class='ocr_line' id='line_1_71' title="bbox 379 5461 541 5509; baseline 0.012 -3"><span class='ocrx_word' id='word_1_322' title='bbox 379 5464 411 5506; x_wconf 83' lang='lat' dir='ltr'><strong>lte</strong></span> <span class='ocrx_word' id='word_1_323' title='bbox 428 5461 541 5509; x_wconf 79' lang='lat' dir='ltr'><strong>silentio</strong></span> 
     </span>
    </p>
   </div>
   <div class='ocr_carea' id='block_1_9' title="bbox 583 5355 1333 5996">
    <p class='ocr_par' dir='ltr' id='par_1_15' title="bbox 583 5355 837 5416">
     <span class='ocr_line' id='line_1_72' title="bbox 583 5355 837 5416; baseline 0.004 -1"><span class='ocrx_word' id='word_1_324' title='bbox 583 5355 663 5416; x_wconf 89' lang='lat' dir='ltr'><strong>riter</strong></span> <span class='ocrx_word' id='word_1_325' title='bbox 684 5355 837 5416; x_wconf 89' lang='lat' dir='ltr'><strong>induerit.</strong></span> 
     </span>
    </p>

    <p class='ocr_par' dir='ltr' id='par_1_16' title="bbox 583 5449 1333 5996">
     <span class='ocr_line' id='line_1_73' title="bbox 623 5449 1332 5512; baseline 0 -1"><span class='ocrx_word' id='word_1_326' title='bbox 623 5465 737 5511; x_wconf 87' lang='lat' dir='ltr'><strong>xxvnr.</strong></span> <span class='ocrx_word' id='word_1_327' title='bbox 755 5449 920 5511; x_wconf 91' lang='lat' dir='ltr'><strong>Novitium</strong></span> <span class='ocrx_word' id='word_1_328' title='bbox 933 5449 1201 5512; x_wconf 90' lang='lat' dir='ltr'><strong>decetsilentium</strong></span> <span class='ocrx_word' id='word_1_329' title='bbox 1219 5457 1332 5512; x_wconf 90' lang='lat' dir='ltr'><strong>tenere</strong></span> 
     </span>
     <span class='ocr_line' id='line_1_74' title="bbox 584 5543 1332 5622; baseline 0.001 -18"><span class='ocrx_word' id='word_1_330' title='bbox 584 5543 807 5622; x_wconf 86' lang='lat' dir='ltr'><strong>praesentibus</strong></span> <span class='ocrx_word' id='word_1_331' title='bbox 833 5544 944 5606; x_wconf 88' lang='lat' dir='ltr'><strong>abbate</strong></span> <span class='ocrx_word' id='word_1_332' title='bbox 966 5550 1061 5621; x_wconf 89' lang='lat' dir='ltr'><strong>atque</strong></span> <span class='ocrx_word' id='word_1_333' title='bbox 1088 5543 1253 5620; x_wconf 87' lang='lat' dir='ltr'><strong>magistro,</strong></span> <span class='ocrx_word' id='word_1_334' title='bbox 1278 5561 1332 5605; x_wconf 94' lang='lat' dir='ltr'><strong>ne-</strong></span> 
     </span>
     <span class='ocr_line' id='line_1_75' title="bbox 584 5637 1332 5716; baseline 0 -18"><span class='ocrx_word' id='word_1_335' title='bbox 584 5653 647 5714; x_wconf 85' lang='lat' dir='ltr'><strong>que</strong></span> <span class='ocrx_word' id='word_1_336' title='bbox 668 5637 757 5714; x_wconf 81' lang='lat' dir='ltr'><strong>loqui</strong></span> <span class='ocrx_word' id='word_1_337' title='bbox 779 5638 839 5698; x_wconf 89' lang='lat' dir='ltr'><strong>nisi</strong></span> <span class='ocrx_word' id='word_1_338' title='bbox 862 5637 1096 5716; x_wconf 86' lang='lat' dir='ltr'><strong>interpellatur,</strong></span> <span class='ocrx_word' id='word_1_339' title='bbox 1120 5645 1174 5698; x_wconf 91' lang='lat' dir='ltr'><strong>aut</strong></span> <span class='ocrx_word' id='word_1_340' title='bbox 1196 5653 1235 5698; x_wconf 90' lang='lat' dir='ltr'><strong>ex</strong></span> <span class='ocrx_word' id='word_1_341' title='bbox 1250 5638 1332 5700; x_wconf 85' lang='lat' dir='ltr'><strong>iusta</strong></span> 
     </span>
     <span class='ocr_line' id='line_1_76' title="bbox 583 5730 1330 5808; baseline -0.001 -15"><span class='ocrx_word' id='word_1_342' title='bbox 583 5731 793 5808; x_wconf 82' lang='lat' dir='ltr'><strong>legitimaque</strong></span> <span class='ocrx_word' id='word_1_343' title='bbox 815 5733 921 5793; x_wconf 81' lang='lat' dir='ltr'><strong>causa:</strong></span> <span class='ocrx_word' id='word_1_344' title='bbox 947 5746 1053 5808; x_wconf 82' lang='lat' dir='ltr'><strong>neque</strong></span> <span class='ocrx_word' id='word_1_345' title='bbox 1069 5747 1142 5792; x_wconf 91' lang='lat' dir='ltr'><strong>cum</strong></span> <span class='ocrx_word' id='word_1_346' title='bbox 1165 5730 1330 5803; x_wconf 90' lang='lat' dir='ltr'><strong>saeculari,</strong></span> 
     </span>
     <span class='ocr_line' id='line_1_77' title="bbox 583 5823 1333 5902; baseline 0 -16"><span class='ocrx_word' id='word_1_347' title='bbox 583 5823 644 5886; x_wconf 91' lang='lat' dir='ltr'><strong>nisi</strong></span> <span class='ocrx_word' id='word_1_348' title='bbox 665 5825 777 5887; x_wconf 87' lang='lat' dir='ltr'><strong>abbate</strong></span> <span class='ocrx_word' id='word_1_349' title='bbox 800 5831 832 5888; x_wconf 91' lang='lat' dir='ltr'><strong>et</strong></span> <span class='ocrx_word' id='word_1_350' title='bbox 859 5826 1013 5902; x_wconf 83' lang='lat' dir='ltr'><strong>irregistro</strong></span> <span class='ocrx_word' id='word_1_351' title='bbox 1042 5825 1275 5898; x_wconf 88' lang='lat' dir='ltr'><strong>annuentibus,</strong></span> <span class='ocrx_word' id='word_1_352' title='bbox 1301 5831 1333 5886; x_wconf 93' lang='lat' dir='ltr'><strong>et</strong></span> 
     </span>
     <span class='ocr_line' id='line_1_78' title="bbox 583 5918 1023 5996; baseline -0.002 -16"><span class='ocrx_word' id='word_1_353' title='bbox 583 5918 643 5980; x_wconf 91' lang='lat' dir='ltr'><strong>alio</strong></span> <span class='ocrx_word' id='word_1_354' title='bbox 666 5919 822 5980; x_wconf 89' lang='lat' dir='ltr'><strong>monacbo</strong></span> <span class='ocrx_word' id='word_1_355' title='bbox 844 5923 1023 5996; x_wconf 90' lang='lat' dir='ltr'><strong>praesente.</strong></span> 
     </span>
    </p>
   </div>
   <div class='ocr_carea' id='block_1_10' title="bbox 1432 657 2325 736">
    <p class='ocr_par' dir='ltr' id='par_1_17' title="bbox 1432 657 2325 736">
     <span class='ocr_line' id='line_1_79' title="bbox 1432 657 2325 736; baseline 0.006 -13"><span class='ocrx_word' id='word_1_356' title='bbox 1432 679 1519 724; x_wconf 83' lang='lat' dir='ltr'><strong>xxix.</strong></span> <span class='ocrx_word' id='word_1_357' title='bbox 1544 661 1691 724; x_wconf 89' lang='lat' dir='ltr'><strong>Novitius</strong></span> <span class='ocrx_word' id='word_1_358' title='bbox 1705 677 1834 722; x_wconf 90' lang='lat' dir='ltr'><strong>mensae</strong></span> <span class='ocrx_word' id='word_1_359' title='bbox 1847 677 1911 722; x_wconf 93' lang='lat' dir='ltr'><strong>non</strong></span> <span class='ocrx_word' id='word_1_360' title='bbox 1923 660 2076 728; x_wconf 88' lang='lat' dir='ltr'><strong>assideat,</strong></span> <span class='ocrx_word' id='word_1_361' title='bbox 2089 657 2152 718; x_wconf 87' lang='lat' dir='ltr'><strong>nisi</strong></span> <span class='ocrx_word' id='word_1_362' title='bbox 2194 673 2220 736; x_wconf 65' lang='lat' dir='ltr'><strong>aa</strong></span> <span class='ocrx_word' id='word_1_363' title='bbox 2230 687 2325 736; x_wconf 57' lang='lat' dir='ltr'><strong>restinta</strong></span> 
     </span>
    </p>
   </div>
   <div class='ocr_carea' id='block_1_11' title="bbox 1391 751 2156 2050">
    <p class='ocr_par' dir='ltr' id='par_1_18' title="bbox 1391 751 2156 2050">
     <span class='ocr_line' id='line_1_80' title="bbox 1391 751 2154 828; baseline -0.007 -13"><span class='ocrx_word' id='word_1_364' title='bbox 1391 754 1496 816; x_wconf 86' lang='lat' dir='ltr'><strong>iussus</strong></span> <span class='ocrx_word' id='word_1_365' title='bbox 1518 755 1556 817; x_wconf 91' lang='lat' dir='ltr'><strong>ab</strong></span> <span class='ocrx_word' id='word_1_366' title='bbox 1578 755 1700 828; x_wconf 88' lang='lat' dir='ltr'><strong>abbate,</strong></span> <span class='ocrx_word' id='word_1_367' title='bbox 1717 760 1772 816; x_wconf 92' lang='lat' dir='ltr'><strong>aut</strong></span> <span class='ocrx_word' id='word_1_368' title='bbox 1794 772 1809 816; x_wconf 92' lang='lat' dir='ltr'><strong>a</strong></span> <span class='ocrx_word' id='word_1_369' title='bbox 1830 753 1958 815; x_wconf 89' lang='lat' dir='ltr'><strong>seniore</strong></span> <span class='ocrx_word' id='word_1_370' title='bbox 1980 753 2072 814; x_wconf 87' lang='lat' dir='ltr'><strong>inter</strong></span> <span class='ocrx_word' id='word_1_371' title='bbox 2090 751 2154 811; x_wconf 89' lang='lat' dir='ltr'><strong>fra-</strong></span> 
     </span>
     <span class='ocr_line' id='line_1_81' title="bbox 1391 844 2154 927; baseline -0.008 -17"><span class='ocrx_word' id='word_1_372' title='bbox 1391 855 1469 910; x_wconf 79' lang='lat' dir='ltr'><strong>tres</strong></span> <span class='ocrx_word' id='word_1_373' title='bbox 1493 847 1525 910; x_wconf 89' lang='lat' dir='ltr'><strong>Si</strong></span> <span class='ocrx_word' id='word_1_374' title='bbox 1547 849 1711 926; x_wconf 90' lang='lat' dir='ltr'><strong>contingat</strong></span> <span class='ocrx_word' id='word_1_375' title='bbox 1731 849 1800 927; x_wconf 94' lang='lat' dir='ltr'><strong>ipso</strong></span> <span class='ocrx_word' id='word_1_376' title='bbox 1816 847 1948 908; x_wconf 90' lang='lat' dir='ltr'><strong>sedente</strong></span> <span class='ocrx_word' id='word_1_377' title='bbox 1964 844 2154 923; x_wconf 90' lang='lat' dir='ltr'><strong>praeterire</strong></span> 
     </span>
     <span class='ocr_line' id='line_1_82' title="bbox 1391 941 2152 1014; baseline -0.005 -11"><span class='ocrx_word' id='word_1_378' title='bbox 1391 942 1536 1004; x_wconf 90' lang='lat' dir='ltr'><strong>abbatem</strong></span> <span class='ocrx_word' id='word_1_379' title='bbox 1559 948 1612 1004; x_wconf 90' lang='lat' dir='ltr'><strong>aut</strong></span> <span class='ocrx_word' id='word_1_380' title='bbox 1631 943 1841 1013; x_wconf 88' lang='lat' dir='ltr'><strong>sacerdotem,</strong></span> <span class='ocrx_word' id='word_1_381' title='bbox 1854 941 1962 1002; x_wconf 91' lang='lat' dir='ltr'><strong>statim</strong></span> <span class='ocrx_word' id='word_1_382' title='bbox 1984 945 2152 1014; x_wconf 89' lang='lat' dir='ltr'><strong>assurgat,</strong></span> 
     </span>
     <span class='ocr_line' id='line_1_83' title="bbox 1392 1035 2156 1112; baseline -0.008 -14"><span class='ocrx_word' id='word_1_383' title='bbox 1392 1042 1424 1098; x_wconf 88' lang='lat' dir='ltr'><strong>et</strong></span> <span class='ocrx_word' id='word_1_384' title='bbox 1445 1037 1561 1099; x_wconf 92' lang='lat' dir='ltr'><strong>iunctis</strong></span> <span class='ocrx_word' id='word_1_385' title='bbox 1583 1037 1616 1098; x_wconf 94' lang='lat' dir='ltr'><strong>in</strong></span> <span class='ocrx_word' id='word_1_386' title='bbox 1638 1037 1740 1098; x_wconf 89' lang='lat' dir='ltr'><strong>crucis</strong></span> <span class='ocrx_word' id='word_1_387' title='bbox 1763 1035 1896 1098; x_wconf 91' lang='lat' dir='ltr'><strong>modum</strong></span> <span class='ocrx_word' id='word_1_388' title='bbox 1912 1050 2007 1112; x_wconf 91' lang='lat' dir='ltr'><strong>supra</strong></span> <span class='ocrx_word' id='word_1_389' title='bbox 2031 1039 2156 1112; x_wconf 84' lang='lat' dir='ltr'><strong>peetus</strong></span> 
     </span>
     <span class='ocr_line' id='line_1_84' title="bbox 1392 1127 2155 1204; baseline -0.007 -12"><span class='ocrx_word' id='word_1_390' title='bbox 1392 1131 1549 1204; x_wconf 90' lang='lat' dir='ltr'><strong>manibus,</strong></span> <span class='ocrx_word' id='word_1_391' title='bbox 1572 1131 1729 1192; x_wconf 82' lang='lat' dir='ltr'><strong>submissa</strong></span> <span class='ocrx_word' id='word_1_392' title='bbox 1751 1129 1894 1200; x_wconf 88' lang='lat' dir='ltr'><strong>cervice,</strong></span> <span class='ocrx_word' id='word_1_393' title='bbox 1919 1127 2094 1204; x_wconf 87' lang='lat' dir='ltr'><strong>oculisque</strong></span> <span class='ocrx_word' id='word_1_394' title='bbox 2120 1127 2155 1187; x_wconf 94' lang='lat' dir='ltr'><strong>in</strong></span> 
     </span>
     <span class='ocr_line' id='line_1_85' title="bbox 1393 1222 2156 1302; baseline -0.004 -18"><span class='ocrx_word' id='word_1_395' title='bbox 1393 1231 1511 1286; x_wconf 90' lang='lat' dir='ltr'><strong>terram</strong></span> <span class='ocrx_word' id='word_1_396' title='bbox 1534 1225 1664 1297; x_wconf 89' lang='lat' dir='ltr'><strong>defixis,</strong></span> <span class='ocrx_word' id='word_1_397' title='bbox 1688 1228 1827 1302; x_wconf 88' lang='lat' dir='ltr'><strong>perstet,</strong></span> <span class='ocrx_word' id='word_1_398' title='bbox 1857 1223 1959 1284; x_wconf 91' lang='lat' dir='ltr'><strong>donec</strong></span> <span class='ocrx_word' id='word_1_399' title='bbox 1985 1222 2043 1284; x_wconf 91' lang='lat' dir='ltr'><strong>ille</strong></span> <span class='ocrx_word' id='word_1_400' title='bbox 2077 1237 2156 1299; x_wconf 91' lang='lat' dir='ltr'><strong>per-</strong></span> 
     </span>
     <span class='ocr_line' id='line_1_86' title="bbox 1393 1316 2154 1392; baseline -0.003 -14"><span class='ocrx_word' id='word_1_401' title='bbox 1393 1319 1565 1380; x_wconf 88' lang='lat' dir='ltr'><strong>transierit.</strong></span> <span class='ocrx_word' id='word_1_402' title='bbox 1583 1319 1652 1380; x_wconf 89' lang='lat' dir='ltr'><strong>Pari</strong></span> <span class='ocrx_word' id='word_1_403' title='bbox 1667 1319 1881 1382; x_wconf 87' lang='lat' dir='ltr'><strong>submissione</strong></span> <span class='ocrx_word' id='word_1_404' title='bbox 1892 1316 2154 1392; x_wconf 75' lang='lat' dir='ltr'><strong>reverentiaque</strong></span> 
     </span>
     <span class='ocr_line' id='line_1_87' title="bbox 1392 1409 2153 1488; baseline -0.001 -19"><span class='ocrx_word' id='word_1_405' title='bbox 1392 1425 1426 1471; x_wconf 87' lang='lat' dir='ltr'><strong>se</strong></span> <span class='ocrx_word' id='word_1_406' title='bbox 1450 1419 1550 1488; x_wconf 85' lang='lat' dir='ltr'><strong>gerat,</strong></span> <span class='ocrx_word' id='word_1_407' title='bbox 1574 1411 1685 1473; x_wconf 89' lang='lat' dir='ltr'><strong>abbate</strong></span> <span class='ocrx_word' id='word_1_408' title='bbox 1704 1418 1758 1474; x_wconf 87' lang='lat' dir='ltr'><strong>aut</strong></span> <span class='ocrx_word' id='word_1_409' title='bbox 1773 1412 1834 1475; x_wconf 90' lang='lat' dir='ltr'><strong>alio</strong></span> <span class='ocrx_word' id='word_1_410' title='bbox 1848 1411 2012 1474; x_wconf 89' lang='lat' dir='ltr'><strong>sacerdote</strong></span> <span class='ocrx_word' id='word_1_411' title='bbox 2035 1409 2153 1486; x_wconf 90' lang='lat' dir='ltr'><strong>ipsum</strong></span> 
     </span>
     <span class='ocr_line' id='line_1_88' title="bbox 1392 1503 2086 1581; baseline 0 -17"><span class='ocrx_word' id='word_1_412' title='bbox 1392 1503 1593 1581; x_wconf 81' lang='lat' dir='ltr'><strong>alloquente3</strong></span> <span class='ocrx_word' id='word_1_413' title='bbox 1618 1523 1686 1578; x_wconf 89' lang='lat' dir='ltr'><strong>nec,</strong></span> <span class='ocrx_word' id='word_1_414' title='bbox 1711 1506 1770 1568; x_wconf 90' lang='lat' dir='ltr'><strong>nisi</strong></span> <span class='ocrx_word' id='word_1_415' title='bbox 1792 1507 1908 1576; x_wconf 90' lang='lat' dir='ltr'><strong>iussus,</strong></span> <span class='ocrx_word' id='word_1_416' title='bbox 1932 1506 2086 1567; x_wconf 86' lang='lat' dir='ltr'><strong>assideat.</strong></span> 
     </span>
     <span class='ocr_line' id='line_1_89' title="bbox 1434 1599 2154 1676; baseline -0.001 -15"><span class='ocrx_word' id='word_1_417' title='bbox 1434 1617 1509 1662; x_wconf 86' lang='lat' dir='ltr'><strong>xxx.</strong></span> <span class='ocrx_word' id='word_1_418' title='bbox 1534 1600 1680 1662; x_wconf 88' lang='lat' dir='ltr'><strong>Novitius</strong></span> <span class='ocrx_word' id='word_1_419' title='bbox 1702 1601 1739 1662; x_wconf 89' lang='lat' dir='ltr'><strong>ab</strong></span> <span class='ocrx_word' id='word_1_420' title='bbox 1755 1601 1867 1662; x_wconf 89' lang='lat' dir='ltr'><strong>abbate</strong></span> <span class='ocrx_word' id='word_1_421' title='bbox 1887 1605 1971 1662; x_wconf 89' lang='lat' dir='ltr'><strong>auta</strong></span> <span class='ocrx_word' id='word_1_422' title='bbox 1987 1599 2154 1676; x_wconf 86' lang='lat' dir='ltr'><strong>magistro</strong></span> 
     </span>
     <span class='ocr_line' id='line_1_90' title="bbox 1393 1694 2154 1772; baseline 0.001 -19"><span class='ocrx_word' id='word_1_423' title='bbox 1393 1694 1622 1772; x_wconf 87' lang='lat' dir='ltr'><strong>reprehensus,</strong></span> <span class='ocrx_word' id='word_1_424' title='bbox 1636 1697 1742 1756; x_wconf 90' lang='lat' dir='ltr'><strong>statim</strong></span> <span class='ocrx_word' id='word_1_425' title='bbox 1759 1695 1791 1756; x_wconf 92' lang='lat' dir='ltr'><strong>in</strong></span> <span class='ocrx_word' id='word_1_426' title='bbox 1808 1711 1912 1771; x_wconf 89' lang='lat' dir='ltr'><strong>genua</strong></span> <span class='ocrx_word' id='word_1_427' title='bbox 1928 1695 2087 1772; x_wconf 88' lang='lat' dir='ltr'><strong>procidat,</strong></span> <span class='ocrx_word' id='word_1_428' title='bbox 2106 1700 2154 1754; x_wconf 87' lang='lat' dir='ltr'><strong>ta-</strong></span> 
     </span>
     <span class='ocr_line' id='line_1_91' title="bbox 1393 1787 2154 1865; baseline -0.001 -18"><span class='ocrx_word' id='word_1_429' title='bbox 1393 1787 1539 1864; x_wconf 80' lang='lat' dir='ltr'><strong>citusque</strong></span> <span class='ocrx_word' id='word_1_430' title='bbox 1561 1787 1667 1848; x_wconf 89' lang='lat' dir='ltr'><strong>audiat</strong></span> <span class='ocrx_word' id='word_1_431' title='bbox 1688 1793 1890 1865; x_wconf 85' lang='lat' dir='ltr'><strong>arguentem,</strong></span> <span class='ocrx_word' id='word_1_432' title='bbox 1908 1804 1977 1858; x_wconf 84' lang='lat' dir='ltr'><strong>nec,</strong></span> <span class='ocrx_word' id='word_1_433' title='bbox 2002 1787 2067 1848; x_wconf 91' lang='lat' dir='ltr'><strong>nisi</strong></span> <span class='ocrx_word' id='word_1_434' title='bbox 2085 1787 2154 1848; x_wconf 91' lang='lat' dir='ltr'><strong>ius-</strong></span> 
     </span>
     <span class='ocr_line' id='line_1_92' title="bbox 1393 1881 2153 1960; baseline -0.003 -18"><span class='ocrx_word' id='word_1_435' title='bbox 1393 1897 1458 1954; x_wconf 82' lang='grc' dir='ltr'>ειιε,</span> <span class='ocrx_word' id='word_1_436' title='bbox 1483 1898 1596 1960; x_wconf 89' lang='lat' dir='ltr'><strong>prose</strong></span> <span class='ocrx_word' id='word_1_437' title='bbox 1620 1882 1718 1943; x_wconf 90' lang='lat' dir='ltr'><strong>verba</strong></span> <span class='ocrx_word' id='word_1_438' title='bbox 1740 1881 1840 1954; x_wconf 86' lang='lat' dir='ltr'><strong>faciat,</strong></span> <span class='ocrx_word' id='word_1_439' title='bbox 1865 1887 1918 1942; x_wconf 91' lang='lat' dir='ltr'><strong>aut</strong></span> <span class='ocrx_word' id='word_1_440' title='bbox 1938 1881 1995 1942; x_wconf 89' lang='lat' dir='ltr'><strong>sibi</strong></span> <span class='ocrx_word' id='word_1_441' title='bbox 2020 1881 2153 1942; x_wconf 87' lang='lat' dir='ltr'><strong>obiecta</strong></span> 
     </span>
     <span class='ocr_line' id='line_1_93' title="bbox 1394 1975 2122 2050; baseline -0.003 -14"><span class='ocrx_word' id='word_1_442' title='bbox 1394 1975 1535 2038; x_wconf 85' lang='lat' dir='ltr'><strong>refellat:</strong></span> <span class='ocrx_word' id='word_1_443' title='bbox 1562 1993 1621 2038; x_wconf 90' lang='lat' dir='ltr'><strong>nec</strong></span> <span class='ocrx_word' id='word_1_444' title='bbox 1643 1975 1702 2036; x_wconf 91' lang='lat' dir='ltr'><strong>nisi</strong></span> <span class='ocrx_word' id='word_1_445' title='bbox 1724 1975 1780 2038; x_wconf 93' lang='lat' dir='ltr'><strong>illo</strong></span> <span class='ocrx_word' id='word_1_446' title='bbox 1802 1975 1935 2036; x_wconf 90' lang='lat' dir='ltr'><strong>iubente</strong></span> <span class='ocrx_word' id='word_1_447' title='bbox 1957 1981 2122 2050; x_wconf 84' lang='lat' dir='ltr'><strong>assurgat.</strong></span> 
     </span>
    </p>
   </div>
   <div class='ocr_carea' id='block_1_12' title="bbox 1433 2161 2107 2242">
    <p class='ocr_par' dir='ltr' id='par_1_19' title="bbox 1433 2161 2107 2242">
     <span class='ocr_line' id='line_1_94' title="bbox 1433 2161 2107 2242; baseline -0.004 -17"><span class='ocrx_word' id='word_1_448' title='bbox 1433 2163 1512 2226; x_wconf 78' lang='lat' dir='ltr'><strong>One.</strong></span> <span class='ocrx_word' id='word_1_449' title='bbox 1529 2163 1565 2225; x_wconf 90' lang='lat' dir='ltr'><strong>ll.</strong></span> <span class='ocrx_word' id='word_1_450' title='bbox 1589 2193 1627 2208; x_wconf 91' lang='lat'>-</span> <span class='ocrx_word' id='word_1_451' title='bbox 1651 2161 1694 2224; x_wconf 87' lang='lat' dir='ltr'><strong>De</strong></span> <span class='ocrx_word' id='word_1_452' title='bbox 1715 2161 1870 2242; x_wconf 80' lang='lat' dir='ltr'><strong>magistro</strong></span> <span class='ocrx_word' id='word_1_453' title='bbox 1892 2161 2107 2223; x_wconf 81' lang='lat' dir='ltr'><strong>novitiorum.</strong></span> 
     </span>
    </p>
   </div>
   <div class='ocr_carea' id='block_1_13' title="bbox 1391 2350 2152 4479">
    <p class='ocr_par' dir='ltr' id='par_1_20' title="bbox 1392 2350 2152 2992">
     <span class='ocr_line' id='line_1_95' title="bbox 1434 2350 2151 2428; baseline -0.001 -16"><span class='ocrx_word' id='word_1_454' title='bbox 1434 2369 1454 2412; x_wconf 92' lang='lat' dir='ltr'><strong>r.</strong></span> <span class='ocrx_word' id='word_1_455' title='bbox 1480 2350 1628 2428; x_wconf 87' lang='lat' dir='ltr'><strong>Magister</strong></span> <span class='ocrx_word' id='word_1_456' title='bbox 1650 2351 1847 2412; x_wconf 93' lang='lat' dir='ltr'><strong>novitiorum</strong></span> <span class='ocrx_word' id='word_1_457' title='bbox 1871 2350 2047 2427; x_wconf 87' lang='lat' dir='ltr'><strong>intelligat,</strong></span> <span class='ocrx_word' id='word_1_458' title='bbox 2075 2367 2151 2414; x_wconf 90' lang='lat' dir='ltr'><strong>rem</strong></span> 
     </span>
     <span class='ocr_line' id='line_1_96' title="bbox 1392 2445 2149 2522; baseline 0 -16"><span class='ocrx_word' id='word_1_459' title='bbox 1392 2445 2149 2522; x_wconf 68' lang='lat' dir='ltr'><strong>cssemagnimomentisibicommissamquan-</strong></span> 
     </span>
     <span class='ocr_line' id='line_1_97' title="bbox 1393 2538 2152 2618; baseline 0 -18"><span class='ocrx_word' id='word_1_460' title='bbox 1393 2539 1567 2616; x_wconf 85' lang='lat' dir='ltr'><strong>doquidem</strong></span> <span class='ocrx_word' id='word_1_461' title='bbox 1597 2555 1636 2601; x_wconf 89' lang='lat' dir='ltr'><strong>ex</strong></span> <span class='ocrx_word' id='word_1_462' title='bbox 1662 2539 1763 2618; x_wconf 83' lang='lat' dir='ltr'><strong>primai</strong></span> <span class='ocrx_word' id='word_1_463' title='bbox 1793 2538 1994 2600; x_wconf 91' lang='lat' dir='ltr'><strong>institutione</strong></span> <span class='ocrx_word' id='word_1_464' title='bbox 2024 2539 2152 2617; x_wconf 90' lang='lat' dir='ltr'><strong>pendet</strong></span> 
     </span>
     <span class='ocr_line' id='line_1_98' title="bbox 1393 2631 2151 2710; baseline -0.003 -16"><span class='ocrx_word' id='word_1_465' title='bbox 1393 2632 1514 2694; x_wconf 90' lang='lat' dir='ltr'><strong>maiore</strong></span> <span class='ocrx_word' id='word_1_466' title='bbox 1537 2648 1576 2693; x_wconf 87' lang='lat' dir='ltr'><strong>ex</strong></span> <span class='ocrx_word' id='word_1_467' title='bbox 1599 2637 1687 2710; x_wconf 92' lang='lat' dir='ltr'><strong>parte</strong></span> <span class='ocrx_word' id='word_1_468' title='bbox 1710 2631 1900 2694; x_wconf 90' lang='lat' dir='ltr'><strong>corumdem</strong></span> <span class='ocrx_word' id='word_1_469' title='bbox 1927 2631 2093 2709; x_wconf 91' lang='lat' dir='ltr'><strong>profectus</strong></span> <span class='ocrx_word' id='word_1_470' title='bbox 2117 2639 2151 2693; x_wconf 92' lang='lat' dir='ltr'><strong>et</strong></span> 
     </span>
     <span class='ocr_line' id='line_1_99' title="bbox 1392 2724 2150 2805; baseline -0.003 -17"><span class='ocrx_word' id='word_1_471' title='bbox 1392 2744 1463 2805; x_wconf 89' lang='lat' dir='ltr'><strong>spes</strong></span> <span class='ocrx_word' id='word_1_472' title='bbox 1479 2727 1581 2789; x_wconf 89' lang='lat' dir='ltr'><strong>nostri</strong></span> <span class='ocrx_word' id='word_1_473' title='bbox 1596 2725 1734 2788; x_wconf 86' lang='lat' dir='ltr'><strong>Ordinis.</strong></span> <span class='ocrx_word' id='word_1_474' title='bbox 1754 2724 1853 2786; x_wconf 87' lang='lat' dir='ltr'><strong>Curet</strong></span> <span class='ocrx_word' id='word_1_475' title='bbox 1868 2725 1967 2801; x_wconf 90' lang='lat' dir='ltr'><strong>igitur</strong></span> <span class='ocrx_word' id='word_1_476' title='bbox 1979 2731 2015 2786; x_wconf 91' lang='lat' dir='ltr'><strong>ut</strong></span> <span class='ocrx_word' id='word_1_477' title='bbox 2030 2725 2150 2786; x_wconf 88' lang='lat' dir='ltr'><strong>indies</strong></span> 
     </span>
     <span class='ocr_line' id='line_1_100' title="bbox 1392 2818 2149 2900; baseline -0.005 -17"><span class='ocrx_word' id='word_1_478' title='bbox 1392 2838 1450 2900; x_wconf 91' lang='lat' dir='ltr'><strong>per</strong></span> <span class='ocrx_word' id='word_1_479' title='bbox 1472 2821 1615 2883; x_wconf 90' lang='lat' dir='ltr'><strong>studium</strong></span> <span class='ocrx_word' id='word_1_480' title='bbox 1632 2819 1779 2898; x_wconf 86' lang='lat' dir='ltr'><strong>propriae</strong></span> <span class='ocrx_word' id='word_1_481' title='bbox 1795 2818 2001 2897; x_wconf 89' lang='lat' dir='ltr'><strong>perfectionis</strong></span> <span class='ocrx_word' id='word_1_482' title='bbox 2023 2819 2149 2880; x_wconf 90' lang='lat' dir='ltr'><strong>instru-</strong></span> 
     </span>
     <span class='ocr_line' id='line_1_101' title="bbox 1393 2913 2147 2992; baseline -0.005 -16"><span class='ocrx_word' id='word_1_483' title='bbox 1393 2922 1540 2978; x_wconf 91' lang='lat' dir='ltr'><strong>mentum</strong></span> <span class='ocrx_word' id='word_1_484' title='bbox 1562 2914 1663 2992; x_wconf 89' lang='lat' dir='ltr'><strong>aptius</strong></span> <span class='ocrx_word' id='word_1_485' title='bbox 1678 2914 1716 2976; x_wconf 89' lang='lat' dir='ltr'><strong>ad</strong></span> <span class='ocrx_word' id='word_1_486' title='bbox 1732 2930 1786 2974; x_wconf 86' lang='lat' dir='ltr'><strong>eos</strong></span> <span class='ocrx_word' id='word_1_487' title='bbox 1806 2913 1960 2974; x_wconf 90' lang='lat' dir='ltr'><strong>iuvandos</strong></span> <span class='ocrx_word' id='word_1_488' title='bbox 1975 2913 2147 2974; x_wconf 91' lang='lat' dir='ltr'><strong>reddatur.</strong></span> 
     </span>
    </p>

    <p class='ocr_par' dir='ltr' id='par_1_21' title="bbox 1392 3005 2149 3554">
     <span class='ocr_line' id='line_1_102' title="bbox 1433 3005 2149 3084; baseline -0.004 -15"><span class='ocrx_word' id='word_1_489' title='bbox 1433 3025 1467 3069; x_wconf 91' lang='lat' dir='ltr'><strong>n.</strong></span> <span class='ocrx_word' id='word_1_490' title='bbox 1492 3005 1671 3068; x_wconf 77' lang='lat' dir='ltr'><strong>Amabilem</strong></span> <span class='ocrx_word' id='word_1_491' title='bbox 1691 3023 1726 3068; x_wconf 94' lang='lat' dir='ltr'><strong>se</strong></span> <span class='ocrx_word' id='word_1_492' title='bbox 1748 3011 1898 3084; x_wconf 84' lang='lat' dir='ltr'><strong>praestet.</strong></span> <span class='ocrx_word' id='word_1_493' title='bbox 1916 3012 1948 3068; x_wconf 89' lang='lat' dir='ltr'><strong>et</strong></span> <span class='ocrx_word' id='word_1_494' title='bbox 1963 3005 2047 3066; x_wconf 91' lang='lat' dir='ltr'><strong>vitae</strong></span> <span class='ocrx_word' id='word_1_495' title='bbox 2064 3005 2149 3066; x_wconf 89' lang='lat' dir='ltr'><strong>inte-</strong></span> 
     </span>
     <span class='ocr_line' id='line_1_103' title="bbox 1393 3101 2148 3180; baseline -0.001 -18"><span class='ocrx_word' id='word_1_496' title='bbox 1393 3103 1508 3180; x_wconf 90' lang='lat' dir='ltr'><strong>gritate</strong></span> <span class='ocrx_word' id='word_1_497' title='bbox 1530 3118 1564 3162; x_wconf 89' lang='lat' dir='ltr'><strong>ac</strong></span> <span class='ocrx_word' id='word_1_498' title='bbox 1586 3101 1780 3163; x_wconf 90' lang='lat' dir='ltr'><strong>discretione</strong></span> <span class='ocrx_word' id='word_1_499' title='bbox 1802 3101 1843 3162; x_wconf 91' lang='lat' dir='ltr'><strong>ita</strong></span> <span class='ocrx_word' id='word_1_500' title='bbox 1858 3117 1893 3162; x_wconf 92' lang='lat' dir='ltr'><strong>se</strong></span> <span class='ocrx_word' id='word_1_501' title='bbox 1910 3109 2009 3176; x_wconf 88' lang='lat' dir='ltr'><strong>gerat,</strong></span> <span class='ocrx_word' id='word_1_502' title='bbox 2025 3107 2062 3162; x_wconf 90' lang='lat' dir='ltr'><strong>ut</strong></span> <span class='ocrx_word' id='word_1_503' title='bbox 2079 3117 2148 3162; x_wconf 93' lang='lat' dir='ltr'><strong>om-</strong></span> 
     </span>
     <span class='ocr_line' id='line_1_104' title="bbox 1393 3194 2148 3272; baseline -0.008 -14"><span class='ocrx_word' id='word_1_504' title='bbox 1393 3213 1449 3258; x_wconf 88' lang='lat' dir='ltr'><strong>ncs</strong></span> <span class='ocrx_word' id='word_1_505' title='bbox 1473 3195 1586 3258; x_wconf 88' lang='lat' dir='ltr'><strong>novitii</strong></span> <span class='ocrx_word' id='word_1_506' title='bbox 1602 3196 1637 3256; x_wconf 92' lang='lat' dir='ltr'><strong>ad</strong></span> <span class='ocrx_word' id='word_1_507' title='bbox 1654 3194 1760 3272; x_wconf 91' lang='lat' dir='ltr'><strong>ipsum</strong></span> <span class='ocrx_word' id='word_1_508' title='bbox 1777 3195 1809 3256; x_wconf 93' lang='lat' dir='ltr'><strong>in</strong></span> <span class='ocrx_word' id='word_1_509' title='bbox 1824 3195 1889 3255; x_wconf 92' lang='lat' dir='ltr'><strong>suis</strong></span> <span class='ocrx_word' id='word_1_510' title='bbox 1912 3195 2148 3256; x_wconf 88' lang='lat' dir='ltr'><strong>tentationibus</strong></span> 
     </span>
     <span class='ocr_line' id='line_1_105' title="bbox 1392 3288 2148 3365; baseline -0.004 -13"><span class='ocrx_word' id='word_1_511' title='bbox 1392 3291 1592 3352; x_wconf 89' lang='lat' dir='ltr'><strong>confidenter</strong></span> <span class='ocrx_word' id='word_1_512' title='bbox 1614 3289 1812 3365; x_wconf 79' lang='lat' dir='ltr'><strong>confugiant,</strong></span> <span class='ocrx_word' id='word_1_513' title='bbox 1830 3288 1924 3364; x_wconf 85' lang='lat' dir='ltr'><strong>eique</strong></span> <span class='ocrx_word' id='word_1_514' title='bbox 1946 3305 1998 3350; x_wconf 89' lang='lat' dir='ltr'><strong>res</strong></span> <span class='ocrx_word' id='word_1_515' title='bbox 2019 3305 2095 3349; x_wconf 92' lang='lat' dir='ltr'><strong>suas</strong></span> <span class='ocrx_word' id='word_1_516' title='bbox 2111 3289 2148 3350; x_wconf 97' lang='lat' dir='ltr'><strong>li-</strong></span> 
     </span>
     <span class='ocr_line' id='line_1_106' title="bbox 1393 3383 2148 3463; baseline -0.005 -17"><span class='ocrx_word' id='word_1_517' title='bbox 1393 3387 1469 3446; x_wconf 89' lang='lat' dir='ltr'><strong>bere</strong></span> <span class='ocrx_word' id='word_1_518' title='bbox 1492 3385 1635 3463; x_wconf 90' lang='lat' dir='ltr'><strong>aperiant</strong></span> <span class='ocrx_word' id='word_1_519' title='bbox 1657 3389 1689 3444; x_wconf 91' lang='lat' dir='ltr'><strong>et</strong></span> <span class='ocrx_word' id='word_1_520' title='bbox 1710 3383 1748 3444; x_wconf 91' lang='lat' dir='ltr'><strong>ab</strong></span> <span class='ocrx_word' id='word_1_521' title='bbox 1771 3399 1809 3443; x_wconf 92' lang='lat' dir='ltr'><strong>eo</strong></span> <span class='ocrx_word' id='word_1_522' title='bbox 1835 3383 2089 3444; x_wconf 86' lang='lat' dir='ltr'><strong>consolationem</strong></span> <span class='ocrx_word' id='word_1_523' title='bbox 2115 3391 2148 3444; x_wconf 88' lang='lat' dir='ltr'><strong>et</strong></span> 
     </span>
     <span class='ocr_line' id='line_1_107' title="bbox 1392 3477 1938 3554; baseline -0.007 -14"><span class='ocrx_word' id='word_1_524' title='bbox 1392 3479 1547 3542; x_wconf 91' lang='lat' dir='ltr'><strong>auxilium</strong></span> <span class='ocrx_word' id='word_1_525' title='bbox 1570 3478 1602 3539; x_wconf 96' lang='lat' dir='ltr'><strong>in</strong></span> <span class='ocrx_word' id='word_1_526' title='bbox 1626 3477 1775 3538; x_wconf 91' lang='lat' dir='ltr'><strong>omnibus</strong></span> <span class='ocrx_word' id='word_1_527' title='bbox 1796 3483 1938 3554; x_wconf 91' lang='lat' dir='ltr'><strong>sperent.</strong></span> 
     </span>
    </p>

    <p class='ocr_par' dir='ltr' id='par_1_22' title="bbox 1392 3572 2146 4120">
     <span class='ocr_line' id='line_1_108' title="bbox 1433 3572 2146 3650; baseline 0 -16"><span class='ocrx_word' id='word_1_528' title='bbox 1433 3591 1480 3635; x_wconf 92' lang='lat' dir='ltr'><strong>nr.</strong></span> <span class='ocrx_word' id='word_1_529' title='bbox 1503 3574 1538 3636; x_wconf 94' lang='lat' dir='ltr'><strong>ln</strong></span> <span class='ocrx_word' id='word_1_530' title='bbox 1569 3574 1664 3635; x_wconf 92' lang='lat' dir='ltr'><strong>domo</strong></span> <span class='ocrx_word' id='word_1_531' title='bbox 1698 3572 1910 3650; x_wconf 85' lang='lat' dir='ltr'><strong>probationis,</strong></span> <span class='ocrx_word' id='word_1_532' title='bbox 1946 3573 2146 3634; x_wconf 88' lang='lat' dir='ltr'><strong>monasterio</strong></span> 
     </span>
     <span class='ocr_line' id='line_1_109' title="bbox 1392 3666 2146 3748; baseline -0.003 -18"><span class='ocrx_word' id='word_1_533' title='bbox 1392 3669 1570 3740; x_wconf 85' lang='lat' dir='ltr'><strong>eorriuncta,</strong></span> <span class='ocrx_word' id='word_1_534' title='bbox 1595 3667 1648 3729; x_wconf 91' lang='lat' dir='ltr'><strong>vel</strong></span> <span class='ocrx_word' id='word_1_535' title='bbox 1669 3667 1702 3728; x_wconf 95' lang='lat' dir='ltr'><strong>in</strong></span> <span class='ocrx_word' id='word_1_536' title='bbox 1732 3667 1928 3728; x_wconf 89' lang='lat' dir='ltr'><strong>monasterio</strong></span> <span class='ocrx_word' id='word_1_537' title='bbox 1955 3666 2024 3744; x_wconf 91' lang='lat' dir='ltr'><strong>ipso</strong></span> <span class='ocrx_word' id='word_1_538' title='bbox 2046 3667 2146 3748; x_wconf 90' lang='lat' dir='ltr'><strong>(narn</strong></span> 
     </span>
     <span class='ocr_line' id='line_1_110' title="bbox 1392 3761 2146 3838; baseline -0.004 -13"><span class='ocrx_word' id='word_1_539' title='bbox 1392 3764 1498 3826; x_wconf 89' lang='lat' dir='ltr'><strong>locum</strong></span> <span class='ocrx_word' id='word_1_540' title='bbox 1521 3761 1717 3824; x_wconf 89' lang='lat' dir='ltr'><strong>novitiorum</strong></span> <span class='ocrx_word' id='word_1_541' title='bbox 1743 3766 1925 3838; x_wconf 88' lang='lat' dir='ltr'><strong>separatum</strong></span> <span class='ocrx_word' id='word_1_542' title='bbox 1948 3777 2017 3822; x_wconf 88' lang='lat' dir='ltr'><strong>esse</strong></span> <span class='ocrx_word' id='word_1_543' title='bbox 2040 3762 2146 3838; x_wconf 91' lang='lat' dir='ltr'><strong>magis</strong></span> 
     </span>
     <span class='ocr_line' id='line_1_111' title="bbox 1392 3853 2146 3934; baseline -0.003 -16"><span class='ocrx_word' id='word_1_544' title='bbox 1392 3853 1578 3934; x_wconf 87' lang='lat' dir='ltr'><strong>expediret)</strong></span> <span class='ocrx_word' id='word_1_545' title='bbox 1607 3854 1815 3916; x_wconf 89' lang='lat' dir='ltr'><strong>relectorium</strong></span> <span class='ocrx_word' id='word_1_546' title='bbox 1839 3854 1968 3929; x_wconf 87' lang='lat' dir='ltr'><strong>quidem</strong></span> <span class='ocrx_word' id='word_1_547' title='bbox 1995 3854 2035 3916; x_wconf 92' lang='lat' dir='ltr'><strong>sit</strong></span> <span class='ocrx_word' id='word_1_548' title='bbox 2058 3869 2146 3916; x_wconf 91' lang='lat' dir='ltr'><strong>com-</strong></span> 
     </span>
     <span class='ocr_line' id='line_1_112' title="bbox 1392 3946 2145 4024; baseline 0 -15"><span class='ocrx_word' id='word_1_549' title='bbox 1392 3965 1501 4021; x_wconf 90' lang='lat' dir='ltr'><strong>mune,</strong></span> <span class='ocrx_word' id='word_1_550' title='bbox 1519 3948 1575 4010; x_wconf 90' lang='lat' dir='ltr'><strong>sed</strong></span> <span class='ocrx_word' id='word_1_551' title='bbox 1598 3963 1706 4009; x_wconf 88' lang='lat' dir='ltr'><strong>mensa</strong></span> <span class='ocrx_word' id='word_1_552' title='bbox 1722 3946 1826 4022; x_wconf 84' lang='lat' dir='ltr'><strong>aliqua</strong></span> <span class='ocrx_word' id='word_1_553' title='bbox 1842 3947 1971 4008; x_wconf 91' lang='lat' dir='ltr'><strong>novitiis</strong></span> <span class='ocrx_word' id='word_1_554' title='bbox 1994 3948 2145 4024; x_wconf 89' lang='lat' dir='ltr'><strong>designe-</strong></span> 
     </span>
     <span class='ocr_line' id='line_1_113' title="bbox 1393 4041 1867 4120; baseline -0.008 -16"><span class='ocrx_word' id='word_1_555' title='bbox 1393 4048 1445 4104; x_wconf 93' lang='lat' dir='ltr'><strong>tur</strong></span> <span class='ocrx_word' id='word_1_556' title='bbox 1467 4049 1539 4120; x_wconf 90' lang='lat' dir='ltr'><strong>post</strong></span> <span class='ocrx_word' id='word_1_557' title='bbox 1560 4058 1673 4104; x_wconf 91' lang='lat' dir='ltr'><strong>omnes</strong></span> <span class='ocrx_word' id='word_1_558' title='bbox 1695 4041 1867 4119; x_wconf 87' lang='lat' dir='ltr'><strong>professos.</strong></span> 
     </span>
    </p>

    <p class='ocr_par' dir='ltr' id='par_1_23' title="bbox 1391 4135 2145 4479">
     <span class='ocr_line' id='line_1_114' title="bbox 1431 4135 2145 4213; baseline -0.003 -15"><span class='ocrx_word' id='word_1_559' title='bbox 1431 4155 1474 4198; x_wconf 91' lang='lat' dir='ltr'><strong>1v.</strong></span> <span class='ocrx_word' id='word_1_560' title='bbox 1499 4137 1649 4213; x_wconf 86' lang='lat' dir='ltr'><strong>Magister</strong></span> <span class='ocrx_word' id='word_1_561' title='bbox 1678 4135 1876 4196; x_wconf 91' lang='lat' dir='ltr'><strong>novitiorum</strong></span> <span class='ocrx_word' id='word_1_562' title='bbox 1910 4135 2046 4212; x_wconf 88' lang='lat' dir='ltr'><strong>privatas</strong></span> <span class='ocrx_word' id='word_1_563' title='bbox 2078 4143 2145 4196; x_wconf 93' lang='lat' dir='ltr'><strong>tan-</strong></span> 
     </span>
     <span class='ocr_line' id='line_1_115' title="bbox 1391 4228 2145 4308; baseline 0 -18"><span class='ocrx_word' id='word_1_564' title='bbox 1391 4235 1459 4290; x_wconf 94' lang='lat' dir='ltr'><strong>tum</strong></span> <span class='ocrx_word' id='word_1_565' title='bbox 1488 4229 1700 4308; x_wconf 90' lang='lat' dir='ltr'><strong>poenitentias</strong></span> <span class='ocrx_word' id='word_1_566' title='bbox 1721 4228 1787 4290; x_wconf 89' lang='lat' dir='ltr'><strong>suis</strong></span> <span class='ocrx_word' id='word_1_567' title='bbox 1817 4228 1945 4290; x_wconf 92' lang='lat' dir='ltr'><strong>novitiis</strong></span> <span class='ocrx_word' id='word_1_568' title='bbox 1973 4228 2145 4306; x_wconf 89' lang='lat' dir='ltr'><strong>imponere</strong></span> 
     </span>
     <span class='ocr_line' id='line_1_116' title="bbox 1391 4321 2144 4402; baseline 0.003 -18"><span class='ocrx_word' id='word_1_569' title='bbox 1391 4323 1525 4402; x_wconf 88' lang='lat' dir='ltr'><strong>poterit,</strong></span> <span class='ocrx_word' id='word_1_570' title='bbox 1558 4321 1699 4401; x_wconf 90' lang='lat' dir='ltr'><strong>publicas</strong></span> <span class='ocrx_word' id='word_1_571' title='bbox 1726 4337 1804 4382; x_wconf 93' lang='lat' dir='ltr'><strong>vero</strong></span> <span class='ocrx_word' id='word_1_572' title='bbox 1833 4321 1962 4384; x_wconf 90' lang='lat' dir='ltr'><strong>nonnisi</strong></span> <span class='ocrx_word' id='word_1_573' title='bbox 1993 4323 2144 4386; x_wconf 88' lang='lat' dir='ltr'><strong>consulto</strong></span> 
     </span>
     <span class='ocr_line' id='line_1_117' title="bbox 1391 4417 1513 4479; baseline 0 -1"><span class='ocrx_word' id='word_1_574' title='bbox 1391 4417 1513 4479; x_wconf 85' lang='lat' dir='ltr'><strong>abbate.</strong></span> 
     </span>
    </p>
   </div>
   <div class='ocr_carea' id='block_1_14' title="bbox 1431 4510 2326 4679">
    <p class='ocr_par' dir='ltr' id='par_1_24' title="bbox 1431 4510 2326 4679">
     <span class='ocr_line' id='line_1_118' title="bbox 1431 4510 2326 4626; baseline -0.01 -55"><span class='ocrx_word' id='word_1_575' title='bbox 1431 4530 1460 4572; x_wconf 95' lang='lat' dir='ltr'><strong>v.</strong></span> <span class='ocrx_word' id='word_1_576' title='bbox 1484 4511 1603 4574; x_wconf 91' lang='lat' dir='ltr'><strong>Habeat</strong></span> <span class='ocrx_word' id='word_1_577' title='bbox 1613 4511 1664 4572; x_wconf 85' lang='lat' dir='ltr'><strong>tric</strong></span> <span class='ocrx_word' id='word_1_578' title='bbox 1676 4511 1762 4573; x_wconf 90' lang='lat' dir='ltr'><strong>idem</strong></span> <span class='ocrx_word' id='word_1_579' title='bbox 1775 4511 1928 4587; x_wconf 91' lang='lat' dir='ltr'><strong>magister</strong></span> <span class='ocrx_word' id='word_1_580' title='bbox 1941 4510 2141 4574; x_wconf 92' lang='lat' dir='ltr'><strong>novitiorum</strong></span> <span class='ocrx_word' id='word_1_581' title='bbox 2162 4592 2200 4626; x_wconf 74' lang='lat' dir='ltr'><strong>ma</strong></span> <span class='ocrx_word' id='word_1_582' title='bbox 2215 4525 2326 4622; x_wconf 38' lang='grc' dir='ltr'>ᾐιῗξίιιῐιῶιιίι</span> 
     </span>
     <span class='ocr_line' id='line_1_119' title="bbox 2188 4591 2326 4634; baseline 0.007 -30"><span class='ocrx_word' id='word_1_583' title='bbox 2188 4591 2231 4634; x_wconf 49' lang='grc' dir='ltr'><strong>,μ</strong></span> <span class='ocrx_word' id='word_1_584' title='bbox 2321 4597 2326 4604; x_wconf 91' lang='grc'><em>.</em></span> 
     </span>
     <span class='ocr_line' id='line_1_120' title="bbox 2162 4635 2249 4679; baseline -0.057 0"><span class='ocrx_word' id='word_1_585' title='bbox 2162 4635 2249 4679; x_wconf 88' lang='lat' dir='ltr'><strong>tiorum.</strong></span> 
     </span>
    </p>
   </div>
   <div class='ocr_carea' id='block_1_15' title="bbox 1389 4603 2142 5998">
    <p class='ocr_par' dir='ltr' id='par_1_25' title="bbox 1390 4603 2142 5230">
     <span class='ocr_line' id='line_1_121' title="bbox 1391 4603 2142 4683; baseline -0.003 -15"><span class='ocrx_word' id='word_1_586' title='bbox 1391 4612 1582 4683; x_wconf 89' lang='lat' dir='ltr'><strong>potestatem</strong></span> <span class='ocrx_word' id='word_1_587' title='bbox 1612 4605 1803 4666; x_wconf 88' lang='lat' dir='ltr'><strong>ordinariam</strong></span> <span class='ocrx_word' id='word_1_588' title='bbox 1826 4622 1841 4664; x_wconf 90' lang='lat' dir='ltr'><strong>a</strong></span> <span class='ocrx_word' id='word_1_589' title='bbox 1863 4604 2010 4682; x_wconf 88' lang='lat' dir='ltr'><strong>praelatis</strong></span> <span class='ocrx_word' id='word_1_590' title='bbox 2038 4603 2142 4666; x_wconf 89' lang='lat' dir='ltr'><strong>absol-</strong></span> 
     </span>
     <span class='ocr_line' id='line_1_122' title="bbox 1390 4697 2139 4774; baseline -0.001 -15"><span class='ocrx_word' id='word_1_591' title='bbox 1390 4699 1487 4760; x_wconf 90' lang='lat' dir='ltr'><strong>vendi</strong></span> <span class='ocrx_word' id='word_1_592' title='bbox 1509 4716 1525 4760; x_wconf 91' lang='lat' dir='ltr'><strong>a</strong></span> <span class='ocrx_word' id='word_1_593' title='bbox 1547 4699 1669 4760; x_wconf 88' lang='lat' dir='ltr'><strong>casibus</strong></span> <span class='ocrx_word' id='word_1_594' title='bbox 1690 4699 1863 4760; x_wconf 88' lang='lat' dir='ltr'><strong>reservatis</strong></span> <span class='ocrx_word' id='word_1_595' title='bbox 1885 4697 2024 4760; x_wconf 92' lang='lat' dir='ltr'><strong>novitios</strong></span> <span class='ocrx_word' id='word_1_596' title='bbox 2046 4714 2139 4774; x_wconf 88' lang='lat' dir='ltr'><strong>su0s;</strong></span> 
     </span>
     <span class='ocr_line' id='line_1_123' title="bbox 1390 4792 2141 4869; baseline 0 -15"><span class='ocrx_word' id='word_1_597' title='bbox 1390 4794 1451 4855; x_wconf 92' lang='lat' dir='ltr'><strong>nisi</strong></span> <span class='ocrx_word' id='word_1_598' title='bbox 1473 4793 1576 4855; x_wconf 90' lang='lat' dir='ltr'><strong>abbati</strong></span> <span class='ocrx_word' id='word_1_599' title='bbox 1599 4795 1676 4854; x_wconf 88' lang='lat' dir='ltr'><strong>baec</strong></span> <span class='ocrx_word' id='word_1_600' title='bbox 1698 4792 1826 4856; x_wconf 84' lang='lat' dir='ltr'><strong>facultas</strong></span> <span class='ocrx_word' id='word_1_601' title='bbox 1855 4792 1960 4869; x_wconf 83' lang='lat' dir='ltr'><strong>aliqua</strong></span> <span class='ocrx_word' id='word_1_602' title='bbox 1983 4793 2022 4854; x_wconf 91' lang='lat' dir='ltr'><strong>de</strong></span> <span class='ocrx_word' id='word_1_603' title='bbox 2048 4795 2141 4855; x_wconf 87' lang='lat' dir='ltr'><strong>causat</strong></span> 
     </span>
     <span class='ocr_line' id='line_1_124' title="bbox 1390 4885 2140 4966; baseline 0 -18"><span class='ocrx_word' id='word_1_604' title='bbox 1390 4889 1616 4966; x_wconf 88' lang='lat' dir='ltr'><strong>restringenda</strong></span> <span class='ocrx_word' id='word_1_605' title='bbox 1637 4888 1815 4959; x_wconf 88' lang='lat' dir='ltr'><strong>videretur,</strong></span> <span class='ocrx_word' id='word_1_606' title='bbox 1839 4886 1891 4947; x_wconf 84' lang='lat' dir='ltr'><strong>vel</strong></span> <span class='ocrx_word' id='word_1_607' title='bbox 1914 4885 2006 4948; x_wconf 90' lang='lat' dir='ltr'><strong>alteri</strong></span> <span class='ocrx_word' id='word_1_608' title='bbox 2028 4903 2140 4948; x_wconf 89' lang='lat' dir='ltr'><strong>concc-</strong></span> 
     </span>
     <span class='ocr_line' id='line_1_125' title="bbox 1391 4979 2140 5058; baseline -0.003 -16"><span class='ocrx_word' id='word_1_609' title='bbox 1391 4982 1508 5056; x_wconf 83' lang='lat' dir='ltr'><strong>denda3</strong></span> <span class='ocrx_word' id='word_1_610' title='bbox 1531 4981 1586 5042; x_wconf 90' lang='lat' dir='ltr'><strong>sed</strong></span> <span class='ocrx_word' id='word_1_611' title='bbox 1607 4981 1732 5042; x_wconf 89' lang='lat' dir='ltr'><strong>statutis</strong></span> <span class='ocrx_word' id='word_1_612' title='bbox 1754 4980 1828 5042; x_wconf 91' lang='lat' dir='ltr'><strong>anni</strong></span> <span class='ocrx_word' id='word_1_613' title='bbox 1851 4980 2063 5058; x_wconf 88' lang='lat' dir='ltr'><strong>temporibus,</strong></span> <span class='ocrx_word' id='word_1_614' title='bbox 2081 4979 2140 5040; x_wconf 87' lang='lat' dir='ltr'><strong>sal·</strong></span> 
     </span>
     <span class='ocr_line' id='line_1_126' title="bbox 1391 5073 2138 5146; baseline -0.003 -10"><span class='ocrx_word' id='word_1_615' title='bbox 1391 5081 1457 5136; x_wconf 91' lang='lat' dir='ltr'><strong>tem</strong></span> <span class='ocrx_word' id='word_1_616' title='bbox 1479 5075 1525 5136; x_wconf 91' lang='lat' dir='ltr'><strong>bis</strong></span> <span class='ocrx_word' id='word_1_617' title='bbox 1541 5075 1573 5136; x_wconf 95' lang='lat' dir='ltr'><strong>in</strong></span> <span class='ocrx_word' id='word_1_618' title='bbox 1589 5090 1683 5146; x_wconf 90' lang='lat' dir='ltr'><strong>anno,</strong></span> <span class='ocrx_word' id='word_1_619' title='bbox 1700 5081 1789 5136; x_wconf 89' lang='lat' dir='ltr'><strong>extra</strong></span> <span class='ocrx_word' id='word_1_620' title='bbox 1812 5074 1959 5135; x_wconf 93' lang='lat' dir='ltr'><strong>ordinem</strong></span> <span class='ocrx_word' id='word_1_621' title='bbox 1981 5073 2138 5135; x_wconf 90' lang='lat' dir='ltr'><strong>confessa·</strong></span> 
     </span>
     <span class='ocr_line' id='line_1_127' title="bbox 1390 5167 1896 5230; baseline 0 -2"><span class='ocrx_word' id='word_1_622' title='bbox 1390 5168 1457 5230; x_wconf 93' lang='lat' dir='ltr'><strong>rius</strong></span> <span class='ocrx_word' id='word_1_623' title='bbox 1479 5168 1608 5230; x_wconf 92' lang='lat' dir='ltr'><strong>novitiis</strong></span> <span class='ocrx_word' id='word_1_624' title='bbox 1632 5167 1815 5230; x_wconf 87' lang='lat' dir='ltr'><strong>olferendus</strong></span> <span class='ocrx_word' id='word_1_625' title='bbox 1838 5174 1896 5228; x_wconf 91' lang='lat' dir='ltr'><strong>est.</strong></span> 
     </span>
    </p>

    <p class='ocr_par' dir='ltr' id='par_1_26' title="bbox 1389 5261 2138 5998">
     <span class='ocr_line' id='line_1_128' title="bbox 1430 5261 2138 5339; baseline 0.001 -18"><span class='ocrx_word' id='word_1_626' title='bbox 1430 5279 1473 5323; x_wconf 92' lang='lat' dir='ltr'><strong>vr.</strong></span> <span class='ocrx_word' id='word_1_627' title='bbox 1498 5261 1685 5339; x_wconf 81' lang='lat' dir='ltr'><strong>Magistrum</strong></span> <span class='ocrx_word' id='word_1_628' title='bbox 1698 5261 1896 5326; x_wconf 87' lang='lat' dir='ltr'><strong>novitiorum</strong></span> <span class='ocrx_word' id='word_1_629' title='bbox 1913 5268 2076 5324; x_wconf 88' lang='lat' dir='ltr'><strong>versatum</strong></span> <span class='ocrx_word' id='word_1_630' title='bbox 2092 5279 2138 5324; x_wconf 90' lang='lat' dir='ltr'><strong>es-</strong></span> 
     </span>
     <span class='ocr_line' id='line_1_129' title="bbox 1389 5355 2137 5435; baseline 0.003 -18"><span class='ocrx_word' id='word_1_631' title='bbox 1389 5373 1423 5418; x_wconf 90' lang='lat' dir='ltr'><strong>se</strong></span> <span class='ocrx_word' id='word_1_632' title='bbox 1446 5362 1573 5435; x_wconf 92' lang='lat' dir='ltr'><strong>oportet</strong></span> <span class='ocrx_word' id='word_1_633' title='bbox 1594 5357 1626 5418; x_wconf 92' lang='lat' dir='ltr'><strong>in</strong></span> <span class='ocrx_word' id='word_1_634' title='bbox 1648 5356 1787 5419; x_wconf 89' lang='lat' dir='ltr'><strong>lectione</strong></span> <span class='ocrx_word' id='word_1_635' title='bbox 1809 5355 1968 5418; x_wconf 91' lang='lat' dir='ltr'><strong>librorum</strong></span> <span class='ocrx_word' id='word_1_636' title='bbox 1993 5357 2137 5434; x_wconf 91' lang='lat' dir='ltr'><strong>spiritua·</strong></span> 
     </span>
     <span class='ocr_line' id='line_1_130' title="bbox 1390 5450 2136 5529; baseline -0.004 -16"><span class='ocrx_word' id='word_1_637' title='bbox 1390 5450 1481 5522; x_wconf 89' lang='lat' dir='ltr'><strong>lium,</strong></span> <span class='ocrx_word' id='word_1_638' title='bbox 1506 5457 1542 5512; x_wconf 94' lang='lat' dir='ltr'><strong>ut</strong></span> <span class='ocrx_word' id='word_1_639' title='bbox 1567 5451 1790 5529; x_wconf 87' lang='lat' dir='ltr'><strong>deceptiones,</strong></span> <span class='ocrx_word' id='word_1_640' title='bbox 1816 5451 1951 5528; x_wconf 87' lang='lat' dir='ltr'><strong>quaein</strong></span> <span class='ocrx_word' id='word_1_641' title='bbox 1980 5451 2136 5528; x_wconf 91' lang='lat' dir='ltr'><strong>spirituali</strong></span> 
     </span>
     <span class='ocr_line' id='line_1_131' title="bbox 1390 5544 2136 5622; baseline 0.003 -20"><span class='ocrx_word' id='word_1_642' title='bbox 1390 5546 1452 5606; x_wconf 80' lang='lat' dir='ltr'><strong>rita</strong></span> <span class='ocrx_word' id='word_1_643' title='bbox 1475 5545 1631 5617; x_wconf 90' lang='lat' dir='ltr'><strong>accidunt,</strong></span> <span class='ocrx_word' id='word_1_644' title='bbox 1648 5545 1825 5622; x_wconf 88' lang='lat' dir='ltr'><strong>intelligat;</strong></span> <span class='ocrx_word' id='word_1_645' title='bbox 1843 5544 1972 5605; x_wconf 90' lang='lat' dir='ltr'><strong>novitiis</strong></span> <span class='ocrx_word' id='word_1_646' title='bbox 1988 5559 2067 5606; x_wconf 92' lang='lat' dir='ltr'><strong>vero</strong></span> <span class='ocrx_word' id='word_1_647' title='bbox 2084 5561 2136 5606; x_wconf 90' lang='lat' dir='ltr'><strong>eos</strong></span> 
     </span>
     <span class='ocr_line' id='line_1_132' title="bbox 1390 5637 2136 5714; baseline 0 -16"><span class='ocrx_word' id='word_1_648' title='bbox 1390 5644 1514 5699; x_wconf 91' lang='lat' dir='ltr'><strong>tantum</strong></span> <span class='ocrx_word' id='word_1_649' title='bbox 1537 5638 1691 5714; x_wconf 89' lang='lat' dir='ltr'><strong>legendos</strong></span> <span class='ocrx_word' id='word_1_650' title='bbox 1720 5637 1838 5710; x_wconf 91' lang='lat' dir='ltr'><strong>tradet,</strong></span> <span class='ocrx_word' id='word_1_651' title='bbox 1863 5653 1943 5714; x_wconf 83' lang='lat' dir='ltr'><strong>quos</strong></span> <span class='ocrx_word' id='word_1_652' title='bbox 1964 5638 2001 5698; x_wconf 90' lang='lat' dir='ltr'><strong>ad</strong></span> <span class='ocrx_word' id='word_1_653' title='bbox 2023 5653 2136 5699; x_wconf 90' lang='lat' dir='ltr'><strong>eorum</strong></span> 
     </span>
     <span class='ocr_line' id='line_1_133' title="bbox 1389 5732 2136 5810; baseline 0 -18"><span class='ocrx_word' id='word_1_654' title='bbox 1389 5733 1568 5810; x_wconf 90' lang='lat' dir='ltr'><strong>profectum</strong></span> <span class='ocrx_word' id='word_1_655' title='bbox 1581 5733 1762 5794; x_wconf 90' lang='lat' dir='ltr'><strong>conducere</strong></span> <span class='ocrx_word' id='word_1_656' title='bbox 1771 5732 1932 5804; x_wconf 91' lang='lat' dir='ltr'><strong>iudicabit,</strong></span> <span class='ocrx_word' id='word_1_657' title='bbox 1943 5733 2063 5809; x_wconf 80' lang='lat' dir='ltr'><strong>quique</strong></span> <span class='ocrx_word' id='word_1_658' title='bbox 2075 5732 2136 5793; x_wconf 90' lang='lat' dir='ltr'><strong>sint</strong></span> 
     </span>
     <span class='ocr_line' id='line_1_134' title="bbox 1390 5824 2135 5887; baseline -0.003 -1"><span class='ocrx_word' id='word_1_659' title='bbox 1390 5824 1560 5886; x_wconf 88' lang='lat' dir='ltr'><strong>orthodoxi</strong></span> <span class='ocrx_word' id='word_1_660' title='bbox 1581 5831 1613 5886; x_wconf 90' lang='lat' dir='ltr'><strong>et</strong></span> <span class='ocrx_word' id='word_1_661' title='bbox 1627 5825 1664 5887; x_wconf 89' lang='lat' dir='ltr'><strong>ab</strong></span> <span class='ocrx_word' id='word_1_662' title='bbox 1677 5825 1816 5887; x_wconf 82' lang='lat' dir='ltr'><strong>Ecclesia</strong></span> <span class='ocrx_word' id='word_1_663' title='bbox 1831 5824 1991 5886; x_wconf 82' lang='lat' dir='ltr'><strong>Catbolica</strong></span> <span class='ocrx_word' id='word_1_664' title='bbox 2007 5841 2072 5886; x_wconf 92' lang='lat' dir='ltr'><strong>non</strong></span> <span class='ocrx_word' id='word_1_665' title='bbox 2088 5839 2135 5885; x_wconf 91' lang='lat' dir='ltr'><strong>re-</strong></span> 
     </span>
     <span class='ocr_line' id='line_1_135' title="bbox 1389 5917 2133 5998; baseline 0.003 -20"><span class='ocrx_word' id='word_1_666' title='bbox 1389 5918 1523 5998; x_wconf 87' lang='lat' dir='ltr'><strong>probati.</strong></span> <span class='ocrx_word' id='word_1_667' title='bbox 1556 5917 1743 5982; x_wconf 87' lang='lat' dir='ltr'><strong>Semilxorae</strong></span> <span class='ocrx_word' id='word_1_668' title='bbox 1766 5935 1846 5982; x_wconf 90' lang='lat' dir='ltr'><strong>vero</strong></span> <span class='ocrx_word' id='word_1_669' title='bbox 1875 5919 1976 5997; x_wconf 87' lang='lat' dir='ltr'><strong>spatio</strong></span> <span class='ocrx_word' id='word_1_670' title='bbox 2005 5919 2133 5982; x_wconf 88' lang='lat' dir='ltr'><strong>eosdem</strong></span> 
     </span>
    </p>
   </div>
   <div class='ocr_carea' id='block_1_16' title="bbox 2174 735 2285 782">
    <p class='ocr_par' dir='ltr' id='par_1_27' title="bbox 2174 735 2285 782">
     <span class='ocr_line' id='line_1_136' title="bbox 2174 735 2285 782; baseline 0.099 -15"><span class='ocrx_word' id='word_1_671' title='bbox 2174 735 2285 782; x_wconf 74' lang='lat' dir='ltr'><strong>senioribus,</strong></span> 
     </span>
    </p>
   </div>
   <div class='ocr_carea' id='block_1_17' title="bbox 0 0 2416 6982">
    <p class='ocr_par' dir='ltr' id='par_1_28' title="bbox 0 0 2416 6982">
     <span class='ocr_line' id='line_1_137' title="bbox 0 0 2416 6982; baseline 0 0"><span class='ocrx_word' id='word_1_672' title='bbox 0 0 2416 6982; x_wconf 95' lang='lat' dir='ltr'><strong> </strong></span> 
     </span>
    </p>
   </div>
  </div>
 </body>
</html>
