4788 6980
949 609 1125 655 canconrus
1146 609 1196 654 rr.
1221 610 1286 656 rvr.
1817 593 1872 656 llil
1923 597 1976 648 An.
1991 599 2021 650 c.
2044 599 2112 649 1838

343 729 376 790 in
399 733 454 788 tuo
476 725 633 790 vicariatu
654 728 717 790 ia‘rn
738 729 923 806 designatus
949 727 1087 790 officium
1144 726 1320 790 coadiutori
1342 745 1358 790 a
1380 735 1412 790 ιο
1434 727 1584 806 eligendo
1599 744 1633 790 ac
1649 732 1757 806 postea
1772 727 1806 789 in
1821 715 1893 805 Epi-

344 820 536 882 abdicaverit
557 839 591 884 ac
612 827 782 900 propterea
810 827 864 884 tua
885 837 900 882 a
922 819 1014 882 nobis
1036 836 1088 898 pe-
1144 835 1276 898 soopum
1308 820 1470 884 Calamen.
1494 821 1681 884 auctoritate
1714 825 1747 882 οι
1779 825 1892 882 tenore

344 913 433 976 tiaris
454 919 491 976 ιιι
511 913 567 976 tibi
586 920 688 976 aetate
702 914 764 976 iam
780 913 873 977 valde
888 919 1042 992 provecto
1057 919 1089 975 et
1145 914 1252 991 praed.
1276 914 1502 988 renuntiando,
1519 919 1688 994 postquam
1710 914 1802 976 abeo
1820 929 1892 992 pro-

343 1013 414 1085 post
433 1006 623 1068 innumeros
645 1007 678 1068 in
700 1007 859 1086 perlongo
880 1006 1088 1084 quadraginta
1144 1004 1318 1069 lessionom
1340 1007 1513 1070 catholicae
1535 1007 1609 1070 lidei
1631 1007 1719 1070 iuxta
1740 1006 1891 1070 articulos

343 1105 375 1162 et
394 1099 532 1178 amplius
549 1115 709 1162 annorum
724 1115 820 1162 cursu
836 1100 988 1162 toleratos
1003 1099 1088 1162 labo·
1142 1115 1159 1159 a
1181 1099 1257 1161 sede
1279 1105 1386 1162 nostra
1408 1100 1587 1179 propositos
1603 1105 1664 1161 etc.
1687 1097 1891 1180 (Sequuntur

342 1190 448 1252 resin
470 1207 509 1252 eo
531 1191 680 1256 bistrictu
710 1190 920 1268 gubernando
949 1191 1086 1254 alterum
1144 1191 1303 1256 clausulae
1325 1191 1412 1271 eto).

342 1284 560 1348 coadiutorem
585 1301 659 1348 cum
683 1285 755 1347 iure
778 1284 989 1347 successionis
1013 1301 1087 1348 con·
1183 1285 1296 1346 Datum
1321 1284 1439 1347 llomae
1468 1285 1550 1364 apud
1580 1283 1612 1347 S.
1640 1284 1768 1346 Mariam
1797 1285 1891 1348 llaio·

342 1378 456 1440 cedere
471 1377 620 1451 velimus,
637 1378 699 1456 qui
712 1377 883 1457 episcopali
904 1378 1087 1440 charactere
1142 1393 1212 1440 rem
1234 1377 1294 1440 suh
1315 1378 1435 1440 annulo
1456 1377 1623 1440 Piscatoris
1638 1377 1690 1440 die
1706 1394 1775 1439 vm.
1792 1393 1891 1454 augu-

342 1473 383 1534 sit
395 1471 580 1550 insignitus,
597 1488 667 1552 uos,
684 1487 725 1534 ne
740 1470 773 1533 in
788 1469 935 1549 eligenda
951 1487 1086 1549 persona
1141 1471 1181 1532 sti
1203 1487 1449 1543 vncoonxxvrr,
1473 1469 1586 1548 pontii.
1610 1471 1712 1533 nostri
1735 1489 1784 1534 an.
1809 1488 1865 1534 vu.

341 1567 455 1630 idonea
475 1581 534 1644 pro
564 1564 660 1626 huius
685 1564 877 1628 coadjutoris
906 1564 1008 1628 olflcio
1030 1565 1087 1628 tibi

343 1664 429 1740 grata
451 1663 484 1719 οι
503 1656 542 1718 sd
563 1671 682 1718 munus
697 1654 893 1734 explendum
908 1661 988 1734 apta,
1006 1670 1087 1732 quae

342 1751 429 1830 prius
444 1767 460 1811 a
475 1749 567 1812 nobis
582 1754 668 1812 esset
681 1749 729 1810 uti
740 1763 796 1828 par
810 1754 859 1810 est
872 1748 1083 1828 approbanda,

340 1848 468 1922 tempus
480 1841 601 1904 lrustra
614 1842 764 1904 decurrat
774 1841 815 1904 ob
827 1841 958 1903 nimiam
971 1841 1086 1904 datan

342 1936 416 1997 tiam
437 1935 595 2008 locorum,
612 1951 726 2012 neque
738 1933 875 2006 eveniat,
892 1935 978 2011 quod
993 1934 1083 2008 absit,
1140 1935 1284 1998 Prooiaio
1306 1937 1540 2016 patriarchalis
1561 1937 1709 1998 ecclesiae
1736 1934 1891 1998 Constare-

340 2036 377 2092 ut
397 2036 429 2090 te
450 2028 619 2092 deficiente
640 2028 816 2092 vicariatus
838 2027 898 2090 iste
913 2029 967 2090 diu
982 2035 1087 2092 careat
1182 2029 1412 2108 linopolitaocc
1430 2046 1487 2109 per
1509 2030 1755 2092 translationem
1773 2046 1890 2092 cacco-

341 2129 467 2202 pastore
488 2122 658 2200 episcopali
676 2121 831 2198 dignitate
844 2129 968 2194 ornato,
986 2123 1085 2200 probe
1180 2123 1221 2184 tis
1240 2139 1299 2202 pro
1321 2121 1460 2186 Antonio
1480 2121 1589 2186 Morio
1615 2121 1763 2185 Trcoeroi
1784 2127 1890 2184 trotte-

1449 1749 1586 1814 CXXIX.

341 2223 509 2280 noscentes
525 2223 642 2294 quanta
655 2223 708 2278 tua
723 2215 787 2278 sint
801 2215 915 2277 merita
926 2222 958 2278 et
968 2222 1085 2293 quanta
1179 2217 1245 2279 lato
1264 2219 1442 2295 praesente,
1464 2232 1537 2277 cam
1557 2216 1735 2278 retentione
1759 2216 1890 2278 canoni-

341 2311 520 2390 pmdentia,
543 2309 697 2382 doctrina,
721 2309 849 2388 pietate,
866 2309 939 2381 lide,
955 2309 1086 2386 religio
1179 2314 1272 2372 catos
1294 2307 1453 2372 Bcailt'cce
1482 2308 1513 2371 S.
1538 2307 1664 2372 Mariae
1695 2308 1831 2372 dicioris
1852 2325 1890 2372 oc

341 2421 381 2466 ne
402 2410 556 2483 praestes,
580 2401 834 2464 extraordinario
850 2401 946 2464 modo
962 2401 1018 2464 tibi
1033 2419 1085 2464 an·
1179 2402 1322 2466 omnium
1336 2400 1595 2507 ⁸competibiliem
1615 2403 1628 2483 (
1648 2401 1672 2482 ).

341 2513 443 2560 nuere
469 2496 618 2560 volentos
645 2503 679 2558 et
699 2513 715 2557 a
737 2495 904 2573 quibusvis
931 2501 990 2557 etc.
1016 2495 1082 2570 tibi,

340 2589 532 2655 venerabilis
560 2589 671 2662 trater,
700 2589 895 2652 necessarias
917 2595 949 2651 et
971 2605 1085 2668 oppor-
1141 2586 1311 2654 Venerabili
1339 2586 1427 2652 tratri
1459 2585 1589 2654 lintonio
1620 2585 1716 2654 llaria
1745 2586 1888 2655 traversi

341 2693 431 2748 lunas
453 2684 617 2747 facultates
639 2683 697 2746 tibi
718 2681 860 2759 eligendi
877 2682 911 2744 in
926 2682 1085 2744 coadiuto·
1180 2697 1274 2764 nuper
1300 2678 1540 2762 archiepiscopo
1570 2679 1754 2747 nazianzon.
1777 2682 1805 2747 in
1832 2680 1890 2748 ea-

340 2795 408 2841 rem
431 2777 548 2840 tlicarii
568 2775 741 2855 apostotici
762 2775 928 2838 Bombaini
949 2789 1025 2837 oum
1044 2791 1084 2838 ex
1178 2775 1341 2842 triorchem
1364 2771 1729 2855 constantinopolitanun
1747 2774 1888 2853 electum,

339 2870 548 2934 missionariis
569 2869 627 2931 tibi
641 2868 793 2932 subiectis
807 2883 905 2945 quom
921 2869 1023 2946 magis
1038 2869 1084 2931 di-

340 2979 440 3042 gnum
461 2970 495 3026 et
521 2963 675 3025 idoneum
703 2961 741 3024 ad
767 2961 862 3022 huius
891 2961 1083 3024 coadiutoris

339 3073 457 3122 munus
486 3057 666 3136 gerendum
692 3071 751 3134 pro
771 3062 825 3116 tua
846 3055 1016 3133 prudentia
1036 3055 1084 3117 iu-

338 3152 493 3216 dicaveris
514 3149 701 3213 auctoritate
722 3155 830 3210 nostra
850 3147 1021 3226 apostolica
1039 3154 1084 3210 te

339 3261 418 3310 nore
439 3244 657 3325 praesentium
687 3241 860 3304 tribuimus
881 3247 914 3303 οι
940 3241 1083 3320 imperti·

339 3355 424 3412 mur,
453 3340 495 3401 ita
524 3344 631 3400 tamen
652 3341 689 3398 ut
709 3335 874 3398 coadiutor
900 3336 945 3396 sic
972 3350 1031 3413 per
1052 3341 1082 3398 te
1178 3338 1196 3412 θ
1213 3338 1241 3398 l.
1254 3334 1395 3399 Onerosa
1410 3336 1576 3415 pastoralis
1589 3336 1684 3400 officii
1695 3338 1815 3400 summi
1827 3337 1888 3399 dis-

339 3434 459 3498 electus
481 3429 610 3494 nonnisi
632 3445 667 3492 ea
689 3443 770 3506 quae
791 3428 848 3490 hac
869 3427 903 3490 in
924 3443 961 3490 re
983 3433 1017 3489 tu
1036 3427 1083 3490 illi
1140 3432 1298 3512 positione
1330 3431 1465 3509 pastoris
1497 3430 1589 3494 nobis
1621 3431 1696 3494 licet
1723 3432 1888 3494 immerito

339 3524 593 3595 demandarem,
606 3522 1081 3600 omninopraestareteneatur.
1139 3525 1308 3588 commissa
1329 3524 1512 3587 sollicitudo
1533 3524 1672 3601 requirit
1689 3529 1726 3586 ut
1739 3525 1825 3588 inter
1839 3542 1889 3588 ce-

377 3623 396 3696 5
416 3621 446 3682 2.
469 3618 551 3682 llum
572 3631 653 3680 voro
674 3631 793 3678 munus
808 3615 904 3676 huius
920 3627 984 3692 quo
1000 3621 1034 3677 tu
1049 3616 1082 3678 iu
1138 3625 1206 3682 tera
1221 3633 1302 3696 quae
1316 3618 1462 3695 undique
1476 3618 1644 3680 conlluunt
1659 3618 1803 3695 negocia,
1820 3619 1889 3696 qul-

340 3711 517 3792 praesentia
538 3711 682 3788 iungeris
701 3707 944 3787 quomodolibet
958 3724 998 3770 ex
1013 3725 1084 3787 ρον-
1138 3711 1198 3774 bus
1220 3717 1331 3775 noster
1345 3711 1472 3774 animus
1486 3711 1635 3774 redditur
1650 3711 1821 3789 multiplici
1836 3728 1888 3774 va-

338 3823 413 3870 sona
434 3813 488 3868 tua
509 3804 680 3876 vacaverit,
702 3803 921 3864 coadiutorem
939 3808 1084 3881 utsupra
1138 3805 1251 3867 rietate
1262 3805 1443 3876 distractus,
1458 3804 1496 3866 ad
1507 3804 1727 3882 provisionem
1743 3805 1889 3868 ecclosia-

338 3918 355 3962 ι
376 3907 407 3962 ιο
429 3897 617 3976 eligendum
645 3895 716 3958 loco
745 3895 791 3957 tui
818 3893 979 3958 vicarium
1002 3893 1084 3973 Apo
1138 3914 1212 3960 rum
1233 3897 1464 3975 quarumlibet,
1485 3897 1676 3976 praesertim
1699 3897 1888 3976 patriarcha-

337 3993 486 4055 stolicum
507 3989 672 4053 Bombaini
701 4003 775 4051 cum
797 3987 946 4050 omnibus
968 3995 1001 4050 et
1020 3989 1083 4050 sin·
1138 3992 1217 4054 lium
1240 4007 1322 4069 quae
1338 3991 1511 4054 vacationis
1526 3992 1729 4054 incommoda
1744 3993 1888 4071 deplora-

339 4086 423 4164 gulis
445 4083 645 4146 lacultatibus
666 4097 748 4158 quae
769 4081 826 4143 tibi
847 4081 971 4144 ratione
990 4082 1083 4144 officii
1138 4102 1174 4148 re
1196 4092 1385 4158 noscuntur,
1398 4085 1551 4148 solertius
1564 4085 1769 4148 intendamus
1783 4086 1887 4164 iisque

338 4179 433 4241 huius
453 4176 492 4239 ab
510 4176 567 4238 hac
581 4175 657 4237 sede
672 4173 825 4236 hactenus
840 4173 1084 4251 quomodolibet
1138 4178 1312 4256 diligenter
1340 4177 1583 4256 prospiciamus,
1606 4185 1643 4239 ut
1664 4193 1722 4258 por
1744 4185 1886 4242 nostram

338 4285 505 4335 concessae
516 4275 602 4342 sunt,
615 4268 677 4329 iam
693 4282 779 4330 nunc
793 4267 981 4330 auctoritate
993 4274 1025 4330 et
1039 4275 1084 4330 te·
1139 4270 1373 4349 providentiam
1408 4271 1672 4349 circumspectam
1708 4287 1794 4333 nunc
1830 4288 1887 4350 per

338 4379 417 4428 nore
438 4361 614 4442 praesentis
634 4360 767 4422 tacimus
795 4365 828 4421 et
847 4360 1082 4433 constituimus,
1137 4363 1290 4442 simplicis
1312 4363 1503 4441 provisionis
1526 4362 1677 4436 odicium,
1694 4364 1888 4441 quandoque

336 4458 421 4520 salva
432 4471 561 4534 semper
571 4455 605 4516 in
618 4453 797 4533 praemissis
809 4454 995 4518 auctoritate
1004 4453 1084 4518 Gon·
1139 4471 1218 4519 vero
1229 4472 1287 4534 per
1300 4455 1517 4518 ministerium
1529 4456 1756 4530 translationis,
1767 4473 1888 4520 accom-

339 4548 534 4628 gregationis
557 4545 747 4610 eorumdem
768 4545 996 4609 Cardinalium.

112 4655 133 4697 ι
158 4651 320 4709 acecpimu-
377 4645 397 4719 g
418 4641 447 4704 3.
471 4642 639 4703 Praeterea
659 4649 696 4701 ut
716 4640 802 4701 idern
830 4639 995 4702 coadiutor
1016 4659 1032 4704 a
1053 4649 1085 4704 te

1279 2958 1501 3026 ettenottttts
1529 2957 1748 3026 [piscosus

1327 3161 1436 3213 servus
1459 3162 1615 3214 servorun
1637 3146 1702 3213 liei.

1930 3355 2096 3399 Prooemium.

1139 4550 1234 4611 mode
1255 4555 1352 4627 prout
1370 4563 1583 4627 personarum
1598 4549 1745 4611 locorum
1762 4556 1794 4612 et
1807 4557 1888 4612 tem-

97 4663 183 4750 ,ul'm
195 4705 321 4752 ,mim
1139 4657 1255 4720 porum
1278 4641 1411 4718 qualitas
1433 4641 1536 4718 erigit
1556 4647 1589 4704 et
1603 4641 1812 4704 ecclesiarum
1827 4644 1888 4705 uti·

95 4758 146 4803 ris

338 4735 526 4814 adligendus
547 4735 730 4796 charactere
752 4739 784 4794 et
805 4733 900 4794 titulo
915 4733 1085 4812 episcopali

338 4828 548 4910 praelulgeat,
572 4843 612 4889 οιι
634 4843 720 4889 ιιιιιιο
741 4827 860 4905 pariter
882 4842 940 4904 pro
958 4833 1035 4889 tunc
1048 4828 1084 4890 il-

338 4924 405 4986 lum
421 4924 454 4984 in
465 4922 658 5000 Episcopum
670 4920 828 4982 Ecclesiae
838 4919 1000 4983 Galamen.
1014 4927 1084 4984 actu

338 5033 395 5096 per
415 5017 539 5078 obitum
553 5014 660 5076 ultimi
676 5013 823 5093 Episcopi
837 5014 985 5087 vacantis,
1003 5029 1084 5091 quae

337 5111 370 5172 in
392 5110 535 5189 partibus
555 5107 735 5170 infidelium
756 5106 816 5168 sub
837 5106 1084 5186 Archiepiscopo

337 5201 579 5280 Carthaginensi
607 5200 726 5273 existit,
756 5201 867 5263 eadem
896 5201 1084 5264 auctoritate

338 5303 445 5360 nostra
466 5295 637 5375 apostolica
651 5293 751 5371 eligas
765 5301 860 5370 atque
879 5294 1031 5367 declares,
1047 5294 1084 5357 il-

338 5391 425 5467 lique
452 5396 490 5452 ut
510 5389 546 5450 ad
573 5387 739 5450 ecclesiam
762 5387 965 5466 praedictam,
986 5404 1083 5464 quan·

338 5483 392 5545 diu
408 5483 446 5545 ab
460 5481 644 5544 inlldelibus
660 5479 867 5552 detinebitur,
885 5481 1036 5543 accedere
1051 5487 1084 5542 οι

337 5577 419 5654 ιιριιιι
441 5591 511 5638 eam
540 5575 752 5653 personaliter
779 5573 924 5636 residere
949 5573 1083 5636 minime

338 5675 497 5742 teneatur,
514 5669 625 5731 eadem
640 5666 828 5730 auctoritate
849 5673 958 5728 nostra
972 5683 1083 5729 conce-

338 5764 391 5826 das
413 5771 446 5826 et
465 5761 643 5840 indulgeas,
659 5761 782 5839 tibique
797 5760 916 5839 pariter
931 5767 964 5822 et
978 5761 1083 5824 eidem

1139 4735 1209 4796 litas
1235 4735 1416 4814 persuadet,
1443 4735 1589 4797 Pastores
1610 4735 1760 4798 accedant
1780 4737 1888 4800 idonei

1140 4835 1172 4890 et
1193 4828 1332 4889 ministri
1348 4827 1475 4906 providi
1490 4827 1696 4906 deputantur,
1717 4829 1773 4906 qui
1789 4829 1886 4892 eccle·

1139 4919 1199 4982 sias
1221 4921 1302 4998 ipsas
1324 4935 1389 4982 non
1411 4919 1517 4982 solum
1545 4921 1729 4997 gubernent
1749 4922 1885 4996 utiliter,

1139 5013 1194 5076 sed
1217 5021 1278 5075 etc.
1299 5013 1499 5075 multimodis
1515 5014 1650 5076 ederant
1665 5015 1886 5078 incrementis.

1139 5106 1266 5170 Dudum
1287 5106 1446 5184 siquidem
1462 5107 1663 5184 provisiones
1678 5108 1887 5172 ecclesiarum

1139 5201 1284 5262 omnium
1313 5207 1383 5262 tum
1411 5201 1593 5263 vacantium
1615 5209 1648 5263 et
1672 5201 1888 5281 imposterum

1138 5300 1360 5356 vacaturarum
1373 5293 1565 5356 ordinationi
1578 5300 1610 5356 et
1621 5294 1821 5373 dispositioni
1833 5313 1887 5358 no-

1138 5393 1223 5449 strae
1244 5388 1496 5460 reservavimus,
1513 5387 1726 5450 decernentes
1749 5406 1788 5451 ex
1811 5395 1888 5452 tuuc

1138 5481 1267 5543 irritum
1290 5487 1322 5542 et
1343 5480 1449 5553 inane,
1472 5481 1498 5541 si
1520 5495 1612 5543 secus
1634 5497 1732 5560 super
1755 5482 1803 5542 his
1830 5497 1887 5561 per

1138 5588 1361 5651 quoscumque
1392 5574 1502 5651 quavis
1534 5575 1721 5637 auctoritate
1748 5575 1888 5638 scienter

1138 5667 1190 5730 vel
1212 5665 1401 5744 ignoranter
1423 5667 1596 5744 eontigerit
1616 5669 1776 5731 attentari.
1801 5669 1887 5732 Post-

1138 5760 1271 5822 modum
1293 5775 1373 5821 vero
1399 5760 1619 5823 Patriarchalis
1645 5761 1785 5824 Ecclesia
1806 5762 1887 5826 Gon-

1130 5897 1377 5906 ...ιι-..Ἥ

379 5976 409 6030 (ι)
424 5975 540 6020 canones
555 5977 581 6019 et
595 5975 757 6030 provisiones
771 5985 817 6031 ροι·
832 5973 900 6019 vlam
917 5979 1055 6020 secretam.
1070 5977 1141 6020 Tom.
1157 5975 1254 6020 xxvll.
1269 5973 1333 6019 vide
1347 5974 1416 6021 intra
1430 5973 1506 6018 Ριιιιιι
1521 5975 1562 6019 IX.
