4770 6982
309 557 361 606 An.
377 558 406 608 O.
432 557 498 606 18114
550 553 608 618 344

530 710 593 771 qne
614 693 735 755 indices
751 691 928 754 ordinarios
944 697 975 752 et
991 691 1165 768 delegatos,
1183 691 1278 753 etiam

481 843 485 850 ,
530 803 695 848 oaaasarum
726 785 831 862 palatii
858 783 1022 862 apostolici
1052 785 1224 856 auditores,
1249 791 1280 846 et

531 880 562 942 S.
580 881 615 943 n.
630 881 665 942 E.
684 878 877 949 Catulinales,
895 877 1017 940 sublata
1041 879 1086 940 eis
1110 885 1142 940 et
1164 895 1278 940 eorum

530 975 660 1036 cuilibet
688 973 799 1050 quavis
821 971 914 1034 aliter
940 971 1097 1034 iudicandi
1129 980 1160 1034 et
1182 973 1279 1035 inter-

530 1067 674 1144 pretandi
698 1066 847 1128 facultate
870 1071 901 1126 et
923 1065 1122 1136 anctoritate,
1147 1067 1278 1129 indicari
1305 1035 1307 1119 i

530 1167 561 1221 ct
584 1160 709 1222 defirriri
744 1159 879 1230 debere,
904 1176 938 1220 ac
960 1159 1090 1222 irritum
1120 1167 1151 1222 et
1172 1161 1277 1232 inane,

528 1253 553 1314 si
576 1271 668 1314 secus
690 1261 788 1331 super
810 1253 860 1314 bis
883 1271 898 1314 a
921 1269 1083 1331 quoquam
1101 1255 1212 1332 quavis
1227 1273 1279 1316 an-

529 1347 674 1408 ctoritate
690 1347 828 1408 scienter
850 1348 903 1410 vel
925 1347 1115 1424 ignoranter
1135 1349 1276 1424 contige-

1049 571 1115 616 luit.
1139 569 1231 618 ΡΟΝΤ.
1256 571 1296 616 DE
1318 569 1348 616 P.
1372 570 1402 616 Γ.
1426 570 1510 617 PARS
1532 571 1554 617 1.

1335 691 1489 754 hactenns
1505 709 1601 755 unam
1619 700 1742 755 tantum
1760 694 1944 766 dioecesim,
1962 694 2023 756 boc
2037 703 2107 757 est·

1336 785 1534 859 Haliiaxiam,
1559 787 1735 855 constituit,
1762 788 1795 850 in
1823 788 1900 849 duas
1922 789 2085 852 dioeceses

1335 880 1473 943 invicem
1497 882 1654 942 seiunctas
1677 881 1805 959 partiri,
1831 896 1997 958 quumque
2019 883 2085 962 ipse

1334 991 1410 1037 ven.
1439 974 1537 1037 trater
1559 973 1751 1036 Guillelmns
1773 975 1887 1036 Fraser
1909 975 2085 1056 Episcopus

1335 1069 1557 1130 Halilasiensis
1573 1068 1648 1129 bnic
1661 1068 1808 1130 divisioni
1824 1069 1965 1130 libenter
1980 1087 2085 1132 assen-

1337 1163 1388 1224 tiri
1411 1180 1445 1224 sa
1467 1163 1713 1240 significaverit3
1738 1179 1796 1224 nos
1812 1163 1915 1225 eidem
1935 1165 2083 1226 divisioni

1335 1257 1548 1336 perficiendae
1571 1273 1628 1334 pro
1644 1257 1793 1334 pastorali
1816 1259 1922 1319 nostra
1946 1259 2086 1321 solicitu-

1335 1351 1410 1412 dine
1432 1351 1576 1412 animum
1598 1365 1773 1426 curamque
1795 1352 2026 1414 convertimus

2117 557 2171 608 An.
2188 555 2218 606 C.
2240 557 2299 606 tall

529 1440 571 1502 rit
592 1441 751 1502 attentari.
1374 1445 1443 1518 §a
1468 1444 1577 1521 ltaque
1600 1445 1638 1506 de
1660 1445 1794 1508 consilio
1820 1462 1917 1508 verm.
1949 1447 2085 1508 fratrum

568 1537 586 1610 ἓ
610 1535 638 1596 l.
661 1535 733 1596 Non
755 1534 954 1596 obstantibus
977 1542 1085 1597 nostra
1106 1543 1137 1597 et
1152 1535 1279 1598 Cancel-
1335 1544 1523 1599 nostrornm
1547 1537 1578 1600 S.
1603 1538 1638 1600 R.
1664 1539 1699 1600 E.
1728 1539 1945 1602 Cardinalinm
1971 1541 2085 1620 Propa-

529 1629 625 1691 lariae
638 1628 836 1708 apostolicae
860 1630 971 1706 regula
994 1631 1032 1691 de
1048 1630 1118 1692 iure
1135 1631 1279 1708 quaesito
1336 1632 1456 1708 gandae
1469 1632 1556 1694 Fidei
1569 1633 1826 1712 praepositorum
1839 1633 1983 1706 consilio,
1996 1641 2085 1698 motu

529 1741 593 1786 non
618 1725 769 1798 tollendo,
798 1723 932 1801 aliisque
954 1724 1134 1801 apostolicis
1164 1726 1280 1786 consti·
1336 1727 1466 1804 proprio
1488 1745 1522 1788 ac
1551 1729 1674 1788 matura
1703 1729 1811 1790 nostra
1841 1728 2083 1801 deliberatione,

531 1819 706 1880 tutionibns
734 1825 766 1882 et
795 1817 1067 1890 ordinationibus,
1099 1819 1279 1896 ceterisque
1336 1821 1440 1897 deque
1466 1821 1656 1899 apostolicae
1684 1823 1849 1900 potestatis
1872 1823 2083 1900 plenitudine,

529 1913 624 1974 etiam
657 1912 783 1990 speciali
813 1911 978 1972 montione
1009 1917 1040 1972 et
1069 1912 1279 1988 derogatione
1335 1915 1521 1976 universam
1534 1913 2085 1980 NovaeScotlaecoloniaminduas

529 2006 634 2083 dignis
657 2007 824 2068 contrariis
847 2005 1117 2082 quibuscumque.
1336 2008 1498 2070 dioeceses
1526 2009 1698 2071 dividimus
1728 2027 1762 2071 ac
1787 2026 1986 2088 separamus
2011 2027 2086 2087 qna-

569 2099 682 2160 Datnm
705 2100 834 2170 Romae,
866 2100 947 2176 apud
979 2098 1009 2160 S.
1035 2099 1163 2160 Mariam
1188 2100 1280 2162 blaio-
1336 2119 1408 2163 rum
1431 2118 1495 2164 nna
1517 2109 1582 2164 tres
1603 2102 1691 2164 illius
1713 2103 1901 2180 peninsulae
1916 2104 2085 2166 comitatus

528 2211 598 2255 rem
621 2195 680 2254 sub
703 2195 822 2255 annulo
848 2193 959 2254 Piscat.
985 2194 1035 2254 die
1058 2211 1128 2254 xiu.
1153 2196 1280 2271 augusti
1337 2195 1509 2256 orientales
1533 2195 1662 2272 Sidnep‚
1680 2195 1886 2274 Guisberugli
1909 2203 1942 2259 et
1962 2196 2082 2270 Pleion,

528 2305 735 2358 andnemun,
760 2287 962 2366 pontificatus
984 2289 1085 2349 nostri
1108 2305 1191 2350 anno
1213 2306 1278 2350 xlv.
1335 2296 1429 2366 atque
1453 2296 1556 2351 totum
1580 2289 1841 2352 Promontorium
1867 2290 2084 2352 Britannicum

850 2569 963 2632 cunti.

529 2756 756 2837 Episcopatum
779 2756 1037 2837 llnlisnuicnscm
1052 2764 1086 2818 in
1105 2756 1193 2818 ll'ocd
1210 2756 1279 2818 Sco-

569 2852 616 2913 tid
637 2851 671 2912 in
701 2851 779 2911 aluos
806 2851 937 2920 diuidit,
962 2855 990 2912 at
1012 2851 1185 2927 urticatipuc
1206 2867 1279 2911 suos

568 2945 645 3024 fines
668 2943 825 3023 assignat.

702 3113 921 3181 caesonius
946 3115 1005 3180 ΡΡ.
1032 3114 1103 3180 tvl.

627 3237 687 3302 ad
710 3243 884 3320 perpetuam
909 3237 951 3302 rei
976 3237 1156 3302 memoriam.

568 3415 665 3477 Decet
692 3415 871 3476 Romanum
902 3414 1105 3485 Pontificem,
1130 3413 1179 3475 cui
1209 3414 1278 3476 nni-

527 3511 614 3572 versi
637 3510 790 3572 dominici
806 3509 914 3587 gregis
930 3525 1005 3570 cura
1021 3509 1203 3571 concredita
1218 3513 1275 3578 est,

528 3596 723 3665 dioecesium
736 3603 854 3664 limites
871 3603 1043 3664 immutare
1059 3620 1093 3664 ac
1105 3609 1275 3674 coarctare,

529 3712 645 3774 easque
667 3697 700 3758 in
722 3697 830 3774 plnres
854 3697 978 3775 partiri,
1003 3703 1039 3757 nt
1055 3703 1157 3766 aucto,
1176 3702 1278 3773 pasto-

528 3807 600 3852 rum
618 3806 766 3862 nurrrero,
782 3791 891 3852 ovium
907 3789 1001 3850 saluti
1017 3789 1192 3850 accuratius
1208 3805 1279 3866 pro-

528 3886 606 3963 spici
629 3885 738 3963 possit.

568 3981 586 4054 ἓ
610 3979 636 4040 l.
661 3978 724 4039 lam
748 3995 826 4041 vero
850 3995 950 4056 quum
973 3980 1008 4042 ad
1033 3980 1209 4056 Religionis
1225 3979 1280 4041 Ga-

530 4071 665 4134 tbolicae
689 4074 808 4134 bonnm
826 4074 858 4134 in
874 4073 960 4134 Novit
978 4073 1080 4136 Scotial
1102 4074 1279 4152 impensius

531 4169 801 4245 promovendum,
826 4175 921 4244 atque
944 4169 979 4230 ad
996 4168 1155 4229 Ecclesiae
1178 4168 1279 4228 incre-

530 4269 677 4324 mentum
700 4263 732 4324 in
755 4257 933 4322 vastissima
955 4262 1007 4324 illl
1027 4262 1149 4323 colonia
1166 4277 1280 4339 procu-

530 4359 666 4420 randum
691 4372 805 4433 graves
828 4355 1036 4434 qaramplures
1059 4355 1231 4416 relationes
1249 4372 1279 4415 o-

528 4451 710 4512 stenderint
726 4455 944 4528 opportunum
961 4455 1054 4526 atque
1075 4449 1155 4510 utile
1169 4449 1279 4527 impri-

529 4545 589 4606 mis
605 4561 686 4617 esse,
704 4545 890 4605 universam
903 4543 991 4604 illam
1004 4541 1183 4618 regionem,
1198 4557 1279 4618 quae

1336 2399 1393 2444 seu
1425 2382 1649 2461 Cape-Breton
1682 2384 1956 2461 comprehendam
1988 2385 2085 2446 altera

1336 2492 1414 2538 vero
1436 2476 1633 2546 Halilaxiam,
1658 2493 1731 2538 cum
1754 2493 1813 2538 suo
1836 2477 1994 2550 districtu,
2012 2478 2085 2540 reli-

1336 2585 1482 2647 quosque
1494 2570 1706 2632 occidentales
1719 2588 1776 2632 sen
1792 2571 2020 2634 meridionales
2035 2589 2085 2633 co-

1337 2664 1465 2726 mitatus
1488 2665 1730 2742 complectatur,
1754 2682 1788 2726 ac
1811 2671 1975 2743 praeterea
1998 2666 2086 2728 lusn-

1335 2757 1380 2818 las
1403 2757 1580 2820 Bermudes
1602 2758 1636 2819 in
1658 2758 1713 2819 sud
1742 2757 1964 2818 iurisdictione
1987 2759 2085 2820 conti-

1336 2856 1419 2912 rieat.

1375 2947 1444 3019 §3-
1469 2945 1551 3007 llaec
1579 2946 1748 3020 volumus,
1779 2963 1813 3009 ac
1842 2947 2082 3020 constituimus,

1335 3040 1545 3102 decernentes
1568 3046 1628 3102 etc.

1374 3131 1487 3193 Dabunt
1510 3132 1628 3194 Romae
1658 3133 1740 3210 apud
1771 3131 1802 3194 S.
1834 3132 1963 3194 Mariam
1992 3134 2086 3196 Maio-

1335 3242 1405 3286 rem
1427 3226 1487 3286 sub
1502 3226 1622 3288 annulo
1637 3227 1802 3288 Piscatoris
1818 3227 1869 3288 die
1885 3245 1985 3289 xxvii.
2003 3235 2084 3306 sept.

1335 3337 1542 3394 nncaomav„
1571 3321 1772 3399 pontificatus
1795 3323 1896 3383 nostri
1919 3339 2002 3384 anno
2019 3337 2083 3383 mv.

1648 3696 1774 3760 GCLlll.

1337 3882 1479 3945 Prouisio
1489 3883 1724 3963 patriarchalis
1736 3886 1883 3948 ecclcsiae
1895 3885 2083 3949 dictioni-on.

1377 3976 1711 4054 Syro-Maronitarum
1720 3996 1779 4058 pro
1793 3979 2034 4062 Arcaiapiscapo
2047 3981 2085 4045 ab

1378 4071 1540 4152 Episcopis
1563 4077 1591 4132 et
1614 4073 1694 4133 clero
1714 4074 1858 4135 nationis
1879 4073 2086 4152 Syro-Maro-

1374 4166 1520 4228 nitarum
1543 4167 1636 4229 electo
1654 4171 1682 4226 ct
1695 4169 1867 4245 postulato,
1885 4186 1957 4230 curn
1973 4187 2085 4250 appro-

1375 4257 1502 4321 batione
1531 4259 1691 4320 electionis
1713 4267 1741 4322 ct
1765 4261 2005 4340 postulationis,
2034 4281 2086 4325 sa·

1375 4354 1507 4414 a-atiouc
1528 4353 1708 4432 defectuum
1724 4371 1762 4416 uc
1776 4355 1897 4416 decreto
1921 4356 2086 4418 emittendi

1377 4446 1447 4525 daci
1466 4447 1695 4526 professionem
1712 4465 1749 4510 nc
1771 4448 1990 4510 intrumentum
2012 4451 2085 4530 fide-

1375 4539 1479 4601 litatis
1498 4541 1687 4619 pracstaudi
1706 4541 1761 4621 (l).

1104 4693 1133 4698 ...
1146 4691 1571 4698 --ωῴη-...ᾥῳ-Ἣ

569 4769 598 4824 (1)
615 4771 678 4812 Cum
699 4768 741 4812 die
763 4780 838 4814 xxnr.
862 4768 924 4814 maii
947 4769 1059 4813 labentis
1082 4769 1142 4813 arani
1166 4781 1212 4825 per
1227 4767 1279 4814 obi-

527 4839 585 4880 tum
607 4837 646 4881 lio.
664 4848 711 4880 me.
729 4835 831 4893 losepbi
854 4837 974 4882 llabaisci
996 4836 1185 4892 patriarchalis
1200 4837 1278 4880 ecole-

527 4903 567 4948 sia
591 4903 753 4948 antiochena
777 4905 970 4948 Maronitarum
997 4904 1141 4947 vernaverit:
1166 4914 1278 4957 oratuque

528 4971 647 5028 lipiscopi
666 4971 784 5016 eiusdem
804 4971 921 5015 unctionis
937 4971 977 5014 alte
994 4981 1069 5015 svnt.
1084 4969 1192 5024 audiisti
1208 4969 1277 5025 apud

527 5039 619 5083 illinau
635 5038 661 5082 iu
678 5042 764 5083 lloute
779 5038 877 5083 libano
891 5038 1077 5082 cmveuienaas
1093 5041 1121 5081 n.
1134 5040 1157 5080 Ρ.
1171 5039 1195 5080 Ι),
1213 5040 1278 5080 lose·

526 5107 608 5162 pirum
630 5109 761 5150 llarenum
786 5106 1017 5161 nrclricpiscopum
1039 5107 1230 5150 Darniasceuum
1246 5104 1289 5150 ad.

527 5173 740 5228 patriarchatum
763 5172 892 5226 elegerint
914 5185 959 5216 seu
980 5172 1183 5228 postulaverint,
1198 5175 1278 5228 θυμω

527 5239 576 5283 liae
590 5239 621 5282 de
637 5251 665 5282 re
681 5240 787 5283 litterae
803 5238 836 5282 ud
850 5239 1025 5293 apostolicam
1037 5240 1128 5282 Sedent
1140 5239 1216 5283 datae
1227 5241 1279 5283 lue·

528 5305 582 5350 riut
604 5318 650 5362 pro
673 5306 748 5350 electi
771 5317 817 5350 sen
840 5305 967 5361 postulati
990 5307 1191 5351 cotillrmatlone
1213 5307 1278 5350 obti-

527 5374 621 5425 nenda,
643 5377 726 5430 aitque
747 5373 832 5416 eidem
855 5372 966 5428 pallium
987 5373 1017 5416 de
1039 5385 1147 5429 corpore
1168 5377 1191 5418 S.
1208 5375 1278 5419 Petri

528 5441 706 5488 tribueretur:
723 5445 746 5483 S.
763 5445 786 5484 C.
805 5439 829 5483 in
846 5440 965 5494 psalterati
987 5449 1116 5485 conventu
1133 5441 1222 5486 lralvilo
1237 5443 1278 5486 dio

528 5519 563 5552 rx.
580 5507 733 5562 decembris,
749 5508 882 5554 cardinali
903 5507 1049 5551 nransouio
1071 5509 1200 5563 praelecto
1216 5509 1279 5553 rela-

528 5579 612 5626 rente,
627 5575 749 5618 omuilurs
772 5579 877 5618 litaturo
899 5573 1036 5630 perpensis
1057 5575 1159 5618 censuit
1182 5576 1279 5632 suppli·

528 5643 640 5686 calidum
656 5641 734 5685 SSriro
749 5647 881 5698 quatenus
893 5639 1053 5694 praedictam
1066 5641 1219 5686 attractionem
1231 5656 1277 5688 sen

529 5709 734 5764 postulationem
750 5708 814 5751 velit
824 5708 976 5762 aaluritterc,
987 5719 1017 5752 ao
1027 5711 1057 5753 R.
1066 5711 1090 5752 l'.
1101 5711 1128 5752 b.
1139 5710 1277 5764 losephum

529 5781 668 5826 Gazennm,
684 5776 791 5832 praevia
813 5775 945 5820 solutione
965 5775 1064 5820 vinculi
1079 5787 1131 5832 qino
1146 5779 1279 5820 llarriasce-

529 5856 577 5889 nae
600 5844 730 5888 Ecclesiae
751 5847 810 5887 erat
831 5843 976 5896 devinctus,
995 5843 1021 5887 in
1038 5843 1219 5888 Patriarclram
1237 5855 1279 5888 na·

529 5911 608 5956 tionis
619 5911 811 5956 Maronitarum
822 5911 989 5964 confirmare,
1001 5910 1090 5956 addita
1101 5913 1124 5954 S.
1137 5909 1212 5954 Pallii
1222 5921 1279 5954 con·

529 5989 653 6024 cessione.

1373 4769 1443 4812 lianc
1465 4779 1526 4811 vero
1548 4771 1571 4813 S
1588 4772 1612 4812 C.
1631 4768 1791 4812 seutentiam
1814 4767 1893 4813 SSriio
1915 4767 1968 4813 Dino
1989 4772 2085 4814 Nostro

1333 4835 1459 4887 Gregorio
1475 4842 1558 4891 Papae
1573 4839 1633 4880 xt‘l.
1650 4837 1683 4880 ab
1698 4836 1814 4880 eiusdem
1831 4841 1854 4880 s.
1867 4841 1891 4882 C.
1903 4838 2047 4882 secretario
2057 4837 2084 4882 in

1332 4903 1468 4948 assilientia
1483 4903 1534 4946 diei
1551 4914 1604 4947 xiv.
1620 4904 1767 4948 decembris
1778 4915 1876 4948 nrornv.
1889 4905 2012 4960 relatam,
2024 4909 2086 4950 Sau-

1333 4970 1413 5014 ctitas
1433 4973 1485 5014 Sua
1505 4971 1617 5026 berngne
1633 4971 1659 5014 in
1674 4970 1797 5014 omnibus
1818 4971 1947 5026 probavit,
1962 4975 2042 5028 atque
2057 4973 2083 5017 in

1334 5039 1454 5094 proximo
1470 5037 1632 5082 (ttarrsistorio
1648 5045 1708 5082 acta
1722 5042 1849 5082 consueta
1864 5037 1953 5095 peragi
1970 5039 2056 5084 iussit.

1375 5105 1419 5148 llis
1435 5103 1595 5160 praemissis,
1607 5104 1713 5148 desitum
1725 5103 1767 5147 dle
1778 5115 1833 5148 xrs.
1845 5105 1962 5149 ianuarii
1973 5117 2082 5152 ninxnvr.

1335 5171 1433 5215 indicto
1448 5172 1479 5216 de
1495 5182 1567 5216 auore
1578 5177 1678 5215 secreto
1689 5171 1850 5215 tlorrsistorio
1862 5171 1957 5217 ssrnus
1966 5171 2037 5218 Dinnis
2048 5173 2084 5220 ita

1336 5235 1413 5281 Elisos
1429 5239 1521 5282 Patres
1535 5239 1576 5280 est
1590 5237 1738 5281 allocutus:

1441 5373 1629 5416 tir-:sunamitis
1643 5373 1777 5424 lina'rnns,

1375 5505 1410 5548 Ob
1423 5507 1534 5548 mortem
1545 5503 1698 5548 antiocheni
1711 5505 1881 5551 patriarcnae
1892 5507 2083 5551 Maronitarum

1335 5573 1437 5629 losepbi
1453 5571 1582 5626 llabaiscl‚
1593 5585 1660 5628 quate
1672 5573 1768 5618 accidit
1779 5574 1820 5617 die
1834 5574 1913 5617 tertio
1924 5577 1950 5618 et
1961 5575 2084 5618 vicesimo

1335 5639 1433 5686 rnerrsis
1456 5638 1519 5684 rrraii
1541 5639 1603 5684 orriri
1625 5639 1745 5695 proximi,
1766 5651 1848 5684 vacua
1864 5639 1908 5684 illa
1924 5641 2002 5685 Sedes
2017 5641 2085 5686 sacta

1335 5715 1383 5753 est.
1394 5707 1568 5758 eramobrem
1581 5707 1699 5752 eiusdem
1710 5707 1826 5752 nationis
1836 5709 1964 5764 Episcopi,
1973 5709 2085 5764 postati-

1335 5787 1414 5832 quam
1437 5786 1539 5820 moram
1554 5787 1584 5819 ex
1601 5777 1750 5831 temporum
1773 5775 1928 5820 calauritate
1948 5777 2086 5832 interposi·

1336 5847 1400 5894 tarn,
1415 5843 1569 5898 congregati
1583 5845 1652 5900 apvird
1669 5844 1760 5887 binnan
1776 5844 1808 5888 acl
1821 5843 1948 5888 Libanum
1961 5843 1987 5888 in
2000 5856 2085 5890 nrona·

1336 5909 1417 5953 sterio
1439 5913 1463 5954 S.
1487 5909 1592 5954 loarrnis
1614 5909 1742 5964 blarouis,
1764 5911 1928 5954 conterentes
1951 5909 2031 5954 simnl
2054 5911 2085 5954 de

1336 5977 1429 6022 idoneo
1450 5988 1601 6022 successore
1622 5976 1649 6020 in
1671 5977 1758 6022 locum
1780 5976 1898 6022 defuncti
1914 5977 2085 6023 rata-tarenos
