4788 6980
325 558 380 613 Aa.
394 560 424 614 0.
445 551 514 614 1837
565 553 623 620 lto
1061 573 1127 619 run.
1151 573 1243 620 nour.
1266 573 1307 620 nn
1328 572 1358 618 r.
1381 571 1412 618 r.
1435 569 1519 618 rans
1540 569 1562 619 r.
2122 555 2176 609 Aa.
2193 557 2227 609 0-
2251 555 2325 608 1837

545 697 578 753 et
598 690 907 755 administrationem
928 689 1027 771 ipsius
1053 691 1205 754 eeclesiae
1232 690 1289 752 tibi
1345 690 1534 769 specialibus
1563 687 1844 754 constitutionibus
1866 694 1899 752 et
1920 688 2091 752 ordinatio-

543 783 577 846 in
599 784 816 863 spiritualibus
837 791 870 848 et
890 784 1120 864 temporalibus
1146 784 1289 864 plenarie
1345 783 1451 857 nibus,
1471 783 1671 862 caeterisque
1693 781 1861 846 contrariis
1883 781 2090 859 quibuscum·

544 878 775 941 committendo
796 879 829 941 in
855 879 911 942 illo
940 880 994 956 qui
1020 879 1072 941 dat
1101 878 1234 955 gratiam
1257 883 1290 940 et
1345 890 1419 953 que.

544 970 680 1048 largitur
701 972 782 1034 dona
803 972 924 1044 confisi,
946 973 1031 1050 quod
1053 971 1214 1050 dirigente
1229 972 1288 1034 Do·
1383 969 1496 1032 Datum
1518 969 1638 1032 Romae
1659 969 1742 1048 apud
1765 968 1796 1032 S.
1817 969 1949 1032 Petrum
1963 968 2022 1031 sub
2036 986 2089 1032 an·

544 1064 632 1126 mino
654 1070 741 1128 actus
756 1071 828 1128 tuos
843 1066 981 1144 praelata
995 1065 1127 1128 ecclesia
1142 1082 1200 1145 per
1215 1071 1287 1128 tuae
1343 1061 1421 1125 nulo
1436 1062 1548 1124 Piscat.
1559 1062 1611 1125 die
1623 1078 1737 1124 xxviii.
1749 1061 1831 1124 lebr.
1841 1077 2087 1138 uouacxnxvu„

543 1157 836 1236 circumspectionis
866 1159 1057 1222 industriam
1086 1166 1119 1222 et
1144 1159 1286 1223 studium
1343 1155 1543 1232 pontificatus
1566 1154 1668 1217 nostri
1688 1170 1771 1217 anno
1793 1170 1849 1216 vn.

543 1249 667 1313 utiliter
688 1267 723 1314 ac
743 1267 898 1331 prospere
926 1253 1094 1330 dirigatur,
1118 1259 1151 1314 et
1170 1253 1204 1314 in
1225 1253 1287 1332 spi-

542 1343 711 1407 ritualibus
733 1363 766 1408 ac
787 1345 1017 1424 temporalibus
1037 1346 1214 1408 orthodoxa
1228 1346 1286 1409 lle-

542 1435 620 1514 ligio
640 1437 840 1500 incrementa
860 1437 1020 1518 suscipiat.
1050 1437 1165 1516 lugum
1186 1439 1286 1516 igitur
1655 1435 1775 1499 CXVII.

541 1528 669 1592 Domini
691 1531 751 1594 tuis
772 1531 958 1611 impositum
974 1532 1119 1594 humeris
1140 1537 1286 1612 prompta

542 1623 714 1688 devotione
742 1624 974 1704 complectens,
1005 1639 1114 1687 curam
1136 1631 1169 1687 et
1189 1625 1286 1688 admi·
1345 1616 1506 1682 Vicariuru
1533 1621 1745 1703 capitularem
1777 1621 1906 1687 Goauae
1934 1622 2088 1686 Dioscuis

541 1717 764 1780 nistrationem
793 1718 947 1796 praelatas
973 1719 1015 1780 ita
1037 1717 1164 1780 studeas
1186 1717 1286 1781 fideli·
1382 1713 1547 1776 certiorem
1568 1713 1651 1794 fucit
1669 1715 1705 1777 de
1719 1733 1803 1778 uooa
1820 1715 1881 1778 Vic.
1899 1715 2088 1797 Apostolico-

541 1816 592 1872 ter
620 1811 863 1890 prudenterque
891 1825 1062 1882 exercere,
1090 1816 1126 1872 ut
1154 1810 1286 1874 ecclesia
1380 1821 1454 1868 ruru
1476 1807 1511 1868 iu
1529 1806 1630 1870 ludiis
1651 1809 1876 1872 constitutione
1887 1825 1952 1872 aaa
1963 1807 2088 1873 obstari-

541 1903 680 1983 praelata
702 1904 837 1982 gaudeat
857 1919 892 1966 se
920 1903 1054 1982 provido
1077 1903 1285 1981 gubernatori
1381 1903 1410 1960 tc
1427 1905 1610 1980 patronatu
1630 1901 1714 1981 regis
1735 1901 1925 1966 Lusitaniae
1944 1900 2002 1983 (l).

542 2004 575 2059 et
594 1997 760 2060 lruotuoso
781 1997 1030 2061 administratori
1052 2012 1123 2059 esse
1137 1999 1286 2060 commis-

541 2105 619 2164 sam,
642 2107 676 2152 ac
698 2096 732 2152 tu
754 2095 1041 2170 praeteraeternae
1062 2090 1284 2154 retributionis
1342 2085 1534 2155 Dilectoiilio
1547 2088 1641 2156 varta
1654 2089 1783 2156 taranta
1796 2089 1867 2157 Dias
1880 2090 2086 2176 conceptione

541 2183 719 2263 praemium
741 2191 884 2247 nostram
906 2198 1035 2262 quoque
1050 2189 1083 2246 et
1098 2181 1188 2246 Sedis
1202 2184 1285 2264 Apo·
1391 2177 1511 2246 vicario
1534 2181 1696 2265 capitulari
1719 2182 1879 2250 bioecesis
1902 2184 2035 2264 duanae,

539 2277 669 2340 stolicae
682 2275 815 2340 uberius
831 2277 947 2340 exinde
962 2276 1114 2355 consequi
1130 2280 1284 2342 merearis

539 2370 797 2433 benedictionem
818 2377 851 2434 et
872 2371 1016 2448 gratiam.
1513 2366 1731 2434 essecutus
1753 2368 1813 2435 ΡΡ.
1839 2368 1911 2436 xvi.

357 2482 521 2546 sanctuaria
579 2465 598 2540 S
612 2464 641 2526 ia.
655 2463 823 2528 Praeterea
834 2463 903 2538 tibi,
917 2471 954 2528 ut
967 2466 1004 2528 ad
1017 2465 1182 2529 ecclesiam
1195 2483 1284 2545 prae·

308 2534 447 2584 ⁰¹⁰⁰¹¹⁰¹¹¹⁵·
539 2556 645 2630 latam
659 2559 811 2636 quamdin
822 2558 860 2620 ab
875 2557 1058 2622 infidelibus
1073 2559 1281 2634 detinebitur,
1616 2555 1733 2621 Dilecto
1756 2555 1809 2634 iili,

539 2651 690 2714 accedero
711 2658 744 2713 et
768 2653 850 2730 apud
873 2667 942 2714 earn
971 2652 1184 2730 personaliter
1205 2653 1283 2716 resi·
1374 2645 1501 2714 salutern
1524 2652 1556 2713 et
1577 2648 1775 2731 apostolicam
1798 2648 2049 2716 benedictionem.

539 2743 617 2806 dere
641 2743 775 2806 minime
799 2743 949 2816 tenearis,
984 2743 1064 2806 dicta
1095 2745 1283 2808 anctoritate

539 2837 743 2900 concedimus
771 2843 866 2913 atque
893 2835 1112 2913 indulgemus.
1140 2837 1209 2900 Tibi
1236 2838 1283 2900 in·
1378 2837 1397 2912 5
1420 2837 1447 2898 l.
1471 2835 1647 2913 Religionis
1676 2839 1896 2916 propagandae
1918 2845 1950 2902 et
1974 2840 2084 2918 ampli·
2103 2847 2256 2946 bnaqones
2271 2849 2326 2904 uui·

538 2945 636 3008 super
647 2936 684 2992 ut
697 2947 713 2992 a
728 2943 933 3006 quocumque
954 2929 1106 2992 malueris
1128 2930 1283 2994 catholico
1339 2928 1478 2992 licandae
1499 2930 1652 3003 studium,
1670 2929 1757 3007 quod
1771 2929 1949 2993 fidelissimi
1963 2931 2084 2994 Lusita·
2103 2911 2202 3000 οέἷῖοιό
2220 2904 2325 3016 *iffi

538 3022 690 3084 Antistite
718 3021 849 3084 Sanctae
875 3027 1003 3084 nostrae
1032 3020 1122 3085 Sedis
1149 3025 1282 3101 gratiam
1339 3021 2080 3102 niaeetnlgarblorumltegespraesetulerunt
2102 3008 2324 3116 fflssveqefflifflnuoff
2389 3057 2390 3084 r

539 3122 572 3177 et
596 3115 857 3178 communionem
879 3113 1029 3188 habente,
1052 3115 1172 3189 adsitis,
1196 3123 1229 3180 et
1248 3117 1283 3181 in
1338 3115 1400 3178 llil.
1417 3115 1474 3177 PP.
1491 3116 1751 3195 praedecessores
1766 3123 1894 3179 nostros
1910 3120 2081 3195 permovit,
2102 3071 2324 3224 ffligssgffiisggpgg·

538 3207 599 3272 hoc
619 3208 667 3272 illi
681 3208 917 3280 adsistentibus
934 3207 1058 3270 duobus
1073 3209 1141 3272 aliis
1155 3210 1283 3290 Episco-
1338 3215 1375 3271 ut
1395 3208 1592 3288 amplissimo
1614 3209 1744 3272 eosdem
1773 3217 1958 3288 patronatus
1986 3212 2083 3291 privi-
2318 3203 2322 3212 '

539 3301 596 3381 pis,
619 3302 683 3376 vel,
707 3309 864 3380 quatenus
890 3301 923 3363 bi
948 3303 1117 3366 commoda
1145 3306 1282 3382 reperiri
1338 3301 1424 3379 legio
1456 3317 1514 3381 pro
1543 3300 1684 3365 ecclesiis
1713 3302 1945 3366 cathedralibus
1973 3304 2007 3366 in
2035 3304 2083 3368 ln-

538 3401 710 3474 nequeant,
727 3394 852 3458 duobus
868 3410 982 3459 eorum
998 3395 1067 3459 loco
1083 3395 1282 3476 Presbyteris
1339 3395 1463 3458 diarum
1485 3403 1518 3458 et
1536 3394 1685 3458 Sinarum
1700 3395 1887 3473 regionibus
1902 3397 2082 3461 constitutis

537 3488 753 3552 saecularibus
784 3489 837 3551 vel
869 3489 1101 3567 cuiuscumque
1134 3489 1280 3565 Ordinis,
1339 3487 1537 3562 decorarent,
1561 3489 1603 3550 ita
1617 3495 1653 3550 ut
1666 3487 1796 3551 illarum
1817 3490 1988 3568 regionum
2011 3491 2083 3570 lipi-

536 3578 802 3659 Congregationis
825 3589 858 3644 et
877 3581 1055 3646 institutor.
1072 3584 1281 3662 Regularium
1338 3595 1450 3660 scopos
1472 3581 1652 3644 Lusitaniae
1673 3581 1741 3644 Rex
1763 3582 1955 3656 nominaret,
1973 3589 2006 3646 et
2023 3583 2082 3646 lto-

535 3673 675 3736 similem
697 3674 854 3752 praelatae
875 3674 971 3737 huius
992 3676 1075 3739 sedis
1097 3677 1230 3754 gratiam
1250 3686 1283 3743 et
1338 3689 1433 3736 mano
1454 3673 1599 3738 Pontifici
1620 3673 1787 3751 eligendos
1810 3675 1951 3738 olierret.
1974 3675 2082 3738 Provi-

535 3768 797 3830 communionem
819 3767 1022 3843 habentibus,
1039 3785 1157 3833 munus
1172 3787 1281 3836 conse·
1338 3782 1410 3829 sum
1441 3768 1484 3830 ita
1514 3783 1589 3829 sane
1621 3765 1720 3829 fuisse
1748 3767 1921 3830 catholicae
1948 3768 2022 3830 lidei
2050 3777 2083 3843 et

536 3859 685 3922 erationis
708 3861 854 3940 recipere
869 3861 972 3924 libere
987 3867 1020 3924 et
1034 3861 1120 3926 licite
1135 3865 1234 3942 possis
1250 3872 1282 3928 et
1337 3860 1572 3922 conservationi
1594 3866 1626 3922 et
1642 3860 1845 3922 incremento
1860 3860 2082 3939 praedecesso-

534 3952 650 4026 ribus,
674 3959 768 4030 atque
790 3955 894 4016 eidem
910 3954 1064 4027 antistiti,
1081 3962 1128 4027 ut,
1144 3958 1281 4036 receptis
1337 3965 1389 4012 res
1411 3951 1513 4014 nostri
1528 3951 1670 4013 arbitrati
1685 3958 1770 4024 sunt,
1788 3966 1862 4014 eum
1881 3951 2082 4016 fidelissimo·

535 4061 552 4108 a
573 4054 605 4108 te
627 4047 716 4124 prius
738 4047 909 4110 catholicae
924 4047 998 4110 fidei
1019 4048 1220 4126 professione
1233 4051 1281 4113 iu·
1336 4057 1411 4106 rum
1429 4059 1545 4121 regum
1560 4044 1658 4123 pietus
1674 4045 1882 4109 ecclesiarum
1898 4063 1932 4108 ac
1946 4047 2081 4109 semina-

534 4145 587 4202 xta
608 4140 759 4202 articulos
782 4139 906 4218 pridem
921 4157 937 4201 a
954 4139 985 4202 s.
1005 4137 1087 4203 Sede
1102 4143 1280 4221 propositos
1336 4137 1460 4200 riorum
1486 4137 1653 4212 erectioni.
1677 4139 1908 4218 Epistularum
1931 4137 2081 4202 aliorum-

535 4249 569 4295 ac
590 4239 702 4295 nostro
724 4237 756 4295 et
776 4232 935 4294 Romanae
964 4231 1124 4296 Ecclesiae
1148 4237 1281 4300 nomine
1336 4244 1400 4306 que
1421 4246 1585 4295 sacrorum
1607 4231 1832 4294 ministrorum
1856 4234 2082 4296 sustentationi

534 4323 694 4388 fidelitatis
723 4324 846 4387 debitae
874 4325 1072 4398 iuramento,
1104 4327 1280 4405 praefatum
1337 4325 1424 4386 omni
1453 4341 1550 4404 opera
1578 4325 1741 4404 largisque
1768 4325 1890 4389 collatis
1919 4343 1994 4390 aere
2022 4344 2080 4390 suo

534 4431 652 4480 munus
674 4417 732 4479 tibi
753 4415 939 4479 auctoritate
961 4423 1069 4480 nostra
1090 4417 1280 4498 impendere
1335 4418 1501 4496 stipendiis
1523 4419 1735 4497 prospexerit:

534 4509 619 4572 licite
630 4510 744 4583 valeat,
762 4510 889 4588 plenam
906 4510 1020 4572 barum
1035 4509 1216 4574 litterarum
1231 4530 1280 4577 se·
1375 4511 1443 4586 52.
1468 4510 1590 4574 Verum
1611 4527 1685 4573 cum
1706 4511 1842 4574 dilatatis
1857 4513 1889 4574 in
1912 4513 1979 4575 dies
1998 4514 2080 4576 chri·
2133 4529 2198 4581 outo
2219 4529 2314 4576 interrr-

534 4603 582 4665 rie
597 4603 769 4666 tribuimus
781 4603 974 4666 facultatem.
988 4601 1146 4692 Volumus
1159 4611 1276 4681 tamen,
1335 4604 1428 4666 stiani
1449 4604 1589 4666 nominis
1604 4605 1638 4666 in
1652 4605 1829 4666 vastissima
1850 4606 1985 4684 regione
2006 4585 2182 4681 con-‚⁸1},¹,²,¹,¹,‘⁰
2202 4583 2313 4692 52³¹?ssss

534 4700 568 4756 et
589 4694 700 4757 eadem
720 4694 907 4757 auctoritate
923 4695 1136 4774 praecipimus
1154 4705 1201 4770 ut,
1219 4699 1278 4761 nisi
1335 4697 1418 4758 liniis
1435 4703 1620 4776 temporum
1633 4697 1821 4760 locorumve
1834 4698 1980 4762 adiuncta
1990 4700 2079 4763 iden·
2098 4691 2313 4788 gifflgmfm·

534 4787 671 4865 receptis
693 4804 709 4848 a
730 4793 762 4849 te
784 4801 841 4866 per
860 4786 981 4850 dictum
996 4787 1181 4851 Antistitem
1196 4790 1278 4853 iura·
1334 4791 1433 4853 tidem
1466 4790 1641 4862 effecerint,
1672 4796 1708 4851 ut
1736 4790 1937 4855 difficultates
1970 4807 2079 4871 quam·

534 4886 645 4944 mento
661 4886 693 4942 et
704 4879 901 4959 professione
914 4881 988 4944 lidei
1000 4881 1196 4956 huiusmodi,
1210 4884 1278 4963 ipso
1334 4882 1491 4962 plurimae
1520 4883 1744 4956 exorirentur,
1775 4899 1857 4962 quae
1884 4886 2081 4966 impedirent

533 4974 674 5036 Antistes
688 4975 933 5038 consecrationis
949 4990 1067 5037 munus
1081 4975 1139 5038 tibi
1155 4978 1278 5056 impen-
1318 4976 1506 5053 quominus
1536 4975 1716 5038 Lusitaniae
1747 4977 1834 5054 regis
1866 4979 2078 5056 patrocinium

534 5068 736 5145 daremque
757 5068 837 5131 illud
859 5069 1005 5148 recipere
1027 5073 1277 5150 praesumpseri-
1333 5075 1397 5132 tam
1419 5069 1517 5146 longe
1538 5075 1574 5131 ut
1594 5077 1686 5132 antea
1707 5069 1835 5148 lateque
1852 5086 1887 5134 se
1909 5074 2079 5150 protende-

535 5161 584 5233 tis,
598 5161 683 5223 idem
695 5161 836 5224 Antistes
849 5179 864 5224 a
876 5162 1064 5241 pontificalis
1077 5163 1170 5226 cilicii
1186 5181 1277 5228 exer·
1332 5169 1393 5236 ret,
1410 5161 1543 5224 Romani
1559 5162 1727 5225 Pontifices
1743 5163 1802 5224 rati
1824 5179 1882 5242 per
1894 5171 2078 5243 patronatus

533 5253 625 5327 citio,
656 5271 690 5316 ac
711 5259 775 5316 tam
803 5253 872 5332 ipse
893 5270 988 5332 quam
1017 5261 1051 5317 tu
1074 5273 1090 5318 a
1116 5256 1276 5334 regimine
1332 5256 1502 5318 memorati
1531 5256 1771 5319 concessionem
1799 5273 1864 5320 non
1892 5257 1925 5320 id
1952 5259 2078 5322 intelle-

533 5352 566 5408 et
583 5346 858 5410 administratione
872 5347 1078 5410 ecclesiarum
1093 5355 1275 5412 vestrarum
1331 5353 1419 5410 ctum
1440 5348 1491 5421 iri,
1514 5355 1551 5411 ut
1575 5349 1754 5427 Apostolica
1785 5348 1883 5412 Sedes
1905 5349 1987 5414 nilril
2015 5368 2078 5414 am-

532 5441 679 5518 suspensi
699 5439 767 5501 sitis
788 5456 827 5502 eo
847 5440 926 5520 ipso.
1331 5441 1415 5520 plius
1444 5441 1644 5521 plenitudine
1673 5443 1837 5522 potestatis
1865 5459 1942 5508 suae
1971 5453 2079 5524 posset

318 5549 513 5602 cuntramnus·
571 5533 640 5608 §b
663 5531 735 5597 Non
763 5533 961 5597 obstantibus
986 5534 1166 5614 apostolicis
1187 5552 1221 5598 aa
1241 5537 1275 5598 in
1332 5535 1546 5609 constituere,
1577 5537 1664 5614 quod
1692 5536 1776 5598 bono
1803 5537 1976 5600 catholicae
2003 5539 2078 5601 fidei

298 5609 379 5664 ¹⁰⁸³*
530 5625 769 5689 universalibus
790 5627 1105 5706 provincialibusque
1126 5645 1160 5690 ac
1181 5643 1275 5706 syno-
1331 5635 1522 5705 agnosceret
1552 5629 1787 5704 necessarium,
1821 5629 1922 5692 multa
1951 5637 2078 5708 praeter

532 5719 655 5785 delibus
683 5720 826 5784 conciliis
859 5721 952 5784 editis
989 5720 1194 5800 generalibus
1221 5721 1276 5784 vel
1331 5721 2077 5796 concessionlsilliusrationemsalutifidelium

572 5935 602 5992 (l)
617 5935 654 5980 lix
668 5935 730 5992 Reg.
746 5932 868 5980 Brevlum
882 5935 931 5982 vol.
948 5937 997 5994 lt„
1011 5945 1034 5992 p.
1050 5935 1098 5980 223.
1112 5958 1139 5968 -
1152 5933 1216 5980 vide
1231 5933 1298 5982 inii-e
1312 5939 1398 5982 Multa
1413 5938 1596 5990 praeclareat
1610 5939 1721 5982 Leonem
1734 5935 1799 5982 x111.
1816 5938 1960 5982 Euemeriae
1972 5941 2075 5983 solutus.
