4770 6982
341 520 393 572 An.
410 520 439 570 u.
461 517 530 570 1845
581 515 640 580 356

879 650 994 714 ccix.

562 837 649 900 Duas
670 855 709 900 erc
733 837 988 902 moderatoribus
1017 837 1192 903 Seminarii
1219 840 1312 906 Pari-

601 931 715 994 siensis
737 930 927 994 Missionum
956 933 997 996 ad
1025 939 1150 996 anteros
1176 933 1313 1014 inmense

602 1025 727 1094 iaudat,
756 1031 796 1096 ct,
820 1027 1073 1089 commemoratis
1094 1025 1256 1091 laboribus
1278 1029 1313 1089 in

603 1116 808 1181 missionibus
831 1116 870 1182 ab
892 1119 1033 1181 alumnis
1059 1119 1196 1182 eiusdem
1221 1121 1313 1182 insti-

603 1211 666 1274 tuti
681 1211 871 1282 enuntiatis,
889 1229 1003 1292 corpus
1018 1211 1047 1276 b.
1063 1215 1218 1292 inartpris
1232 1213 1313 1277 Pbo-

603 1304 712 1386 spbori
741 1305 839 1368 cidem
869 1305 1049 1368 Seminario
1079 1307 1179 1370 donat
1203 1326 1314 1390 prope-

602 1397 685 1460 diem
708 1399 911 1462 mittendum.

565 1583 692 1652 attacus
715 1585 787 1652 111113
816 1585 924 1654 Geraia
953 1587 1097 1673 [anginis
1127 1592 1313 1659 etantanto

605 1678 726 1758 1131313,
751 1678 910 1748 Seminarii
928 1681 1115 1750 Parisiensis
1139 1685 1314 1753 missionum

605 1773 641 1839 ad
666 1773 804 1854 Eatenus,

742 1961 963 2030 GREGORMJS
987 1951 1047 2032 ΡΡ.
1072 1967 1140 2034 nti.

844 2150 951 2219 11113311
974 2153 1042 2233 11111,

598 2242 727 2309 satutem
750 2249 781 2310 31
803 2246 1003 2328 apostoticam
1029 2249 1279 2318 benedictionem.

605 2433 692 2496 Licet
712 2435 843 2499 indubia
866 2453 1042 2516 propensae
1064 2440 1238 2506 voluntatis
1260 2461 1316 2505 no-

566 2533 650 2590 strae
672 2529 873 2604 testimonia,
906 2532 1023 2609 quibus
1053 2535 1243 2599 missionum
1270 2537 1316 2600 Si-

566 2622 716 2684 nensium
733 2629 765 2685 et
779 2623 940 2688 indiarum
957 2625 1123 2690 3311311133
1140 2632 1316 2708 operarios·

567 2731 629 2792 que
654 2717 869 2794 evangelicos,
901 2719 993 2783 istius
1023 2721 1061 2783 dc
1091 2722 1230 2786 Ecclesit
1259 2725 1315 2787 Dei

566 2825 776 2888 summopere
808 2811 916 2875 meriti
950 2812 1119 2876 Seminarii
1148 2816 1313 2890 31313333,

568 2903 758 2980 prosequuti
778 2904 955 2968 identidem
978 2921 1100 2979 sumus,
1118 2910 1154 2970 ad
1170 2910 1315 2973 eiusdem

567 3011 698 3073 quoquc
715 2995 887 3060 Seminarii
902 3000 1123 3062 moderatores
1145 3003 1316 3066 referenda

567 3088 638 3151 iure
661 3090 880 3167 spumosior,
905 3093 1101 3171 peculiarem
1131 3101 1239 3158 tamen
1261 3113 1316 3160 vo-

568 3181 627 3255 bis,
652 3183 761 3246 dilecti
782 3184 850 3256 11111,
875 3187 1017 3263 pergrati
1036 3188 1133 3250 animi
1153 3192 1257 3268 nostri
1277 3192 1317 3253 si-

569 3277 808 3354 gnificationem
825 3279 937 3341 deesse
950 3279 1124 3343 noluimus:
1140 3285 1225 3360 quod
1241 3301 1316 3348 sane

568 3385 625 3448 per
647 3371 729 3434 hanc
750 3389 765 3434 a
787 3387 862 3434 ven.
880 3373 977 3435 tratre
992 3372 1229 3439 Columbicensi
1245 3379 1317 3456 Epi·

568 3479 664 3542 scopo
694 3465 880 3546 tradendam
905 3467 1072 3545 epistolam
1102 3473 1259 3547 perficere
1282 3473 1317 3534 11-

567 3556 757 3623 bentissime
769 3575 990 3638 properamus.
1007 3561 1165 3639 Equidem
1179 3582 1237 3627 nos
1252 3582 1317 3629 non

568 3652 644 3714 latet
676 3659 827 3730 quantam
856 3655 1012 3718 virtutem
1042 3673 1116 3734 prae
1145 3675 1179 3720 se
1208 3659 1319 3722 ierunt

568 3753 785 3824 quantamque
798 3749 1124 3814 mereanturiaudem
1136 3752 1257 3830 singuli
1270 3771 1318 3818 ec-

568 3841 736 3904 clesiastici
748 3841 810 3902 viri
821 3843 984 3920 praeclaro
997 3843 1048 3906 isti
1064 3845 1213 3908 instituto
1229 3864 1318 3926 prae-

568 3936 674 4014 positi,
699 3950 763 4013 quo
786 3937 879 3998 11131
906 3955 1175 4017 unumquemque
1203 3959 1316 4006 eorum

569 4031 634 4109 pari
664 4029 889 4093 benevolentia
911 4038 942 4092 31
971 4033 1099 4095 caritate
1129 4036 1318 4114 complecta-

569 4141 654 4186 mur.
679 4123 809 4197 31133,
834 4125 888 4202 qui
910 4131 985 4214 post¹
1003 4127 1172 4190 diuturnos
1194 4129 1317 4207 impen-

569 4234 687 4296 sasque
708 4217 896 4290 exantlatos,
921 4219 1001 4280 alter
1023 4220 1057 4282 13
1079 4221 1242 4299 Tunquini
1267 4239 1317 4285 rc-

570 4329 633 4390 gno
657 4312 736 4374 alter
757 4312 791 4373 in
814 4312 867 4374 ort
889 4311 1169 4388 Garamandeiici,
1194 4323 1317 4394 aposto-

569 4407 621 4468 lici
642 4406 788 4468 muneris
811 4405 947 4480 labores,
962 4409 1070 4470 tandiu
1093 4409 1236 4472 sedulam
1253 4417 1317 4474 stu-

570 4500 757 4577 diosamque
780 4516 855 4578 prae
874 4501 942 4563 aliis
957 4501 1044 4564 illius
1067 4519 1177 4564 curam
1193 4504 1315 4580 geritis,

569 4592 726 4670 singulari
762 4595 1041 4658 commendatione
1078 4597 1192 4673 dignos
1225 4597 1318 4675 plane

570 4688 766 4750 censuimus.
790 4687 946 4750 Novimus
969 4690 1055 4751 enirn
1076 4705 1156 4766 quae
1172 4697 1205 4753 31
1220 4705 1318 4767 quan-

570 4788 600 4843 ta
621 4797 679 4860 pro
702 4783 833 4844 nomine
862 4783 933 4844 1333
956 4788 988 4844 31
1009 4785 1189 4846 animarum
1215 4785 1318 4846 salute

571 4876 602 4936 in
626 4876 800 4940 excolenda
826 4877 964 4955 quisque
991 4877 1051 4939 sibi
1073 4878 1191 4940 credita
1219 4879 1318 4940 dorni-

570 4970 659 5031 nicae
681 4970 793 5032 vineae
816 4977 904 5048 parte
927 4971 1069 5048 perpessi
1093 4972 1178 5044 estis,
1203 4977 1318 5046 etqua

569 5064 689 5126 iamdiu
705 5063 908 5125 solicitudine
925 5064 958 5126 13
971 5065 1122 5142 operariis
1138 5065 1175 5126 ad
1192 5079 1318 5126 sacrum

570 5158 787 5222 ministerium
811 5158 872 5219 rite
896 5158 1081 5220 obeundum
1108 5159 1319 5220 informandis

570 5253 771 5326 adlaboretis,
789 5255 831 5314 ita
846 5261 881 5315 31
896 5270 961 5315 333
983 5253 1088 5314 31333
1109 5243 1211 5314 aetate
1223 5267 1319 5329 quam

610 5472 640 5527 111
656 5471 872 5527 131113131ἳὸ
888 5468 1030 5513 3313113333
1043 5469 1081 5512 111,
1094 5481 1134 5525 api.
1145 5481 1160 5513 a
1171 5469 1251 5513 (tlern.
1264 5471 1317 5512 xil.

568 5542 653 5594 datas,
669 5543 838 5592 apostolatus
853 5543 974 5592 afflictione,
994 5537 1089 5592 quibus
1104 5539 1212 5592 regulus
1226 5537 1318 5582 contir-

569 5609 659 5653 mabut
680 5611 702 5651 S.
721 5605 826 5650 Antonii
848 5617 894 5662 pro
915 5605 1318 5650 31333313133313313313111333-

569 5675 634 5720 nitis
648 5674 743 5718 11133113
759 5673 865 5724 1,1113.31;
881 5675 906 5716 31
923 5673 948 5716 13
964 5673 1054 5716 eudem
1067 5673 1200 5716 volumine
1210 5683 1268 5728 pag.
1277 5673 1317 5715 313

569 5743 685 5788 eiusdem
696 5739 877 5796 3331111313111.
889 5743 1144 5788 ,iliter-tconutarmric.
1157 5740 1253 5796 quibus
1263 5751 1316 5783 eus-

569 5806 1317 5864 demregulusproposuitMonnchisAntoriianiscongre·

569 5874 685 5932 gationis
701 5877 723 5918 S.
735 5873 819 5918 isaiae
829 5872 855 5918 in
867 5874 955 5930 Syria:
968 5885 1067 5926 versarii,
1079 5874 1217 5918 1333113113
1228 5883 1316 5927 33333,

570 5953 618 5998 pro
627 5940 841 5986 scientiaharum
854 5942 1104 5998 regular.iecto1·em
1116 5940 1254 5984 remittere
1265 5939 1316 5983 eri·

1083 533 1148 579 ruit.
1172 533 1265 579 PONT.
1289 534 1330 578 DE
1352 534 1381 578 P.
1406 534 1438 578 F.
1460 531 1544 578 PARS
1566 533 1587 576 1.

1368 653 1474 715 studio
1496 668 1530 713 ac
1541 651 1705 730 vigilantia
1720 655 1889 733 regiminis
1912 662 2036 720 ceteros
2051 672 2116 720 mo-

1369 746 1534 808 delatores
1557 747 1763 825 praecedatis.
1788 749 1927 812 Huiusce
1944 751 2115 813 solicitudi-

1368 840 1417 902 nis
1439 857 1474 903 ac
1494 839 1680 917 vigilantiae
1695 847 1822 904 vestrae
1837 849 1935 905 testes
1957 844 2116 922 inprimis

1368 933 1525 996 habemus
1548 939 1596 995 tot
1611 933 1748 1011 inclytos
1765 936 1857 997 verbi
1873 936 1930 998 Dei
1945 953 2116 1014 praecones

1369 1035 1401 1090 31
1422 1028 1559 1090 invictae
1589 1029 1786 1091 tortitudinis
1816 1031 1944 1103 herese,
1973 1031 2117 1107 331333-

1370 1123 1468 1200 guine
1481 1122 1577 1184 etiam
1592 1139 1650 1184 suo
1664 1121 1814 1185 Sirenses
1831 1125 1980 1187 ecclesias
1991 1125 2029 1186 ad
2042 1125 2119 1187 haec

1368 1231 1471 1292 usque
1493 1222 1639 1293 tempora
1668 1216 1862 1280 foecundare
1885 1235 1919 1280 ac
1946 1219 2044 1280 fidem
2067 1219 2119 1280 ob-

1369 1309 1498 1386 signare
1521 1325 1586 1370 non
1608 1309 1842 1372 detrectarunt:
1869 1327 1927 1372 nec
1949 1328 2015 1374 non
2038 1319 2119 1374 cete-

1369 1419 1422 1464 ros
1444 1402 1684 1480 probatissimos
1706 1401 1991 1484 Antistitesatque
2010 1421 2119 1483 opera-

1369 1495 1444 1567 rios
1463 1510 1603 1572 quorum
1616 1511 1701 1557 nunc
1713 1502 1842 1560 auctum
1858 1514 2035 1560 numerum
2052 1515 2120 1576 gra-

1370 1589 1528 1661 tulamur,
1561 1596 1593 1652 et
1623 1605 1763 1667 quorum
1797 1593 1893 1669 opera
1926 1593 2121 1670 optimisque

1371 1683 1458 1754 cleri,
1484 1684 1674 1761 praesertim
1700 1684 1881 1762 indigenae,
1912 1685 2122 1750 institutioni-

1371 1775 1430 1837 bus
1445 1791 1498 1837 res
1520 1775 1717 1838 catholicam
1733 1779 1920 1842 memoratis
1932 1779 2121 1856 regionibus

1372 1869 1403 1930 13
1419 1869 1487 1931 dies
1503 1871 1604 1947 magis
1620 1871 1787 1949 magisque
1802 1873 1950 1934 firmetur
1965 1889 1999 1934 ac
2015 1873 2119 1936 ilorci.

1372 1963 1556 2026 Meminisse
1586 1964 1720 2043 insuper
1751 1966 1840 2027 iuvat
1870 1973 2012 2028 vestram
2046 1984 2122 2044 erga

1371 2055 1586 2134 Apostolicam
1613 2058 1693 2119 lianc
1723 2057 1839 2121 Sedem
1862 2066 1894 2121 et
1916 2069 2059 2122 nostram
2083 2061 2121 2123 de

1371 2151 1576 2229 Propagandi
1612 2151 1687 2213 Fide
1723 2151 2020 2232 congregationem
2056 2171 2122 2216 om-

1371 2245 1534 2307 nimodam
1567 2252 1832 2324 constantemque
1865 2249 2119 2322 observantiam,

1371 2355 1467 2417 quam
1491 2338 1660 2402 Seminarii
1672 2340 1763 2401 istius
1778 2342 1925 2404 alumnos
1944 2342 2033 2404 inter
2048 2343 2122 2404 elias

1372 2433 1520 2511 egregias
1542 2434 1632 2496 dotes
1655 2435 1775 2511 ingiter
1798 2436 1916 2496 fovisse
1938 2453 1972 2498 aa
1994 2444 2122 2514 practu-

1371 2527 1446 2590 lisse
1462 2527 1664 2605 exploratum
1680 2535 1739 2590 est.
1756 2527 1827 2590 Non
1846 2545 2019 2608 possumus
2035 2531 2120 2602 irinc,

1372 2621 1480 2684 dilecti
1501 2621 1569 2693 niti,
1595 2621 1672 2698 quin
1695 2623 1863 2700 praecipua
1893 2629 2046 2701 paternae
2068 2641 2122 2687 no-

1371 2721 1456 2777 strae
1478 2715 1724 2776 benevolentiae
1739 2716 1971 2793 significatione
1991 2733 2052 2779 vos
2069 2719 2122 2780 bo-

1371 2815 1549 2880 nestemus‚
1574 2809 1664 2870 cuius
1687 2815 1722 2870 ut
1744 2810 1776 2870 in
1799 2817 1966 2887 posterum
1990 2827 2122 2888 quoquo

1372 2903 1528 2964 memoria
1556 2910 1755 2981 perseveret,
1785 2919 1903 2967 munus
1930 2905 2043 2983 pietati
2071 2903 2125 2968 vess

1371 3003 1454 3058 strae
1478 3011 1654 3058 consonum
1671 3013 1729 3074 pro
1747 2995 1917 3058 Seminarii
1940 2999 2059 3061 sacello
2074 3001 2124 3062 ad·

1372 3090 1449 3152 ciere
1472 3090 1647 3163 voluimus
1672 3108 1787 3170 corpus
1810 3107 1926 3170 nempe
1949 3092 1983 3153 B.
2008 3093 2124 3172 Marty-

1372 3183 1414 3244 ris
1436 3184 1627 3262 Phosphori,
1646 3185 1768 3263 proprii
1791 3185 1930 3246 nominis
1954 3203 1971 3247 e
1993 3194 2123 3249 vetusto

1372 3277 1460 3339 urbis
1489 3279 1685 3340 coemeterio
1712 3295 1816 3357 nuper
1845 3279 2008 3352 31133333,
2040 3283 2125 3358 quod

1372 3373 1568 3458 mittendum
1598 3373 1690 3434 brevi
1719 3373 1912 3434 curabimus.
1945 3373 2019 3444 Post
2050 3374 2140 3444 haec.

1372 3483 1463 3540 vero,
1481 3468 1579 3530 totius
1596 3467 1671 3530 boni
1693 3467 1853 3545 auspicem
1870 3473 1901 3528 et
1916 3467 2056 3528 caritatis
2072 3485 2126 3529 nu-

1373 3567 1457 3624 31333
1487 3563 1603 3640 pignus
1631 3561 1835 3640 apostolicam
1865 3561 2126 3624 benedictionem

1374 3673 1447 3718 cuni
1470 3657 1603 3733 reliquis
1633 3655 1786 3734 praedicti
1816 3654 1985 3718 Seminarii
2016 3657 2125 3719 mode-

2142 524 2187 578 113.
2200 531 2224 580 C,
2243 537 2292 588 1811

1374 3749 1533 3812 rasoribus
1555 3749 1852 3812 communicandam
1868 3749 1958 3810 vobis
1980 3759 2126 3812 amanter
2177 3750 2180 3756 ’

1373 3842 1591 3920 impertimur.

1413 3936 1527 3996 Datum
1556 3935 1674 3998 Romae
1704 3936 1785 4013 apud
1817 3935 1847 3997 S.
1873 3936 2001 3998 Mariam
2034 3937 2125 3999 Maio-

1373 4046 1444 4090 rem
1467 4030 1526 4091 snb
1559 4028 1678 4090 annulo
1707 4029 1873 4090 Piscatoris
1906 4031 1956 4092 die
1983 4048 2027 4092 vr.
2057 4032 2125 4094 iulii

1374 4139 1569 4196 succentu,
1594 4122 1794 4200 pontificatus
1816 4123 1917 4184 nostri
1938 4140 2023 4186 anno
2052 4142 2103 4186 xv.

1683 4499 1810 4562 CCLXI.

1378 4684 1552 4767 Confirmat
1573 4687 1763 4750 Institutum
1784 4687 2014 4750 Menaenorum
2034 4689 2124 4753 Citat-

1414 4779 1568 4843 duenrum
1591 4781 1621 4843 S.
1646 4781 1834 4844 Hormisdou
1860 4781 1989 4844 Ordinis
2011 4782 2043 4844 S.
2063 4785 2124 4844 An·
2221 4847 2223 4854 ,

1415 4877 1507 4944 13311,
1532 4893 1569 4938 33
1591 4875 1757 4938 monacbis
1779 4873 1993 4939 observandas
2011 4895 2124 4958 propo-

1415 4970 1464 5030 311
1485 4971 1614 5049 requies
1641 4986 1699 5049 pro
1728 4969 1923 5031 Antouicnis
1951 4971 2123 5034 Maronitis

1416 5081 1435 5125 3
1461 5061 1616 5125 Clemente
1639 5061 1706 5124 XM.
1731 5061 1935 5142 approbatas,
1959 5065 2123 5126 uorcnrdiis

1416 5157 1579 5218 13133313
1602 5155 1666 5217 tuis
1688 5154 1922 5219 mutationibus
1949 5157 2123 5237 tantisper

1416 5250 1446 5312 S.
1475 5249 1757 5330 Coirpreqntioncm
1777 5249 2011 5329 patefaciendis
2031 5251 2086 5332 (1).

1374 5466 1647 5511 stinraaimusnditui.
1658 5465 2120 5520 11313311.’1333133331313133111,

1374 5546 1432 5590 pag.
1447 5537 1494 5578 603.
1516 5533 1560 5578 1113
1577 5545 1645 5587 vero,
1660 5543 1721 5578 curn
1740 5534 1844 5578 casdem
1868 5535 1976 5590 regulas
1995 5537 2121 5591 proponat

1374 5601 1490 5647 Pontifex
1501 5601 1658 5646 3331133313
1668 5600 1792 5644 instituio
1806 5605 1829 5645 S.
1839 5601 1976 5646 Orrnisdee
1988 5601 2120 5646 133333113-

1374 5681 1433 5714 rum
1449 5669 1636 5713 chaldaeorum
1653 5671 1676 5710 S.
1689 5669 1803 5720 3313311,
1819 5679 1878 5712 cirin
1894 5668 2029 5725 aliquibus
2045 5667 2120 5712 incdi-

1374 5737 1540 5782 sscutionibus
1555 5747 1601 5791 per
1617 5739 1640 5779 S.
1652 5739 1676 5778 (3.
1691 5734 1772 5780 datis:
1788 5747 1883 5791 operae
1898 5733 2119 5792 3333113333ᾰί-

1374 5817 1432 5850 mus
1455 5805 1502 5848 1133
1523 5803 1631 5858 regulas
1652 5813 1711 5846 cnm
1734 5807 1757 5846 S.
1774 5807 1798 5845 C.
1819 5807 2001 5847 inestimatione
2019 5804 2117 5848 afferre.

1373 5875 1501 5926 utrasque
1523 5870 1550 5914 13
1566 5873 1755 5924 diippteineneo
1778 5869 1858 5914 113133
1881 5869 2024 5914 voluminis
2038 5871 2119 5914 lector
2179 5924 2183 5942 ι

1371 5937 1495 5982 inveniet.
