4822 6986
147 2211 263 2270 sternuat
285 2219 342 2251 tutn-

121 2267 215 2304 lrarrts.

152 3908 324 3952 Prooemium.

967 587 1142 632 uasoonrus
1164 589 1214 635 ΡΡ.
1238 589 1303 635 XVl.

360 705 449 784 prius
482 705 654 769 catholicae
683 707 756 769 fidei
789 705 987 786 professione
1019 705 1106 768 iuxta

359 798 510 861 articulos
532 798 656 877 pridem
678 819 694 862 a
717 798 747 862 S.
773 799 854 862 Sede
878 799 1057 878 propositos
1073 815 1107 860 ac

360 899 472 954 nostro
488 899 520 954 et
536 893 694 956 Romanae
710 893 869 956 Ecclesiae
885 893 1016 955 nomine
1031 893 1107 954 ftde-

359 983 456 1048 litatis
482 986 606 1048 debitae
624 987 817 1058 iuramento,
840 986 1015 1064 praefatum
1038 1001 1107 1046 mn-

360 1095 419 1140 nus
441 1079 509 1152 tibi,
526 1081 713 1142 anctoritate
730 1088 850 1152 nostra,
868 1080 1057 1158 impendere
1072 1078 1107 1139 li-

360 1174 421 1236 cite
433 1171 547 1244 valeat,
559 1173 686 1252 plenam
702 1174 816 1236 barum
830 1174 1011 1236 litterarum
1024 1173 1108 1236 serie

361 1267 534 1328 tribuimus
547 1267 740 1330 facultatem.
756 1267 914 1330 Volumus
927 1274 1045 1338 tamen,
1060 1283 1108 1328 ea-

361 1361 434 1422 dem
447 1359 634 1422 auctoritate
651 1362 874 1440 praecipimus,
889 1368 935 1433 ut,
950 1361 1010 1422 nisi
1022 1377 1109 1422 rece·

361 1453 422 1531 ptis
437 1471 453 1514 a
470 1459 501 1515 te
515 1469 572 1532 per
588 1454 708 1516 dictum
725 1454 910 1516 antistitem
927 1455 1109 1516 iuramento

361 1553 393 1608 et
409 1545 610 1625 professione
630 1547 704 1609 ftdei
723 1547 919 1618 huiusmodi,
940 1548 1008 1625 ipse
1021 1546 1109 1609 Anti-

361 1647 426 1702 stes
441 1641 690 1702 consecrationis
703 1657 822 1702 munus
834 1641 891 1702 tibi
907 1640 1107 1720 impendere,

362 1739 462 1812 tuque
475 1734 553 1796 illud
564 1735 709 1812 recipere
721 1735 1012 1813 praesumpseritis
1022 1734 1108 1796 idem

361 1827 535 1890 antistesa
558 1827 747 1907 pontificalis
770 1828 863 1891 officii
887 1828 1052 1900 exercitio,
1076 1845 1110 1890 ac

362 1926 425 1982 tam
442 1923 510 1999 ipse
533 1937 628 2000 quam
651 1929 684 1982 tn
707 1939 723 1982 a
745 1923 905 2000 regimine
931 1928 963 1983 et
977 1922 1109 1983 admini-

362 2015 515 2078 stratione
538 2016 745 2078 ecclesiarum
761 2022 943 2078 vestrarum
963 2015 1110 2094 suspensi

362 2107 431 2170 sitis
454 2125 492 2170 eo
515 2109 594 2188 ipso.

402 2205 420 2278 ἓ
442 2203 471 2264 3.
495 2203 567 2264 Non
590 2203 788 2265 obstantibus
817 2203 997 2282 apostolicis
1022 2221 1057 2268 ac
1078 2203 1110 2265 in

362 2297 600 2359 universalibus
624 2298 938 2376 provincialibusque
958 2305 989 2360 et
1017 2315 1112 2377 syno-

363 2391 486 2454 dalibus
499 2391 641 2452 conciliis
654 2391 747 2453 editis
761 2391 965 2468 generalibus
978 2392 1030 2453 vel
1042 2407 1111 2470 spe-

362 2485 493 2548 cialibus
506 2485 788 2548 constitutionibus
802 2492 833 2546 ct
846 2486 1110 2558 ordinationibus,

363 2580 563 2656 caeterisque
585 2579 754 2642 contrariis
777 2579 1046 2656 quibuscumque.

405 2673 517 2735 [tatum
540 2671 658 2735 Romae
680 2672 762 2750 apud
786 2671 817 2733 S.
836 2673 967 2734 Petrum
985 2673 1044 2736 sub
1060 2690 1112 2734 an-

365 2753 442 2830 n'ulo
465 2766 630 2828 Piscatoris
650 2765 700 2826 die
724 2783 780 2826 nu.
808 2767 881 2828 maii
904 2783 1111 2838 noceamve,

365 2861 565 2938 pontificatus
587 2859 688 2920 nostri
705 2875 787 2921 anno
809 2877 872 2922 avr.

660 3101 818 3164 CCLXXI.

369 3235 627 3300 Manduricuscm
640 3239 740 3302 vicar.
761 3256 811 3318 up.
827 3238 861 3299 iu
875 3237 975 3298 indiis
995 3235 1114 3299 Oricut.

407 3332 475 3394 Soc.
492 3333 563 3394 lesu
582 3333 761 3402 committit,
779 3332 912 3395 adiectis
929 3329 1118 3392 conditioni-

406 3423 463 3489 bus
485 3433 513 3488 ct
533 3426 668 3506 praevia
690 3425 828 3487 limitum
855 3424 1038 3504 definitione
1059 3424 1071 3504 t
1093 3423 1115 3502 ).

541 3595 762 3664 caesonius
787 3595 847 3662 ΡΡ.
873 3593 944 3660 lllll.

508 3719 544 3785 at
567 3719 698 3784 futuram
727 3717 769 3782 rei
794 3717 974 3782 memoriast.

407 3898 454 3958 bt
478 3896 641 3974 pastoralis
662 3895 753 3956 oflicii
772 3894 880 3956 debito
895 3894 933 3956 ad
950 3893 1118 3955 meliorem

368 3990 584 4070 complurium
613 3988 774 4050 ludicrum
804 3986 1014 4050 Orientalium
1046 3987 1119 4047 rnis-

407 4175 436 4232 (tt
452 4175 639 4230 Presbyterum
662 4177 685 4217 s.
702 4177 719 4218 1.
736 4171 941 4229 praeficiendum
964 4181 1031 4216 noro
1052 4171 1116 4216 vica·

366 4243 450 4289 riatui
465 4241 644 4288 ltattduriensi
658 4241 793 4297 dispensat
807 4251 823 4284 a
839 4243 897 4283 voto
912 4242 938 4284 et
953 4237 1115 4295 obligatione

366 4311 488 4357 electioni
502 4309 653 4356 contrariis.

583 4430 764 4474 GREGORIUS
780 4431 823 4472 ΡΡ.
840 4431 901 4473 xvi.

535 4530 571 4571 ad
584 4529 710 4576 statut-am
726 4529 764 4567 ter·
780 4528 945 4568 ›nemra-tam.

407 4653 456 4694 Pro
465 4647 604 4705 apostolici
615 4645 700 4691 nostri
712 4643 830 4690 muneris
841 4643 924 4690 olilcio
934 4643 1117 4688 Mattdurensis

367 4717 502 4762 missionis
523 4713 648 4772 regimini
671 4711 868 4768 prospicientes,
883 4711 1000 4766 aliquem
1015 4722 1046 4754 er
1062 4721 1118 4766 pre-

368 4783 483 4841 sbyteris
499 4781 637 4827 Societatis
652 4784 719 4826 lesu.
734 4779 777 4823 cni
793 4781 940 4823 memorata
953 4777 1044 4822 tttissio
1055 4778 1118 4822 iam·

367 4853 467 4898 dudum
481 4849 665 4896 commendata
679 4851 729 4900 est,
743 4847 775 4892 ad
791 4857 887 4891 munus
904 4845 1001 4892 t'icarii
1014 4849 1118 4902 aposto·

368 4921 414 4966 lici
431 4930 491 4964 cum
513 4919 668 4962 charactere
689 4915 830 4972 episcopali
851 4914 931 4958 titulo
950 4913 1075 4958 ecclesiae
1091 4913 1117 4957 in

368 4989 490 5046 partibus
512 4984 659 5030 infidelium
676 4984 702 5028 in
719 4987 867 5028 memorata
889 4980 1023 5034 ratissione,
1039 4983 1118 5036 prout

367 5069 383 5102 a
398 5055 473 5100 nobis
487 5052 689 5109 circumscripta
703 5057 752 5106 est,
771 5051 921 5096 obettndmn
938 5049 1117 5106 deputandum

368 5122 528 5170 censuimus.
542 5121 617 5166 iuxta
632 5123 720 5164 tamen
735 5123 823 5164 certas
837 5117 999 5164 conditiones
1016 5117 1063 5162 bac
1078 5127 1119 5162 su-

369 5201 414 5246 per
429 5201 458 5234 re
472 5199 487 5233 a
503 5187 577 5232 nobis
593 5186 781 5243 praescriptas:
798 5189 967 5241 quapropter,
979 5189 1008 5228 ut
1023 5183 1120 5238 eligen-

369 5257 418 5302 dus
434 5255 552 5300 vicarius
573 5254 736 5311 apiostolious
757 5253 918 5298 adlatarum
939 5250 1119 5296 conditionum

369 5335 399 5369 ac
414 5324 582 5367 decretorum
597 5319 765 5364 observantia
780 5319 854 5364 nulla
869 5319 946 5374 plane
961 5317 1065 5362 ratione
1080 5317 1121 5362 de·

371 5390 450 5436 cineri
466 5389 558 5445 possit,
574 5399 620 5432 nos
635 5387 756 5430 eumdem
771 5386 804 5430 ab
819 5386 891 5430 omni
901 5384 1064 5440 obligatione
1074 5395 1120 5440 per

370 5457 558 5516 professionem
574 5461 695 5510 suscepta
710 5452 863 5498 solvendum
878 5451 1040 5504 censuimus,
1053 5462 1121 5507 quae

371 5526 499 5570 ttirnirum
513 5521 673 5579 supradictis
687 5518 883 5565 conditionibus
898 5517 1030 5563 contraire
1041 5522 1121 5574 atque

370 5593 476 5638 obstare
498 5590 628 5635 videatur.
652 5587 750 5632 Idcirco
765 5585 796 5630 de
810 5586 920 5630 consilio
943 5588 991 5630 vv,
1007 5587 1054 5629 FF.
1071 5587 1120 5629 NN.

371 5663 395 5704 s.
412 5662 440 5704 lt.
458 5661 484 5702 E.
501 5655 683 5702 cardinalium
707 5653 821 5708 negociis
844 5652 1030 5709 propagandae
1049 5652 1123 5698 ridet

372 5727 592 5783 praepositorum,
609 5727 682 5768 tnotu
698 5721 812 5778 proprio,
827 5727 900 5764 certa
915 5719 1035 5774 scientia,
1045 5731 1076 5764 ac
1091 5720 1123 5766 de

370 5793 530 5851 apostolicae
552 5791 692 5848 potestatis
715 5788 886 5845 plenitudine,
903 5787 1041 5832 Societatis
1064 5791 1122 5833 lesu

371 5861 557 5918 presbyterum
569 5859 595 5904 in
609 5858 740 5904 vicarium
751 5856 928 5913 apostolicum
940 5855 1124 5900 blandurensis

371 5927 506 5973 missionis
527 5927 678 5982 eligendum
693 5925 885 5980 dispensamus,
901 5933 931 5968 ac
946 5921 1076 5968 solvimus
1091 5923 1123 5968 ab

369 6003 401 6039 ea
414 5993 636 6039 constitutionum
647 5991 782 6037 societatis
793 5989 886 6046 regula
896 6000 943 6034 seu
959 5988 1123 6046 obligatione

1162 707 1291 770 stonum
1313 708 1635 788 circumspectionem
1662 716 1694 772 et
1714 709 1913 773 administra-

1164 799 1285 862 tionem
1307 817 1398 864 curas
1421 809 1546 864 nostras
1568 809 1808 874 convertentes,
1829 803 1913 866 llan-

1164 893 1311 956 durensis
1334 910 1464 973 quoqne
1481 896 1642 960 missionis
1655 913 1706 958 res
1722 897 1759 959 ad
1775 911 1912 958 eramen

1165 989 1388 1050 revocavimus
1408 995 1440 1050 et
1454 989 1539 1051 illius
1555 991 1707 1067 regimini
1727 991 1825 1052 satius
1840 1006 1912 1068 pro·

1164 1081 1364 1158 spiciendum
1387 1083 1653 1146 existimavimus.

1205 1177 1223 1250 ἓ
1246 1175 1274 1236 l.
1297 1174 1407 1251 ltaque
1428 1177 1535 1238 audito
1559 1177 1676 1240 dilecto
1699 1178 1764 1240 filio
1780 1178 1913 1257 Praepo·
1951 1194 2071 1238 scamus
2089 1195 2145 1238 resa

1791 1285 1913 1332 memo·
1932 1247 2145 1356 r:.·rtlln0·

1165 1266 1227 1327 sito
1249 1265 1393 1342 generali
1416 1265 1581 1330 Societatis
1604 1268 1693 1340 lesu,
1718 1269 1768 1331 cni

1165 1367 1231 1420 rata
1253 1360 1363 1422 missio
1385 1360 1574 1440 iampridem
1597 1362 1819 1424 commendata
1840 1361 1911 1433 fuit,

1166 1453 1370 1531 adhibitaque
1392 1463 1517 1517 matura
1538 1455 1781 1526 deliberatione,
1802 1463 1913 1518 utrum

1166 1549 1374 1624 ecquomodo
1388 1549 1667 1627 expedireteidem
1678 1549 1820 1610 missioni
1828 1564 1916 1627 prae·

1167 1641 1263 1703 ficere
1286 1641 1511 1719 presbyterum
1535 1642 1635 1704 dictae
1658 1641 1822 1704 Societatis
1841 1660 1914 1706 cum

1169 1734 1261 1796 titulo
1283 1751 1317 1796 ac
1346 1734 1547 1797 facultatibus
1576 1734 1692 1798 llicarii
1720 1735 1912 1814 apostolici,

1168 1834 1200 1889 et
1222 1843 1294 1889 cum
1307 1828 1491 1892 charactere
1507 1829 1677 1908 episcopali
1700 1829 1793 1892 titulo
1816 1830 1915 1894 eccle-

1168 1921 1232 1983 siae
1255 1922 1287 1984 in
1310 1922 1451 2000 partibus
1479 1923 1676 1998 infidelium3
1700 1939 1758 1985 nos
1781 1923 1820 1986 de
1842 1941 1916 1987 cort·

1168 2015 1240 2077 silio
1262 2031 1361 2077 venn.
1393 2015 1528 2078 fratrum
1552 2022 1738 2078 nostrorum
1763 2015 1793 2078 S.
1817 2017 1853 2080 li.
1876 2016 1913 2078 E.

1169 2109 1385 2172 Cardinalium
1409 2111 1547 2188 negotiis
1575 2112 1799 2190 Propagandae
1827 2111 1916 2173 Fidei

1170 2205 1444 2282 praepositorum,
1469 2204 1597 2283 praevia
1625 2205 1813 2268 delinitione
1835 2203 1917 2266 limi-

1171 2305 1239 2359 tum
1261 2297 1359 2376 ipsius
1382 2299 1554 2370 missionis,
1579 2299 1666 2361 illius
1688 2299 1848 2377 regimen,
1865 2299 1918 2361 ad-

1170 2391 1258 2454 iectis
1281 2398 1388 2454 tamen
1410 2395 1504 2454 certis
1517 2393 1707 2470 quibusdam
1730 2393 1918 2454 conditioni-

1171 2485 1240 2556 bus,
1254 2485 1443 2564 presbytero
1456 2486 1620 2548 Societatis
1632 2486 1702 2548 lesu
1715 2487 1918 2549 committen-

1171 2580 1211 2641 do
1227 2579 1422 2642 censuimus.
1440 2579 1549 2657 ltaque
1565 2587 1651 2643 certa
1667 2580 1809 2654 scientia,
1828 2586 1919 2642 motu

1172 2673 1313 2752 proprio,
1337 2691 1371 2735 ac
1393 2679 1516 2736 matura
1539 2674 1771 2736 deliberatione
1797 2681 1916 2746 nostra,

1171 2768 1275 2844 deque
1291 2767 1481 2845 apostolicae
1497 2767 1692 2830 auctoritatis
1705 2767 1918 2845 plenitudine,

1172 2859 1392 2922 blandarensis
1414 2861 1576 2922 missionis
1592 2861 1740 2937 regimen
1756 2861 1921 2940 presbyte-

1172 2969 1209 3015 ro
1233 2953 1398 3016 Societatis
1427 2953 1497 3016 lesu
1525 2954 1684 3016 committi
1713 2953 1865 3016 volumus
1887 2973 1921 3016 ac

1173 3047 1373 3118 mandamus,
1392 3047 1479 3108 bisce
1496 3047 1656 3125 expressis
1667 3046 1917 3110 conditionibus:

1214 3157 1235 3200 r.
1260 3139 1301 3201 Ut
1323 3140 1437 3202 electio
1461 3140 1605 3202 eiusdem
1619 3139 1734 3203 Vicarii
1750 3139 1921 3218 apostolici

1174 3234 1244 3294 tieri
1274 3233 1424 3296 debeata
1451 3233 1711 3311 congregatione
1739 3249 1838 3296 venn.
1862 3233 1922 3294 fra-

1175 3334 1261 3390 trum
1294 3335 1479 3389 nostrorum
1516 3325 1547 3390 S.
1574 3327 1610 3390 ll.
1638 3327 1673 3388 Ε.
1705 3326 1922 3390 cardinalium

1175 3421 1398 3500 Propagandae
1430 3422 1518 3484 Fidei
1551 3421 1806 3500 praepositorum
1838 3421 1922 3482 inter

1174 3521 1240 3576 tres
1263 3522 1369 3593 patres
1392 3515 1556 3578 Societatis
1584 3515 1729 3577 eiusdem
1751 3532 1767 3576 a
1789 3513 1923 3592 Praepo-

1175 3609 1236 3670 sito
1259 3609 1402 3686 generali
1425 3609 1649 3686 designandos.

1216 3721 1250 3764 u.
1275 3702 1316 3764 Ut
1351 3700 1494 3765 vicarius
1526 3703 1728 3780 apostolicus
1764 3703 1923 3780 regularis

1176 3799 1270 3860 etiam
1300 3815 1333 3859 ac
1364 3797 1535 3875 primarius
1563 3799 1604 3858 sit
1628 3799 1661 3858 in
1690 3797 1843 3859 missione
1872 3813 1923 3858 su-

1177 3892 1284 3970 perior
1307 3891 1573 3970 presbyterorum
1596 3908 1672 3952 suae
1688 3889 1863 3963 Societatis,
1880 3898 1924 3952 at·

1176 4003 1239 4064 que
1266 3987 1343 4047 adeo
1373 3985 1459 4047 iuxta
1486 3985 1622 4048 instituti
1653 3985 1782 4062 regulas
1811 3985 1844 4046 in
1874 3985 1922 4058 iis,

1170 4172 1202 4215 de
1216 4182 1267 4216 aon
1283 4169 1448 4216 admittenda
1462 4169 1667 4226 excipiendaque
1683 4169 1740 4212 ulta
1756 4171 1832 4213 extra
1847 4167 1926 4212 socie·

1172 4241 1254 4286 tatem
1277 4237 1440 4294 praelatione
1463 4248 1508 4282 sen
1531 4235 1675 4292 dignitate,
1699 4237 1815 4291 itemque
1834 4239 1925 4280 avoto

1170 4307 1238 4363 quod
1253 4317 1268 4350 a
1284 4305 1465 4350 sacerdotibus
1480 4303 1605 4362 professis
1619 4302 1765 4356 emittitur,
1776 4302 1808 4346 de
1823 4311 1874 4346 nou
1885 4311 1923 4346 re·

1169 4373 1284 4418 cusando
1299 4371 1399 4417 scilicet
1414 4370 1525 4416 consilio
1540 4369 1683 4426 praepositi
1698 4367 1832 4423 generatis
1846 4368 1924 4412 socie-

1172 4440 1236 4486 tatis
1252 4439 1344 4496 ipsius,
1358 4437 1399 4483 vel
1415 4438 1473 4484 eius
1488 4437 1604 4493 delegati
1621 4438 1646 4481 in
1661 4435 1796 4482 commissi
1808 4435 1859 4480 sibi
1870 4445 1927 4480 mu.

1172 4509 1243 4554 neris
1257 4507 1393 4562 exercitio,
1408 4507 1431 4552 si
1446 4506 1552 4564 quando
1567 4506 1651 4560 iteret,
1667 4507 1697 4550 ut
1712 4505 1745 4550 ad
1759 4503 1873 4550 alicuius
1884 4505 1928 4548 Ec-

1171 4576 1267 4621 clesiae
1284 4576 1403 4632 regimen
1422 4575 1567 4630 eligantur,
1581 4561 1665 4630 atque
1678 4573 1787 4630 insuper
1801 4583 1817 4617 a
1831 4571 1927 4628 quavis

1172 4644 1226 4688 alia
1243 4644 1350 4688 omnino
1368 4642 1531 4698 obligatione
1548 4653 1594 4698 per
1613 4639 1802 4698 professionem
1821 4639 1927 4694 regula-

1174 4723 1234 4756 rnm
1251 4713 1373 4767 suscepta
1387 4720 1455 4766 quae
1476 4709 1544 4754 forte
1559 4719 1641 4764 snpra
1660 4707 1754 4752 relatis
1773 4705 1928 4751 conditioni-

1173 4779 1222 4824 bus
1233 4778 1399 4834 decretisque
1410 4777 1575 4822 contrarinm
1587 4774 1732 4832 praeferat:
1749 4773 1827 4818 brana
1837 4777 1925 4818 tamen

1174 4849 1328 4891 remanente
1342 4845 1513 4900 obligatione,
1529 4847 1559 4890 ut
1574 4844 1717 4900 Episcopus
1732 4841 1927 4896 vicariusapo·

1174 4913 1294 4968 stolicus,
1308 4916 1452 4969 autequam
1468 4911 1573 4956 muneri
1592 4923 1640 4956 suo
1655 4912 1698 4956 det
1714 4920 1830 4965 operam,
1844 4908 1926 4954 insiu-

1174 4982 1286 5027 raudum
1308 4983 1424 5037 praestet
1441 4980 1516 5024 iuxta
1537 4979 1678 5024 formulam
1694 4989 1710 5023 a
1724 4978 1766 5022 fel.
1783 4988 1834 5022 rec.
1850 4979 1927 5020 Bene-

1173 5049 1243 5094 dicto
1257 5051 1319 5092 XIV.
1336 5049 1537 5104 praedecessore
1556 5051 1647 5091 nostro
1663 5055 1710 5102 pro
1726 5043 1860 5100 episcopis
1876 5047 1928 5090 tra·

1174 5115 1258 5162 ditant
1275 5115 1300 5159 iu
1316 5114 1506 5160 constitutione
1521 5124 1589 5170 quae
1603 5112 1697 5168 incipit
1713 5115 1840 5156 Omnium
1854 5114 1927 5155 sotte-

1175 5186 1328 5229 attrectarent.
1341 5183 1404 5226 data
1414 5179 1499 5238 pridie
1509 5179 1568 5225 idus
1581 5179 1738 5236 septembris
1747 5189 1772 5223 a.
1784 5189 1927 5224 unccxttv.

1175 5250 1206 5293 de
1223 5249 1328 5301 ritibus,
1349 5247 1523 5293 coeremoniis
1543 5247 1569 5292 in
1589 5257 1671 5304 regno
1691 5245 1868 5292 Mandurensi.
1890 5247 1930 5290 lta

1176 5317 1329 5370 statuimus,
1341 5317 1473 5371 volumus,
1482 5327 1512 5362 ac
1523 5315 1689 5368 mandamns,
1697 5326 1747 5360 nou
1759 5313 1927 5361 obstantibus

1175 5383 1336 5441 apostolicis.
1356 5395 1386 5428 ac
1405 5384 1431 5428 in
1452 5383 1650 5429 universalibus
1669 5381 1928 5440 provincialibusque

1176 5455 1202 5497 et
1218 5451 1389 5510 synodalibus
1404 5450 1527 5496 conciliis
1543 5449 1620 5494 editis
1636 5449 1806 5506 generalibus
1820 5448 1862 5492 vel
1875 5459 1929 5504 spe·

1176 5519 1288 5564 cialibus
1303 5518 1539 5564 constitutionibus
1552 5521 1579 5562 et
1589 5516 1810 5570 ordinationibus,
1821 5527 1868 5560 nec
1879 5527 1929 5560 non

1177 5584 1344 5642 supradictae
1357 5583 1495 5630 Societatis
1506 5588 1564 5629 lesu
1575 5583 1676 5639 regrrlis
1686 5593 1717 5628 ac
1727 5583 1838 5628 statutis
1847 5575 1929 5628 etia'm

1178 5652 1339 5705 iuramento,
1347 5651 1550 5696 confirmatione
1561 5649 1715 5707 apostolica,
1724 5649 1764 5694 vel
1773 5649 1827 5696 alia
1837 5649 1931 5706 quavis

1178 5719 1307 5764 firmitate
1330 5717 1472 5772 roboratis,
1494 5717 1658 5774 caeterisque
1674 5717 1701 5762 in
1716 5715 1880 5762 contrarium
1896 5718 1930 5762 fa·

1177 5785 1308 5832 cientibus
1322 5785 1542 5844 quibuscumque.

1217 5855 1312 5898 Datum
1333 5855 1431 5897 Romae
1452 5853 1522 5909 apud
1537 5855 1561 5896 S.
1578 5855 1686 5898 Petrum
1708 5852 1757 5897 sub
1778 5853 1878 5898 annulo
1893 5852 1931 5896 Pi-

1177 5919 1289 5965 scatoris
1303 5919 1345 5964 die
1360 5930 1415 5964 xrs.
1435 5918 1498 5964 maii
1516 5930 1682 5973 innocensve,
1700 5919 1870 5976 pontificatus
1885 5931 1932 5966 no-

1177 5985 1228 6033 stri
1243 5997 1312 6032 anno
1328 5997 1381 6033 xvr.

1834 571 1892 638 363
1943 576 1995 626 Art.
2011 577 2040 627 sl.
2064 577 2131 629 tete
