4822 6986
945 635 1120 680 baudonius
1143 635 1194 680 PP.
1219 636 1283 680 xvt.

328 766 385 814 nae
412 749 655 818 institutionem
684 755 752 817 dari
781 755 880 828 iubet,
904 762 941 818 ut
962 770 1080 833 nempe

328 861 504 926 progressu
520 850 675 928 temporis
690 848 825 912 iuvenes
841 849 947 927 potius
962 848 1080 910 levitae

330 949 362 1003 et
383 957 488 1004 novus
510 943 596 1005 idem
618 943 724 1006 clerus
747 943 991 1006 catechistarurn
1015 943 1080 1004 3113-

329 1036 375 1098 313
390 1037 587 1114 pedetentim
604 1042 761 1115 occupent
776 1043 808 1097 et
823 1036 1010 1112 diligentius
1022 1036 1081 1096 im-

332 1129 447 1208 pleant.

371 1242 412 1285 vr.
436 1223 513 1298 Quia
535 1225 649 1287 alicubi
672 1225 705 1286 in
728 1224 889 1286 indiarum
912 1223 1008 1285 etiam
1031 1239 1080 1284 re·

330 1317 479 1396 gionibus
492 1317 655 1380 christiani
663 1317 744 1378 ritus
755 1317 937 1388 orientales,
949 1334 982 1378 ac
992 1333 1081 1394 prae-

328 1413 442 1474 sertim
469 1410 771 1490 Syro-Chaldaicus,
794 1411 984 1484 subsistunt,
1008 1410 1080 1472 ideo

331 1504 533 1575 missionarii,
559 1505 584 1564 si
607 1504 734 1582 quando
757 1505 795 1566 do
818 1504 1081 1566 11313133331133-

330 1598 408 1661 licos
435 1607 560 1674 agetur,
592 1598 767 1661 observent
793 1598 925 1660 omnino
948 1597 1081 1658 Benedi-

330 1693 371 1754 cti
394 1691 473 1753 xlv.
502 1692 534 1752 P.
559 1691 598 1753 ll.
630 1691 899 1769 sapientissimam
928 1690 1081 1752 eonstitu-

332 1786 464 1856 tionem,
489 1800 570 1862 quae
592 1785 703 1863 incipit
718 1783 844 1846 Allotce
859 1787 945 1852 saut,
964 1783 1080 1846 editam

331 1879 382 1941 die
404 1895 491 1940 xxvi.
516 1879 586 1940 iulii
608 1895 691 1942 anno
714 1894 851 1938 333333.
874 1877 929 1958 (1).

371 1989 427 2033 33.
451 1971 541 2046 Quod
559 1973 590 2034 in
608 1972 766 2052 praedicta
781 1970 1009 2033 constitutione
1025 1969 1081 2032 So-

332 2065 493 2128 crosoacta'
504 2065 708 2145 Apostolctrts
720 2065 812 2145 officii
825 2064 1006 2126 Alexander
1017 2063 1079 2125 Vll.

333 2161 409 2222 olim
433 2160 559 2221 monuit
579 2159 732 2222 Indorum
757 2159 921 2236 parochos,
939 2165 972 2220 ut
994 2176 1081 2220 3333-

332 2260 405 2314 reat
425 2253 489 2315 3113
512 2269 576 2314 3333
597 2252 686 2314 modo
702 2253 845 2332 iupevcre
860 2253 895 2314 io
910 2251 1002 2316 rebus
1017 2269 1082 2332 spe-

332 2345 495 2409 ctantibus
518 2346 558 2408 od
577 2347 724 2427 politiora
746 2347 964 2420 saeculare-om
983 2348 1082 2424 quod-

332 2458 395 2518 que
418 2441 564 2518 pluribus
585 2441 693 2502 verbis
711 2439 802 2503 Sacra
817 2440 1033 2518 congregatio
1049 2441 1082 2502 in

332 2553 387 2597 sua
417 2535 455 2596 ad
484 2533 624 2596 Vicarios
651 2533 850 2613 apostolicos
880 2536 962 2613 apud
992 2534 1082 2597 Sinas

333 2629 542 2692 instructione
571 2630 824 2692 commendavit:
856 2630 887 2692 id
918 2630 1081 2707 graviores

332 2741 417 2786 nunc
439 2723 479 2786 ob
501 2739 608 2785 causas
631 2724 830 2786 monendum
853 2723 1082 2800 3313133313-

331 2819 532 2889 culcandum,
558 2833 598 2880 ne
621 2817 813 2880 missionarii
835 2819 920 2879 inter
943 2819 1082 2879 diversa-

289 2915 301 2974 “,
332 2929 404 2974 rum
428 2912 573 2988 gentium
596 2911 755 2988 regimina
778 2917 954 2984 versantes,
975 2928 1082 2973 saecu-

331 3005 451 3068 laribus
480 3011 575 3081 atque
601 3003 738 3082 politicis
760 3020 794 3064 se
817 3004 955 3080 negotiis
977 3003 1082 3064 immi-

330 3105 448 3172 sceant,
471 3099 619 3160 studiove
642 3098 781 3176 partium
803 3104 898 3175 atque
914 3097 1081 3159 nationum

330 3193 533 3266 scindantur;
557 3192 601 3252 sic
617 3192 704 3252 enim
720 3197 752 3252 et
767 3190 805 3252 ab
821 3191 1016 3267 evangelicis
1032 3205 1081 3252 re-

331 3285 415 3362 gulis
437 3283 641 3347 discederent
655 3291 687 3345 et
701 3285 863 3364 propriam
879 3285 1080 3346 vocationem

330 3380 564 3457 pessundarent
585 3385 618 3440 et
638 3394 672 3440 33
688 3379 822 3440 13313333
837 3396 872 3440 33
887 3378 1080 3456 religionem

331 3474 363 3536 in
385 3473 568 3536 discrimina
591 3473 691 3535 multa
712 3473 918 3536 coniicerent.

370 3584 439 3628 333.
463 3567 629 3630 Postremo
652 3565 745 3629 Sacra
767 3567 877 3629 eadem
900 3567 1081 3645 congrega-

332 3663 375 3724 tio
398 3669 593 3724 memoratos
622 3661 814 3722 missionum
843 3661 1005 3740 praesides
1027 3676 1081 3724 ve-

331 3757 502 3819 hementer
520 3756 553 3818 in
568 3757 704 3819 Domino
720 3755 878 3828 hortatur,
893 3763 1008 3817 utnon
1024 3757 1082 3816 rni-

330 3851 402 3913 nori
421 3850 638 3913 sollicitudine
653 3850 691 3912 ad
706 3849 781 3912 alias
796 3849 892 3912 utiles
908 3851 1080 3912 admodum

330 3951 424 4022 atque
447 3945 542 4007 etiam
564 3945 755 4006 necessarias
777 3944 995 4006 institutiones
1016 3945 1081 4006 ani-

329 4056 420 4101 mum
442 4044 634 4102 convertant
654 4039 779 4116 sibique
806 4038 949 4100 subditos
972 4055 1081 4117 opera-

330 4135 395 4198 rios
417 4135 454 4196 ad
477 4150 529 4196 eas
558 4133 731 4209 adducant,
762 4150 803 4194 ne
826 4133 903 4210 quid
925 4133 1080 4195 nimirum

330 4228 420 4300 desit,
445 4227 530 4306 quod
553 4228 589 4289 ad
609 4225 773 4305 apostolici
789 4226 959 4288 ministerii
978 4225 1081 4304 perie-

329 4322 469 4384 ctionem
489 4327 520 4382 et
535 4319 714 4382 animarum
728 4319 865 4380 salutem
880 4319 1001 4396 ubique
1018 4335 1081 4382 ma-

330 4416 377 4493 gis
399 4415 631 4494 procurandam
654 4413 808 4476 conterat.
829 4413 994 4475 Eiusmodi
1010 4430 1081 4492 pro-

329 4509 413 4572 lecto
435 4515 511 4571 sunt
527 4509 703 4587 peculiares
719 4509 874 4586 quaedam
891 4509 1001 4570 orandi
1017 4515 1081 4570 stu-

330 4605 382 4666 dio
404 4621 438 4665 ac
460 4604 675 4682 poenitentiae
704 4604 812 4680 rigore
841 4604 1081 4666 commendatae

329 4699 505 4768 societates,
530 4697 673 4774 aliaeque
695 4697 732 4758 ad
755 4698 934 4759 exercenda
957 4698 1082 4760 miseri-

330 4791 456 4854 cordiae
481 4797 513 4852 et
534 4791 724 4854 christianae
753 4790 889 4854 caritatis
919 4807 1015 4870 opera
1036 4810 1082 4854 sa-

331 4884 526 4946 luberrimae
541 4883 770 4956 institutiones,
789 4901 828 4945 ex
844 4885 960 4962 quibus
976 4885 1082 4947 catho-

329 4977 388 5038 lica
410 4977 488 5039 fides
511 4977 672 5055 permulta
694 4977 837 5038 hausisse
863 4977 1082 5040 emolumenta

332 5071 500 5148 gloriatur.
524 5070 610 5132 lnter
633 5070 710 5133 haec
732 5085 811 5133 vero
827 5087 1036 5149 summopere
1052 5079 1083 5133 et

331 5165 498 5244 inprimis
527 5166 659 5228 ornnino
688 5165 825 5227 curanda
854 5172 902 5226 est
931 5165 1082 5242 religiosa

331 5266 426 5336 atque
452 5259 547 5320 etiarn
576 5259 678 5320 civilis
708 5274 885 5337 puerorum
909 5265 941 5320 et
963 5259 1082 5335 puella-

332 5351 413 5414 rum¹
435 5353 590 5424 educatio,
615 5367 677 5430 qua
699 5353 742 5413 nil
765 5352 901 5414 validius
923 5353 958 5414 ad
983 5353 1082 5432 ipsius

331 5447 504 5508 catholicae
526 5447 600 5509 fidei
627 5447 876 5518 incrementum,
901 5449 1082 5525 perennita-

372 5695 399 5752 (1)
417 5697 515 5741 lttrllar⁴
533 5708 619 5752 propr.
635 5696 697 5740 edit.
721 5699 795 5742 Rom.
811 5699 875 5741 torn.
891 5699 940 5752 lv„
960 5709 1018 5754 prag.
1035 5701 1081 5752 285,

331 5767 357 5807 et
373 5764 398 5808 in
415 5764 512 5808 bullar.
530 5763 715 5818 l‘ropagandae
732 5768 793 5808 torn,
808 5768 859 5815 111..
876 5777 933 5822 pag.
945 5768 991 5810 338.
1010 5767 1082 5818 (coll.

343 5859 350 5874 1
385 5864 388 5872 .
430 5865 434 5873 .
460 5833 516 5873 531.

332 5831 561 5949 aeft-''ridden‘'
585 5901 606 5941 S.
624 5899 840 5954 congregationis
861 5900 892 5944 de
912 5902 1082 5957 Propaganda

331 5966 394 6010 Fide
407 5967 440 6011 ad
457 5967 597 6010 monachos
613 5969 635 6009 S.
653 5966 807 6012 llormisdae
829 5967 943 6013 nationis
965 5969 1083 6014 Chaldai-

331 6045 376 6078 cae
391 6031 494 6078 Ordinis
510 6037 533 6076 S.
550 6033 656 6078 Antonii
671 6033 787 6079 Abbatis.

1813 614 1870 678 38l

1135 759 1202 816 tem
1225 761 1258 816 et
1279 755 1376 818 decus
1392 757 1472 834 tingi
1487 769 1631 832 unquam
1647 758 1701 814 331
1716 752 1891 828 excogitari

1136 854 1251 924 potest.
1276 849 1414 911 Proinde
1436 849 1481 911 nil
1499 863 1631 927 prorsus
1648 847 1824 917 omittatur,
1843 853 1888 918 ut,

1137 941 1264 1019 optimis
1280 943 1469 1022 cornparatis
1486 940 1759 1020 praeceptoribus,
1777 957 1811 1002 33
1827 940 1889 1018 pia-

1135 1051 1209 1096 rum
1232 1036 1426 1098 seminarum
1450 1036 1669 1100 sodalitatibus
1689 1034 1834 1104 invectis,
1852 1034 1889 1096 ad

1136 1129 1346 1191 erudiendam
1374 1131 1578 1192 iuventutern
1608 1129 1755 1200 ubilibet,
1785 1129 1888 1206 quoad

1136 1223 1263 1301 poterit,
1292 1224 1420 1287 scholae
1443 1231 1475 1285 et
1498 1223 1663 1302 gymnasia
1692 1222 1889 1300 aperiantur,

1136 1316 1239 1392 Atque
1264 1317 1347 1380 13131
1372 1325 1535 1395 praeterea
1557 1317 1758 1394 vigilandum
1774 1315 1888 1378 sedulo

1135 1411 1208 1481 erit,
1233 1417 1269 1473 31
1291 1411 1493 1482 missionarii,
1518 1411 1629 1472 fideles
1651 1410 1787 1490 populos
1802 1411 1834 1472 in
1850 1410 1888 1471 iis

1136 1504 1231 1565 etiarn
1254 1521 1334 1582 quae
1355 1504 1504 1567 socialem
1528 1505 1626 1565 vitam
1643 1510 1787 1583 spectant
1801 1512 1889 1568 recte

1134 1597 1309 1661 imbuendo
1332 1607 1428 1676 atque
1451 1598 1666 1670 informando,
1691 1599 1728 1660 ad
1751 1613 1888 1676 evange·

1135 1691 1212 1752 licae
1241 1691 1404 1754 doctrinae
1435 1693 1578 1755 tramites
1607 1709 1641 1754 33
1671 1691 1814 1754 indolem
1837 1709 1889 1754 eo-

1136 1801 1210 1847 rnm
1239 1785 1364 1848 labores
1391 1793 1526 1848 3133133
1555 1787 1697 1862 dirigere
1728 1786 1889 1863 haudqua-

1136 1894 1232 1956 quam
1255 1881 1445 1942 detrectent.
1469 1879 1516 1941 Ex
1536 1880 1585 1940 his
1602 1885 1709 1942 autem
1726 1879 1887 1952 omnibus,

1137 1989 1217 2050 quae
1233 1973 1412 2036 Catholicae
1427 1974 1603 2050 Religionis
1620 1974 1839 2054 propagationi
1855 1991 1889 2038 ac

1136 2067 1298 2128 stabilitati
1331 2068 1465 2130 mirifice
1497 2066 1665 2146 protutura
1698 2083 1889 2145 persuasum

1137 2161 1253 2237 cuique
1268 2177 1338 2222 esse
1355 2161 1460 2232 debet,
1476 2177 1512 2221 ea
1527 2160 1646 2222 sensim
1664 2175 1703 2222 33
1719 2159 1796 2222 13313
1812 2160 1888 2238 ipsis

1136 2255 1324 2333 temporalia
1347 2270 1476 2332 quoque
1498 2254 1665 2317 commoda
1681 2254 1888 2316 missionibus

1138 2347 1323 2422 obvenient,
1338 2364 1419 2427 quae
1431 2347 1610 2412 imminutis
1626 2355 1679 2410 aut
1694 2347 1777 2410 13313
1793 2349 1889 2410 etiam

1138 2441 1372 2514 deficientibus,
1390 2443 1430 2504 ob
1453 2447 1639 2522 temporum
1654 2442 1752 2515 vices,
1771 2442 1890 2504 exteris

1137 2535 1298 2606 subsidiis,
1315 2535 1444 2598 illarum
1461 2535 1703 2598 necessitatibus
1720 2536 1889 2598 sublevan-

1138 2627 1183 2689 dis
1206 2629 1372 2692 sufficiant.
1396 2628 1531 2708 Operam
1549 2619 1688 2706 deniqne
1703 2629 1891 2708 impendant

1137 2728 1296 2799 quotquot
1316 2731 1392 2785 sunt
1422 2723 1612 2784 missionum
1644 2724 1816 2801 praesides,
1841 2730 1887 2795 ut,

1138 2815 1223 2892 quod
1239 2817 1276 2878 ad
1292 2816 1463 2878 fovendam
1479 2815 1553 2878 lidei
1568 2833 1602 2878 ac
1618 2817 1802 2894 disciplinae
1820 2818 1890 2880 uni-

1138 2913 1236 2969 tatem
1256 2909 1433 2987 plurimum
1448 2909 1592 2980 interest,
1610 2909 1779 2988 synodales
1796 2925 1890 2989 saepe

1138 3008 1316 3064 conventus
1332 3003 1549 3074 celebrentur,
1564 3003 1650 3064 unde
1667 3003 1806 3064 maxime
1822 3005 1888 3075 fret,

1138 3100 1173 3156 ut
1195 3111 1256 3156 una
1278 3095 1456 3174 eademque
1478 3097 1519 3158 sit
1535 3097 1757 3174 operariorum
1773 3098 1889 3175 agendi

1136 3195 1232 3266 atque
1262 3187 1503 3252 administrandi
1531 3191 1611 3252 ratio
1641 3197 1674 3252 et
1698 3191 1890 3254 studiosissi-

1138 3298 1188 3342 ma
1209 3281 1392 3344 animorum
1415 3283 1616 3358 coniuncti03
1641 3299 1746 3362 neque
1761 3284 1794 3346 in
1809 3283 1890 3348 illud

1137 3376 1232 3438 etiam
1255 3377 1441 3439 adlaborare
1468 3393 1566 3455 grave
1588 3379 1638 3450 sit,
1663 3385 1699 3440 ut
1719 3379 1757 3441 ad
1781 3395 1888 3442 neces-

1136 3469 1256 3531 sarium
1278 3470 1363 3532 inter
1386 3470 1417 3532 S.
1437 3471 1553 3533 Sedern
1575 3489 1609 3534 ac
1632 3472 1802 3535 missiones
1821 3473 1890 3535 vin-

1136 3563 1246 3626 culum
1268 3565 1464 3627 servandum
1486 3566 1702 3644 expeditiores
1718 3565 1889 3628 faciliores-

1137 3672 1199 3734 que
1230 3659 1558 3722 communicationum
1587 3660 1658 3722 viae
1687 3659 1720 3721 13
1749 3659 1816 3722 31133
1839 3676 1889 3738 pa-

1137 3756 1234 3813 teant.

1162 3845 1276 3924 ,Quam
1291 3847 1423 3924 quidem
1437 3846 1549 3909 Sacrae
1561 3846 1829 3925 Congregattonts
1841 3847 1888 3908 in-

1136 3941 1348 4003 structionem
1371 3939 1471 4002 SSrho
1486 3941 1622 4004 Domino
1638 3941 1754 4004 Nostro
1769 3942 1889 4018 Grego-

1136 4035 1184 4096 rio
1208 4035 1314 4096 divina
1329 4036 1530 4114 providentia
1547 4037 1603 4097 PP.
1622 4036 1702 4100 Xlll.
1722 4053 1778 4116 per
1793 4036 1888 4099 13133-

1136 4129 1291 4208 scriptum
1315 4129 1426 4193 Sacrae
1449 4130 1595 4193 eiusdem
1621 4129 1888 4208 Congregationis

1138 4222 1353 4286 Secretarium
1383 4225 1515 4286 relatam
1538 4225 1571 4286 in
1596 4225 1755 4287 audientia
1784 4219 1889 4287 habita

1138 4317 1188 4379 die
1212 4335 1267 4378 xn.
1293 4318 1498 4390 novembris,
1530 4316 1685 4380 Sanctitas
1714 4317 1776 4380 Sua
1801 4319 1889 4380 illam

1138 4411 1278 4488 benigne
1294 4413 1327 4472 13
1344 4411 1494 4474 omnibus
1510 4412 1697 4490 adprobavit
1712 4419 1744 4474 31
1757 4413 1888 4475 omnino

1137 4505 1259 4567 servari
1282 4505 1453 4566 mandavit.

1178 4602 1292 4662 Datum
1315 4601 1432 4664 Romae
1455 4617 1494 4662 er
1515 4601 1645 4664 aedibus
1662 4601 1762 4663 dictae
1779 4600 1890 4664 Sacrae

1137 4693 1405 4772 Congregationis
1428 4695 1478 4757 die
1502 4711 1593 4756 3333.
1613 4693 1799 4757 novembris
1815 4695 1890 4756 anni

1138 4806 1318 4852 33333333.

1425 4951 1652 4960 -----

1487 5071 1539 5135 tv.

1142 5259 1391 5322 constitutiones
1406 5260 1636 5324 ctorcochoraot
1654 5261 1807 5340 Syrorum
1824 5261 1891 5324 Mo-

1178 5355 1364 5417 rouitcraoc
1391 5353 1520 5418 Ordinis
1543 5355 1656 5418 Suacti
1672 5356 1809 5418 Articuli
1830 5355 1891 5420 Ab·

1179 5446 1262 5511 butis
1288 5448 1552 5530 Conprcpatiocis
1569 5447 1686 5512 Montis
1705 5449 1818 5514 Liboni
1832 5451 1888 5532 (2).

1178 5702 1226 5743 Per
1241 5699 1345 5745 litteras
1360 5699 1433 5745 SSriri
1448 5703 1474 5744 b.
1486 5703 1513 5744 N.
1531 5701 1648 5756 Gregorii
1664 5704 1724 5746 xl'l.
1742 5701 1791 5746 sub
1806 5703 1890 5748 lorrtra

1137 5767 1227 5810 1133313
1242 5767 1284 5810 die
1299 5778 1374 5812 3333.
1389 5766 1551 5823 septembris
1563 5767 1643 5812 hrrius
1653 5768 1715 5812 anni
1726 5767 1810 5822 datas,
1821 5781 1890 5824 quae

1138 5832 1265 5888 incipiunt
1282 5838 1477 5878 Mesochorum
1492 5838 1625 5882 erasistrato,
1648 5835 1817 5880 confirmatio
1832 5847 1892 5892 apo-

1137 5898 1228 5944 stolica
1240 5901 1342 5946 tributa
1353 5905 1392 5945 est
1401 5901 1490 5945 ordini
1503 5901 1692 5946 monachorum
1703 5905 1725 5946 S.
1736 5903 1890 5948 llormisdae

1136 5967 1288 6012 chaldaicae
1302 5969 1389 6023 gentis
1405 5969 1453 6014 sub
1469 5969 1562 6024 regula
1578 5971 1600 6012 S.
1613 5969 1728 6023 tritonii,
1740 5969 1887 6027 iisdemque

1135 6035 1348 6092 constitutiones,
1364 6036 1417 6082 iarn
1433 6047 1479 6093 pro
1493 6036 1628 6082 morrachis
1640 6036 1796 6082 antonianis
1808 6037 1889 6082 natio-
