4822 6986
103 3421 310 3533 ..hlift'ltttt

933 553 1108 612 eadnourtrs
1129 553 1180 612 ie.
1205 554 1270 612 xvi.

326 693 368 742 no
401 683 548 762 ternpore
580 684 789 762 congregatio
820 683 1075 762 uniuscuiusque

327 777 525 851 monasterii,
549 784 585 840 ut
607 779 639 841 in
661 786 813 857 promptu
835 778 950 840 habeat
969 778 1073 850 abbas,

326 869 353 931 si
375 871 451 948 quid
472 871 509 933 ad
532 888 601 934 eam
624 872 910 950 congregationem
932 871 1076 934 referen-

327 964 404 1026 dum
426 965 477 1026 sit.
496 964 650 1028 Similiter
672 981 737 1044 quo
755 959 841 1028 anno
861 965 1076 1029 celebrabitur

327 1060 535 1137 congregatio
547 1059 719 1137 generalis,
734 1068 915 1140 opportune
927 1060 1077 1138 praemit-

329 1158 414 1214 tatur
435 1155 644 1232 congregatio
665 1155 860 1233 provinciae.

87 1251 309 1352 rnissfflss‘ss‘fbffim
369 1264 417 1308 ιιι.
441 1247 693 1326 congregationi
720 1249 921 1328 provinciae,
949 1254 1077 1327 praeter

328 1339 457 1404 abbates
486 1343 776 1416 monasteriorum,
799 1342 950 1405 intererit
972 1343 1077 1404 socius

328 1434 448 1496 abbatis
475 1435 729 1514 uniuscuiusque
757 1435 944 1497 monasterii
966 1453 983 1498 a
1004 1451 1078 1497 con-

329 1529 518 1606 gregatione
539 1531 772 1592 monachorum
795 1529 976 1607 eligendus.
1000 1531 1077 1592 Eius

328 1629 435 1684 autem
464 1623 579 1686 electio
608 1624 680 1686 fieri
708 1624 804 1686 debet
831 1624 934 1686 tribus
963 1623 1077 1686 saltem

328 1716 453 1790 diebus,
467 1724 640 1796 antequam
655 1719 692 1781 ad
708 1718 993 1796 congregationem
1006 1733 1077 1797 pro-

328 1810 451 1874 vinciae
473 1814 681 1890 procedatur,
704 1819 741 1874 ut
762 1813 923 1874 sufficiens
949 1819 1078 1893 tempus

329 1904 443 1966 habeat
470 1907 507 1968 ad
530 1907 726 1970 sumendum
752 1906 1016 1970 informationem
1039 1908 1078 1970 de

328 2005 412 2060 statu
434 2001 621 2062 monasterii
643 2001 748 2080 deque
770 2001 911 2078 querelis
926 2009 959 2065 et
976 2001 1078 2064 causis

329 2095 573 2156 monachorum.
606 2095 694 2158 ldern
727 2095 898 2157 dicendum
931 2095 970 2158 de
1001 2097 1079 2158 socii

329 2185 489 2249 hhhatum
515 2188 553 2250 ad
582 2189 868 2266 congregationem
892 2187 1077 2265 generalem

330 2280 484 2342 discessu.
507 2279 619 2343 Omnia
640 2288 759 2354 autem,
777 2297 859 2359 quae
880 2281 984 2344 socius
1005 2297 1078 2343 con·

330 2376 511 2453 gregationi
540 2375 683 2454 generali
705 2377 758 2438 vel
786 2377 991 2456 provinciali,
1023 2393 1079 2438 no·

328 2470 417 2532 mine
445 2471 679 2532 monachornm
708 2469 935 2550 praesentabit,
960 2469 1079 2532 debent

329 2581 400 2626 esse
421 2565 480 2628 sub
495 2565 603 2642 sigillo
625 2565 812 2628 monasterii
824 2565 929 2627 clausa
942 2571 974 2626 et
987 2565 1025 2627 ab
1041 2563 1078 2626 iis

326 2658 516 2738 subscripta.

368 2770 411 2814 rr.
436 2753 620 2832 inutraque
636 2755 888 2832 congregatione
901 2754 986 2816 idem
1000 2754 1079 2816 ordo

328 2854 490 2921 servetur,
514 2849 554 2910 de
576 2863 640 2926 quo
662 2861 758 2928 supra
779 2849 1079 2926 incongregatione

328 2942 591 3019 hegumenorum
615 2943 736 3005 dictum
753 2949 801 3004 est
815 2959 906 3004 num.
924 2959 972 3004 ιιι.
991 2951 1022 3006 et
1034 2960 1077 3006 vr.

330 3035 528 3098 Secretarius
549 3043 669 3108 autem,
687 3037 834 3100 aedituus
858 3044 890 3098 et
910 3038 1026 3100 ianitor
1041 3038 1079 3100 ab

328 3129 439 3193 abbate
462 3131 642 3208 eligantur3
666 3131 729 3193 duo
751 3147 831 3194 vero
850 3131 1079 3208 suffragiorum

328 3224 513 3302 cognitores
527 3241 543 3285 a
559 3224 722 3286 monachis
737 3224 774 3286 ad
793 3224 1079 3302 congregationem

329 3319 521 3381 convocatis.

369 3429 399 3474 v.
424 3412 596 3490 Agendum
609 3403 707 3492 porro
720 3413 795 3480 erit:
814 3413 918 3492 primo
932 3414 1080 3477 derebus

329 3505 549 3587 spiritualibus
572 3507 609 3568 ad
638 3506 818 3585 profectum
846 3508 1079 3570 monachorum

329 3599 565 3680 spectantibus,
596 3601 894 3678 inquirendumque
916 3601 949 3663 in
971 3617 1080 3664 mures

328 3695 603 3772 uniuscuiusque,
634 3694 660 3755 si
682 3695 758 3772 quid
780 3701 890 3757 contra
913 3695 1077 3773 regulam,

329 3789 574 3852 constitutiones
590 3795 623 3850 et
637 3790 888 3851 consuetudines
910 3797 1078 3868 peccetur3

329 3885 471 3948 secundo
494 3884 533 3946 de
554 3883 716 3961 regimine
738 3883 945 3964 superiorum
963 3886 1081 3948 etsub-

329 3979 489 4042 iectorum
513 3977 712 4054 obedientia3
742 3979 838 4041 tertio
861 3979 900 4042 de
920 3985 1081 4060 tempora-

330 4075 414 4136 libus
436 4073 709 4135 monasteriorum
728 4073 837 4136 rebus.

369 4185 412 4230 vi.
436 4166 559 4230 hbbate
581 4167 618 4231 ad
640 4169 927 4246 congregationem
948 4185 1081 4248 genera-

330 4263 396 4328 lem
419 4269 529 4331 eunte,
547 4268 601 4324 aut
621 4261 776 4325 vicarium
799 4263 960 4336 mittente,
978 4265 1082 4329 adhuc

331 4358 515 4422 celebretur
544 4357 752 4435 congregatio
781 4359 1015 4422 monachorum
1041 4361 1080 4423 de

331 4469 444 4515 mense
459 4452 492 4514 in
507 4468 666 4524 mensem,
684 4451 736 4514 cui
750 4453 818 4531 ipse
833 4453 927 4515 abbas
943 4453 995 4516 vel
1011 4455 1080 4517 eius

330 4547 467 4610 vicarius
498 4546 650 4626 praeerit.
684 4545 754 4608 Non
788 4553 896 4609 tamen
924 4548 1081 4611 celebrari

331 4641 451 4720 poterit
471 4641 679 4718 congregatio
696 4641 890 4720 provinciae,
905 4643 966 4705 nisi
978 4645 1017 4708 de
1029 4661 1082 4707 an·

331 4751 374 4797 no
396 4735 429 4797 in
451 4749 582 4808 annum,
607 4741 639 4798 et
666 4735 736 4814 ipso
758 4735 870 4798 abbate
899 4747 1079 4816 praesente.

372 4843 428 4892 ru.
453 4828 486 4891 Si
507 4828 600 4892 abbas
622 4830 811 4892 monasterii
833 4827 1019 4905 decesserit,
1035 4835 1081 4894 vi·

331 4925 434 4986 carius
449 4930 590 4986 mortem
603 4922 671 4985 eius
688 4929 752 4985 tarn
767 4924 871 4986 abbati
885 4925 1079 5004 provinciae,

332 5033 428 5097 quarn
449 5017 552 5080 abbati
576 5017 719 5094 generali
742 5017 850 5080 statim
870 5019 1080 5097 significabit3

332 5119 365 5176 et
385 5113 517 5174 interim
532 5111 765 5174 monasterium
783 5111 1017 5179 administrabit
1030 5130 1083 5177 us-

333 5219 396 5284 que
417 5207 454 5268 ad
477 5205 552 5268 novi
568 5205 687 5267 abbatis
711 5205 902 5269 electionem
920 5214 952 5270 et
966 5209 1084 5271 adven-

331 5309 414 5364 tum.
437 5299 526 5374 Quod
548 5301 574 5362 si
596 5299 733 5361 vicarius
754 5299 787 5361 in
809 5300 865 5362 illo
888 5302 1083 5364 monasterio

271 5400 274 5408 ’
332 5413 398 5459 ιιοιι
420 5393 529 5468 fuerit,
547 5401 623 5457 tunc
639 5393 800 5471 antiquior
822 5395 1022 5473 professione
1037 5397 1084 5458 vi·

332 5490 435 5552 carius
458 5489 529 5562 erit,
544 5495 586 5560 et,
603 5489 689 5550 inter
710 5488 860 5564 aequales
872 5489 1081 5568 professione,

333 5583 495 5662 antiquior
516 5588 618 5646 aetate
646 5581 858 5662 praeferatur,
883 5589 915 5645 et
935 5585 1083 5648 sacerdos

333 5695 399 5741 uon
419 5679 587 5740 sacerdoti.
611 5676 737 5739 Mortuo
753 5681 861 5738 autem
877 5674 989 5740 abbate
1011 5695 1083 5758 pro·

333 5773 475 5846 vinciae,
503 5771 596 5834 abbas
617 5771 703 5834 illius
732 5772 938 5845 monasterii,
963 5772 997 5834 in
1020 5787 1083 5850 quo

375 5989 405 6046 (l)
422 5986 488 6034 uult.
506 5985 583 6033 hlain.
599 5986 665 6043 tegit
680 5989 782 6030 noc-tlte.

1802 540 1861 612 423

1130 683 1275 746 residere
1298 684 1390 758 solet,
1408 685 1446 747 ad
1462 685 1607 747 abbatem
1630 683 1815 762 generalem
1831 683 1882 744 lit-

1132 781 1216 839 teras
1238 777 1366 840 scrihat.
1389 777 1493 842 Nemo
1509 785 1616 840 tamen
1638 777 1670 840 in
1693 777 1762 840 eius
1778 775 1881 838 officio

1131 888 1165 934 se
1188 871 1399 946 immiscebit,
1424 872 1526 936 donec
1547 871 1642 934 abbas
1666 871 1826 949 generalis
1848 872 1881 934 in

1132 966 1384 1046 congregatione
1406 968 1667 1044 hegumeuorum
1691 967 1729 1030 de
1758 983 1881 1029 succes·

1132 1077 1205 1124 sore
1227 1067 1282 1123 aut
1302 1061 1421 1124 vicario
1443 1063 1635 1125 decreverit.

1132 1249 1212 1312 One.
1230 1248 1268 1312 V.
1282 1281 1319 1295 -
1333 1248 1378 1311 De
1392 1251 1636 1332 congregatione
1649 1247 1880 1314 hebdomadon.

1174 1455 1195 1498 1.
1212 1436 1247 1499 ln
1263 1437 1405 1516 qualibet
1416 1437 1614 1500 hebdomadi
1627 1454 1684 1518 per
1697 1437 1803 1500 omnia
1815 1453 1882 1498 mo-

1134 1533 1271 1596 nasteriu
1293 1532 1371 1594 ferit
1392 1533 1490 1604 sextat,
1515 1538 1569 1596 aut
1590 1533 1647 1595 alii
1671 1533 1722 1594 die
1744 1549 1809 1594 non
1823 1531 1882 1592 im·

1134 1626 1256 1704 pediti,
1287 1625 1383 1689 dehet
1404 1625 1475 1688 sieri
1501 1626 1709 1706 congregatio
1736 1625 1881 1688 omnium

1134 1721 1378 1784 monachorum.

1174 1831 1209 1876 ιι.
1234 1813 1429 1876 Sedeutihus
1452 1813 1611 1886 omnibus,
1634 1821 1669 1876 et
1690 1814 1831 1887 novitiis,
1856 1815 1882 1876 si

1134 1909 1318 1986 quierunt,
1343 1908 1512 1980 stantibus,
1544 1909 1638 1970 abhas
1658 1925 1714 1970 seu
1744 1907 1882 1971 vicarius

1134 2003 1253 2080 aliquid
1276 2019 1316 2065 ex
1338 2003 1429 2065 lihris
1457 2003 1676 2082 spiritualibus
1705 2003 1805 2080 legat,
1828 2002 1880 2064 vel

1134 2097 1200 2174 legi
1221 2096 1312 2160 faciat
1333 2097 1371 2160 ad
1392 2097 1576 2159 monachos.

1174 2207 1223 2252 ιιι.
1247 2189 1368 2254 Deinde
1389 2189 1533 2271 (novitiis
1555 2191 1601 2272 (l)
1623 2192 1707 2254 foras
1730 2190 1884 2270 dimissis)

1134 2285 1219 2347 idem
1236 2285 1330 2346 abhas
1345 2301 1402 2346 seu
1417 2284 1555 2348 vicarius
1572 2285 1663 2348 faciat
1677 2287 1809 2350 brevem
1829 2302 1883 2348 ex-

1134 2379 1352 2442 hortationem
1374 2386 1484 2442 contra
1506 2379 1648 2441 defectus
1670 2379 1703 2442 in
1725 2385 1883 2442 monaste-

1134 2474 1182 2535 rio
1205 2481 1421 2547 occurrentes,
1445 2473 1566 2536 nullam
1588 2480 1696 2536 tamen
1713 2489 1881 2553 personam

1134 2567 1341 2630 nominando.

1175 2679 1218 2724 ιι.
1242 2660 1395 2724 Absoluta
1417 2661 1653 2734 exhortatione,
1669 2662 1763 2725 abbas
1784 2670 1881 2732 stans,

1134 2755 1268 2832 reliquis
1291 2755 1481 2832 genuflexis,
1504 2755 1599 2818 dicat:

1175 2849 1259 2910 Daras
1281 2848 1473 2910 miscreatur
1494 2849 1609 2918 nostri,
1627 2853 1656 2910 et
1677 2848 1821 2913 dimittet
1834 2849 1884 2912 de-

1135 2940 1204 3006 hita
1224 2947 1349 3011 nostro,
1365 2945 1395 3001 et
1410 2938 1534 3003 trihrtot
1549 2939 1639 3005 nobis
1655 2940 1884 3005 ahsolutionem

1135 3041 1165 3098 et
1179 3035 1302 3097 oecion
1317 3033 1460 3096 orontem
1469 3041 1674 3114 peccatorum
1685 3040 1883 3098 nostrorum.

1135 3130 1173 3193 hc
1188 3127 1315 3192 concine
1329 3127 1352 3206 ἦ
1368 3127 1478 3190 Patris
1493 3133 1522 3189 et
1535 3127 1559 3206 †
1573 3127 1651 3191 bitti
1666 3135 1695 3192 ct
1707 3127 1847 3210 Spiritus
1862 3131 1886 3210 †

1136 3223 1259 3288 Sancti.

1120 3316 1130 3353 ‘
1174 3318 1312 3391 Fratres,
1326 3316 1445 3392 Aurem
1461 3324 1494 3380 et
1508 3325 1658 3395 surgunt,
1673 3318 1806 3398 eiusque
1820 3335 1885 3382 ma-

1136 3431 1215 3476 num
1237 3413 1476 3486 deosculantur,
1501 3413 1590 3475 etad
1613 3429 1685 3475 snas
1712 3414 1886 3491 unusquis-

1136 3525 1200 3588 que
1221 3508 1317 3571 rellas
1339 3508 1469 3594 abeunt.

1155 3697 1235 3763 One.
1259 3695 1310 3760 Vl.
1335 3727 1373 3743 -
1396 3695 1439 3758 De
1461 3695 1665 3759 electionem
1687 3697 1859 3759 commoni.

1176 3905 1198 3950 ι.
1223 3887 1270 3950 hb
1286 3885 1444 3950 electione
1459 3892 1523 3948 tam
1539 3885 1639 3949 activd
1654 3901 1749 3964 quam
1765 3887 1886 3966 passiva
1906 3887 2118 3990 ,offlt'ffffl'ffi'g
2201 3881 2205 3888 '

1136 3983 1169 4046 in
1191 3983 1337 4061 quolibet
1358 3981 1461 4043 ohlcio
1489 3979 1616 4044 Ordinis
1645 3981 1759 4053 nostri,
1784 3981 1886 4044 donec
1906 3995 1996 4044 onera.

1136 4093 1208 4140 cum
1226 4093 1264 4139 eo
1279 4075 1379 4137 fuerit
1393 4075 1621 4153 dispensatum,
1638 4075 1820 4154 specialiter
1838 4091 1886 4138 ar·

1136 4177 1229 4234 cetur
1244 4169 1348 4233 omnis
1365 4168 1673 4243 excommunicatus,
1695 4183 1884 4248 suspensus,

1135 4264 1339 4338 interdictus
1363 4261 1564 4340 irregularis,
1582 4278 1647 4324 non
1661 4261 1837 4341 professus,
1855 4268 1888 4324 et

1137 4360 1193 4438 qui
1224 4375 1289 4421 non
1321 4357 1432 4420 subest
1462 4361 1591 4418 nostrae
1623 4357 1884 4436 congregationi,

1137 4453 1263 4516 etiarnsi
1278 4451 1377 4514 fuerit
1391 4450 1567 4513 monachus
1582 4450 1745 4530 professus
1759 4449 1886 4515 Ordinis

1137 4550 1237 4611 sancti
1258 4545 1356 4626 patris
1377 4545 1477 4608 nostri
1499 4545 1647 4622 hntonii3
1671 4545 1761 4619 item,
1779 4547 1833 4624 qui
1848 4547 1886 4608 ah

1136 4641 1256 4706 Ordine
1278 4646 1389 4702 nostro
1406 4639 1643 4718 apostataverit,
1661 4639 1763 4718 etqui
1778 4639 1815 4701 ab
1830 4637 1886 4702 illo

1137 4737 1175 4799 ad
1197 4735 1295 4798 alium
1314 4732 1478 4806 Ordinem,
1495 4733 1590 4796 etiam
1607 4750 1679 4796 curn
1695 4733 1822 4797 licentia
1836 4751 1887 4798 su-

1137 4827 1486 4912 periurum,transivit‚
1497 4845 1555 4891 nec
1567 4834 1677 4908 postea
1688 4829 1726 4890 ad
1738 4833 1887 4891 nostrum

1138 4925 1251 5001 rediit3
1264 4923 1354 4995 item,
1371 4921 1427 4998 qui
1442 4920 1539 4984 hahet
1552 4921 1822 5000 impedimentum
1835 4938 1887 4984 na·

1139 5019 1253 5091 turale,
1270 5023 1307 5081 ut
1320 5016 1437 5088 fatuus,
1452 5015 1586 5088 delirus,
1601 5015 1777 5092 lunaticus,
1794 5017 1885 5090 item,

1139 5115 1194 5192 qui
1217 5117 1265 5175 est
1286 5110 1412 5173 notorie
1435 5109 1561 5172 infamis
1585 5109 1626 5172 oh
1647 5110 1812 5188 publicum
1834 5112 1887 5174 de·

1138 5209 1261 5279 lictum,
1279 5211 1315 5267 ut
1331 5211 1379 5267 est
1393 5203 1613 5277 homicidium,
1628 5203 1807 5278 fornicatio,
1821 5205 1887 5267 fur·

1140 5308 1219 5374 tum,
1241 5299 1433 5380 periurium,
1458 5297 1610 5374 ebrietas,
1633 5298 1713 5360 item
1734 5300 1887 5363 suborna-

1140 5401 1202 5468 tor,
1218 5395 1273 5472 qui
1295 5409 1401 5473 prece,
1419 5393 1535 5471 pretio,
1552 5392 1649 5454 minis
1665 5392 1718 5455 vel
1734 5408 1887 5470 quocum·

1139 5504 1204 5568 que
1225 5488 1398 5551 ullomodo
1421 5485 1587 5550 induxerit
1608 5502 1674 5561 eos,
1699 5487 1754 5564 qui
1775 5486 1808 5548 iu
1823 5486 1887 5548 ele·
1958 5533 1980 5560 ‚

1139 5583 1246 5647 ctione
1261 5597 1374 5645 vocem
1389 5581 1523 5644 activam
1539 5579 1668 5652 habent,
1682 5587 1720 5642 ut
1733 5597 1768 5642 se
1782 5581 1886 5659 ipsum

1139 5677 1191 5740 vel
1206 5676 1400 5740 monachum
1413 5675 1553 5753 aliquem
1566 5675 1816 5737 determinatum
1832 5674 1888 5737 eli-

1140 5778 1226 5850 gant,
1251 5771 1438 5850 siugulatim
1460 5787 1536 5834 eum
1559 5770 1773 5848 nominando;
1796 5769 1885 5842 item,
