4788 6980
918 581 1093 636 cneconttts
1114 587 1165 636 ΡΡ.
1189 579 1254 636 XVI.

634 711 737 776 CXIII.

313 900 528 963 Potricrchoe
549 899 745 962 Antiocheno
762 898 915 978 Sprorcoe
930 899 1060 978 protom

355 993 508 1074 ccprirnit
529 992 684 1063 oninium,
709 991 789 1071 cuod
810 991 959 1055 retulerit
979 989 1060 1050 sehi-

352 1086 562 1149 scoticorum
573 1083 768 1148 Nobehensis
784 1083 930 1146 dioececis
946 1081 987 1144 ad
1002 1080 1060 1143 Ec-

354 1178 482 1241 clesium
496 1178 647 1248 reditum,
661 1183 773 1258 portos
788 1178 919 1256 lhacper
931 1191 989 1254 per
1003 1173 1060 1234 De-

353 1271 451 1350 1661111
472 1269 643 1351 Apostolici
663 1267 786 1332 labores
806 1265 1060 1348 [1661666116-

353 1369 474 1424 cretam
499 1362 684 1426 calendarii
708 1361 900 1443 Gregorioci
921 1359 1061 1440 adoptio-

353 1471 436 1518 nem.
461 1453 549 1517 Scire
577 1461 685 1518 tumen
706 1459 796 1536 optut
822 1460 933 1517 errem
956 1469 1061 1514 octces

357 1548 503 1629 Episcopi
524 1549 559 1610 in
574 1548 631 1610 hoc
647 1549 827 1629 adoptando
844 1545 1059 1616 convenerint,

354 1648 385 1702 ct
399 1641 526 1722 adoptio
542 1641 716 1720 tranquille
727 1645 861 1722 percote
875 1641 987 1721 fcerit.
1001 1639 1062 1700 Lu-

354 1740 406 1815 661
426 1735 559 1814 denique
586 1736 797 1798 immaturum
819 1732 1062 1814 [6166611166-

353 1828 459 1890 stolici
486 1834 516 1890 et
544 1828 612 1890 6166
644 1828 763 1892 Vlcorii
794 1827 952 1908 generalis
979 1841 1062 1887 ronr-

352 1919 491 2002 temtl).

421 2103 591 2174 Venerabili
614 2107 702 2174 tratri
725 2106 838 2191 Ignatio
863 2105 955 2173 Petro

396 2198 594 2268 Patriarchae
618 2200 807 2267 Antiocheno
831 2197 982 2283 Syrorum,

494 2385 714 2454 entecnius
736 2387 796 2454 ΡΡ.
818 2385 888 2452 xri.

529 2573 719 2642 venerabilis
741 2574 849 2648 trater,

351 2667 480 2735 6616166
502 2669 752 2752 6166661611666
776 2666 1026 2734 benedictionem.

354 2858 491 2932 Liberae,
515 2873 593 2936 ques
621 2858 807 2921 16166116
836 2873 930 2919 xxtu.
954 2855 1061 2934 aprilis

315 2951 432 3014 61666
454 2951 581 3024 dedisti,
605 2957 712 3030 gratae
734 2951 825 3013 nobis
840 2951 1062 3027 iucundaeque

315 3060 380 3107 non
400 3061 467 3107 uno
489 3061 529 3107 ex
551 3045 652 3124 capite
680 3045 875 3108 acciderunt.
900 3043 1062 3122 significa-

315 3139 356 3200 sti
377 3139 464 3200 euim
487 3139 526 3201 16
549 3137 637 3218 Syris
653 3137 799 3216 pluribus
815 3137 881 3216 qui,
898 3137 1062 3199 adnitente

315 3232 348 3294 in
370 3232 482 3310 primis
503 3245 601 3294 venn.
619 3231 717 3293 166166
734 3230 890 3292 1161116666
906 3231 1062 3309 Episcopo

315 3324 508 3397 Nabehensi,
532 3325 569 3386 ad
596 3323 783 3386 catholicam
812 3323 848 3386 61
869 3324 902 3386 in
924 3323 1062 3386 11666661

316 3418 474 3480 unitatem
496 3418 621 3480 reversi
636 3423 729 3494 sunt;
746 3417 831 3479 6116
846 3417 940 3479 uberi
955 3418 1061 3480 iructu

315 3517 405 3589 parto
425 3511 498 3572 istic
518 3510 624 3572 studio
646 3515 679 3572 et
698 3509 862 3572 laboribus
883 3525 981 3572 venn.
1002 3509 1062 3572 ira-

316 3604 373 3664 1616
400 3603 526 3666 1666616
554 3603 711 3683 BaptIstae
732 3602 971 3682 Archiepiscopi
998 3603 1062 3665 lco-

316 3695 436 3759 nieusis
458 3695 632 3776 Apostolici
653 3695 771 3758 11166611
792 3702 825 3758 61
844 3695 989 3774 Delegati
1007 3712 1062 3758 no-

316 3789 392 3866 stri;
416 3790 456 3852 de
476 3790 600 3852 6666611
626 3789 766 3867 denique
788 3789 917 3852 decreto
938 3789 1024 3852 edito
1046 3805 1061 3850 a

315 3889 348 3945 te
368 3899 432 3945 una
453 3899 527 3945 cum
548 3881 652 3945 tribus
673 3882 742 3944 aliis
767 3881 930 3961 Episcopis
952 3883 1062 3944 661166-

317 3976 426 4054 ganeis
446 3975 510 4038 tuis
531 3981 568 4038 ut
588 3975 823 4053 Gregoriauum
838 3975 1062 4038 calendarium

316 4071 349 4132 in
369 4085 466 4132 usum
487 4069 570 4148 apud
590 4085 648 4131 ros
663 4069 857 4131 traducatur.
876 4069 963 4131 Scire
978 4076 1062 4148 opta·

317 4178 401 4236 666,
424 4179 464 4224 66
485 4162 603 4239 reliqui
629 4163 725 4224 etiam
753 4162 890 4224 nationis
916 4162 1063 4242 Episcopi

316 4255 350 4317 in
365 4255 396 4319 id
411 4257 517 4334 ipsum
532 4255 756 4318 consenserint
771 4261 803 4317 et
817 4255 927 4334 perlici
942 4271 994 4317 res
1009 4271 1063 4334 po-

317 4349 417 4410 tuerit
437 4349 507 4410 sine
527 4348 594 4410 6111
621 4349 863 4426 perturbatione
885 4349 1063 4426 tranquilli-

317 4442 389 4504 tatis
411 4447 443 4504 et
463 4441 561 4520 pacis:
586 4455 681 4519 quam
697 4441 828 4518 quidem
843 4441 966 4504 servari
981 4443 1063 4520 apud

316 4549 375 4598 ros
403 4542 435 4596 et
465 4534 633 4611 religionis
665 4534 801 4596 interest
832 4534 1009 4612 plurimum
1033 4541 1065 4596 et

318 4628 409 4690 nobis
431 4627 571 4691 maxime
592 4627 680 4690 cordi
702 4633 761 4689 est.
785 4627 910 4690 Interea
937 4628 1064 4706 plenam

319 4720 474 4783 habentes
496 4719 642 4783 fiduciam
665 4719 698 4781 in
720 4719 888 4797 prudentie
910 4720 975 4792 tut,
999 4737 1064 4783 me-

318 4813 388 4876 ritis
403 4819 435 4876 te
449 4813 678 4893 prosequimur
689 4811 847 4892 16611166,
862 4813 948 4890 quod
959 4814 1064 4876 catho-

319 4908 411 4970 licam
434 4906 592 4986 Syrorum
615 4911 746 4984 gentem
768 4907 928 4968 custodire
947 4907 980 4967 in
994 4909 1064 4968 uni-

320 5007 382 5064 tate
414 4999 446 5063 S.
477 5001 573 5062 huius
607 4999 714 5073 Sedis,
749 5000 843 5077 eique
875 5001 1064 5063 arctioribus

319 5095 413 5156 etiam
434 5095 572 5157 vinculis
593 5093 794 5170 adstringere
815 5093 935 5156 studes.

358 5185 503 5248 lamvero
530 5201 604 5248 cum
633 5185 756 5248 mentio
781 5185 860 5248 iacta
881 5187 923 5247 611
943 5187 1065 5264 praedi·

318 5279 360 5341 cti
380 5277 497 5341 11166611
519 5285 552 5341 61
580 5279 718 5356 delegati
746 5281 859 5354 nostri,
890 5280 1062 5354 abstinere,

319 5387 393 5434 ren.
424 5373 542 5446 irater,
573 5388 637 5435 non
659 5389 831 5452 possumus
857 5373 935 5452 quin
957 5381 1064 5437 tecum

319 5466 594 5528 communicemus
608 5466 648 5530 de
659 5467 773 5528 intimo
786 5467 890 5530 cordis
902 5483 1063 5542 moerore,

320 5573 416 5636 quem
442 5574 518 5621 sane
548 5559 774 5636 gravissimum
803 5561 946 5639 cepimus
969 5577 1008 5622 ex
1029 5561 1065 5624 il-

320 5650 380 5713 lius
411 5651 583 5714 immaturi
614 5657 720 5714 morte
754 5655 942 5732 nuperrime
974 5654 1065 5717 nobis

319 5744 486 5821 nauciatt3
521 5760 616 5822 quam
648 5745 779 5822 quidem
812 5753 844 5808 et
875 5746 1067 5809 fraternitati

826 5883 965 5894 μα-ιι--ι-

359 5961 388 6018 11)
405 5963 440 6006 Ex
455 5963 518 6017 Reg.
535 5963 591 6008 vat.
607 5973 646 6017 ep.
661 5961 695 6008 ad
709 5961 840 6019 principes
854 5965 881 6008 et
895 5961 969 6008 alios.

1116 713 1189 769 tuae
1205 709 1313 770 zelum
1328 709 1428 787 probe
1444 709 1589 772 noscenti
1604 707 1864 770 molestissimam

1116 800 1265 864 666111666
1297 818 1361 864 non
1394 803 1586 864 dubitamus.
1618 800 1681 864 Sed
1713 801 1864 878 quoniam

1115 893 1197 956 sicut
1217 894 1353 956 Domino
1368 895 1485 973 placuit
1499 896 1541 958 116
1556 895 1673 958 166166
1690 900 1748 968 661,
1766 899 1866 955 666161

1116 1001 1202 1048 6666
1223 994 1259 1048 61
1279 988 1417 1050 661666
1448 990 1517 1051 6166
1546 1003 1672 1050 666666
1695 993 1727 1049 61
1749 985 1865 1050 vicarii

1117 1081 1166 1141 sui
1188 1082 1348 1156 generalis
1380 1083 1491 1145 61166
1524 1082 1701 1144 calamitate
1722 1080 1865 1144 deiuncti

1118 1174 1236 1236 nostris
1257 1175 1442 1237 studeamus
1463 1175 1574 1240 iuvare
1601 1173 1760 1251 suffragiis
1782 1173 1865 1252 apud

1117 1266 1230 1340 Deum,
1254 1285 1270 1328 a
1292 1283 1356 1344 que
1378 1269 1474 1330 etiam
1489 1284 1562 1330 cum
1580 1267 1702 1345 gemitu
1719 1266 1865 1344 6116661-

1118 1359 1178 1420 mis
1211 1361 1305 1422 66166
1337 1361 1553 1439 postulemus,
1586 1366 1624 1422 ut
1655 1359 1732 1422 61166
1760 1360 1867 1421 611161

1117 1453 1250 1516 idoneos
1283 1455 1445 1533 operarios
1474 1455 1507 1516 in
1535 1469 1676 1516 messem
1707 1469 1808 1515 6666.
1831 1452 1865 1516 11

1119 1546 1249 1623 quidem
1272 1554 1304 1609 et
1325 1564 1382 1609 nos
1403 1547 1508 1610 iacere
1523 1547 1710 1620 annitimur,
1728 1546 1865 1608 616166-

1118 1641 1268 1702 ternitate
1290 1640 1343 1702 tut
1365 1641 1484 1718 pariter
1505 1641 1577 1703 fieri
1601 1655 1791 1719 persuasum
1813 1639 1866 1700 ha-

1118 1731 1243 1794 bemus.
1267 1731 1356 1807 Quod
1378 1740 1537 1813 superest,
1561 1734 1619 1795 tibi
1641 1731 1867 1796 6116611166-

1120 1824 1221 1888 tribus
1251 1824 1413 1905 Episcopis
1442 1827 1651 1904 suffraganeis
1679 1827 1742 1890 tuis
1771 1832 1866 1904 atque

1120 1919 1268 1981 omuibus
1302 1918 1390 1998 Syris
1424 1920 1571 1982 fidelibus
1599 1919 1784 1998 vigilantiae
1812 1935 1867 1981 ve-

1119 2017 1203 2074 61666
1225 2013 1353 2074 66611116
1376 2014 1578 2092 praecipuam
1599 2020 1742 2076 nostram
1757 2013 1866 2076 carita-

1118 2111 1186 2167 tem
1209 2112 1275 2168 1616
1298 2106 1394 2169 66616
1415 2113 1571 2169 16616666
1598 2107 1718 2168 116666
1741 2112 1773 2169 61
1793 2121 1867 2168 cou-

1119 2198 1296 2262 firmamus.
1320 2199 1360 2261 Et
1380 2199 1585 2279 apostolicam
1606 2200 1866 2262 benedictionem

1120 2307 1193 2354 cum
1215 2308 1311 2355 verae
1334 2295 1438 2374 omnis
1460 2293 1680 2373 prosperitatis
1702 2299 1779 2356 voto
1793 2309 1867 2355 con-

1120 2385 1260 2448 iunctam
1283 2387 1434 2466 tibiipsi,
1457 2387 1660 2460 166166166,
1684 2393 1780 2464 atque
1801 2386 1866 2449 illis

1119 2485 1322 2555 peramanter
1343 2479 1560 2558 impertimur.

1160 2569 1273 2633 Datum
1295 2571 1414 2634 Itomae
1435 2574 1517 2651 apud
1541 2572 1572 2635 S.
1589 2573 1721 2635 Petrum
1742 2572 1867 2635 suban-

1119 2663 1196 2724 6616
1209 2664 1386 2739 1166616616,
1401 2665 1452 2728 116
1464 2683 1530 2728 xiv.
1544 2666 1605 2748 ian,
1618 2682 1864 2738 6666666616,

1119 2757 1321 2834 pontificatus
1343 2760 1446 2821 nostri
1467 2775 1550 2821 auno
1568 2776 1625 2822 vn.

1420 2947 1608 2955 ...ω-

1437 3134 1543 3199 CXIV.

1119 3319 1362 3383 hiemanti-ctio
1374 3325 1404 3382 et
1415 3321 1528 3382 erectio
1543 3285 1803 3382 hooce²ccclcsioe
1814 3335 1865 3382 oc-

1159 3413 1313 3476 thcdrclis
1334 3414 1369 3474 ih
1397 3413 1527 3477 cioitcte
1558 3413 1865 3493 (166666611666116

1159 3507 1307 3572 Amerino
1328 3505 1533 3572 Meridionoli
1553 3507 1610 3589 (h).

1257 3689 1477 3758 entecnius
1506 3689 1724 3758 felecteus

1304 3868 1590 3920 66616666616666
1614 3852 1678 3931 Dei,

1237 3971 1273 4038 ed
1297 3977 1471 4056 perpetuant
1494 3974 1537 4038 rei
1560 3974 1745 4040 nemorian.

1159 4161 1194 4223 ln
1223 4177 1375 4241 supremo
1403 4162 1488 4224 beati
1520 4162 1607 4225 Petri
1636 4162 1866 4242 Apostolorum

1119 4255 1273 4334 Principis
1295 4255 1377 4318 solio
1392 4261 1555 4332 tamquam
1570 4256 1604 4318 in
1619 4256 1747 4335 specula
1769 4257 1865 4319 collo·

1120 4350 1190 4421 cati,
1202 4349 1399 4411 dominicum
1411 4365 1537 4426 agrum,
1552 4349 1725 4411 humilitati
1737 4357 1865 4412 nostrae

1122 4442 1335 4504 excolendum
1356 4441 1623 4519 irrigandumque
1642 4443 1794 4505 1661161111
1808 4443 1865 4505 Ilei

1121 4535 1262 4598 bonitate
1287 4534 1451 4607 traditum,
1475 4535 1598 4598 assidue
1622 4553 1657 4599 ac
1678 4535 1863 4614 diligenter,

1121 4635 1276 4706 quantum
1292 4645 1332 4690 ex
1347 4628 1411 4690 alto
1432 4629 1630 4702 conceditur,
1652 4629 1866 4709 circumspici-

1121 4739 1204 4796 mus,
1218 4729 1313 4800 atque
1323 4721 1401 4784 illuc
1415 4721 1579 4800 apostolici
1594 4725 1696 4785 nostri
1709 4724 1802 4786 officii
1813 4741 1866 4786 cu-

1121 4833 1171 4878 ras
1180 4815 1534 4888 conterimuslibenter,
1544 4815 1865 4880 ubitumanimarum

1121 4910 1205 4972 salus
1214 4910 1248 4972 in
1257 4909 1482 4972 remotissimis
1491 4909 1798 4989 licetabeipostolica
1812 4911 1866 4974 Se·

1122 5002 1161 5065 de
1176 5002 1272 5064 terris
1295 5002 1495 5079 degentium,
1512 5007 1582 5064 tum
1604 5002 1777 5067 catholicae
1791 5005 1866 5067 reli-

1123 5097 1226 5174 gionis
1238 5097 1477 5158 incrementum
1495 5103 1591 5172 atque
1602 5097 1681 5160 adeo
1693 5098 1795 5160 maior
1810 5099 1866 5160 Dei

1122 5189 1223 5267 gloria
1251 5189 1282 5251 id
1312 5190 1482 5268 praecipue
1510 5189 1674 5267 postulare
1701 5183 1864 5254 videntur.

1122 5284 1169 5345 Ex
1191 5297 1255 5360 quo
1277 5299 1354 5346 eane
1369 5283 1456 5356 Eius,
1474 5283 1524 5345 cui
1546 5283 1615 5345 deta
1631 5291 1680 5346 est
1694 5285 1797 5347 omnis
1812 5299 1866 5363 po·

1121 5381 1218 5438 testas
1240 5377 1274 5437 in
1295 5376 1385 5438 coelo
1403 5382 1435 5438 et
1450 5375 1483 5438 in
1498 5381 1595 5450 terra,
1618 5393 1716 5457 super
1736 5378 1866 5440 univer-

1121 5485 1189 5531 sam
1211 5469 1389 5542 ecclesiam,
1407 5471 1553 5547 quamvis
1574 5471 1796 5543 immerentes,
1814 5486 1867 5548 ge-

1121 5563 1223 5624 rimus
1245 5563 1342 5636 11666,
1360 5580 1399 5625 eo
1414 5561 1556 5640 proiecto
1579 5569 1725 5642 tempore
1746 5563 1783 5626 ad
1802 5579 1867 5624 am-

1122 5653 1280 5734 plissimas
1289 5669 1418 5732 quoque
1429 5654 1595 5717 Amerieae
1603 5655 1753 5732 regiones
1763 5654 1867 5716 studia

1121 5753 1228 5811 nostra
1240 5746 1470 5822 convertimus,
1485 5753 1526 5822 et,
1541 5747 1700 5826 praeclara
1711 5747 1866 5810 Romano-

1090 5961 1095 6018 Ι
1160 5961 1495 6020 (e)1txnbrev.decurio.

1788 559 1844 636 173
1894 571 1947 624 An.
1962 573 1992 625 O.
2015 563 2084 626 leet
