4822 6986
524 617 582 680 452

503 751 632 814 duxti.
656 751 769 814 Carolo
792 751 911 814 Pooten
933 749 1186 816 administratori
1209 765 1256 810 ar-

562 844 768 906 clridioecosls
797 844 1019 906 antibarensis
1049 842 1180 904 titulum
1207 859 1256 903 ec·

563 937 676 1000 clasiae
704 937 878 1000 Maronicn.
903 939 962 1001 sub
984 937 1082 999 Arcb.
1108 935 1255 997 Traiano-

563 1032 692 1110 politan.
717 1032 852 1094 confert.
877 1032 946 1096 329.

503 1126 643 1190 dcxbll.
673 1125 796 1188 Vicario
819 1128 928 1206 Aposl.
962 1127 1102 1190 Guineae
1125 1124 1256 1188 titulum

563 1221 658 1299 episc.
682 1221 835 1282 ccclesiae
856 1215 1050 1300 Eucarpien.
1068 1219 1193 1281 confert
1207 1235 1256 1280 ro-

562 1315 636 1376 licto
659 1315 752 1376 titulo
774 1314 1019 1378 Constantinen.
1045 1311 1113 1376 330.

503 1408 658 1472 CGliblll.
690 1407 841 1482 Queritur
874 1425 946 1472 curn
979 1408 1137 1486 Episcopo
1170 1406 1256 1468 Neo-

554 1501 787 1564 nurelianensi
810 1503 849 1564 de
871 1502 1036 1564 conatibus
1052 1502 1256 1564 aedituorum

564 1603 673 1658 contra
696 1602 886 1674 potestatem
916 1595 1149 1675 episcopalem;
1177 1609 1257 1672 quos

566 1691 735 1768 improbat,
759 1691 897 1768 illosque
917 1692 1057 1752 monitos
1072 1689 1143 1752 vult
1158 1695 1193 1751 nt
1209 1705 1257 1751 re·

565 1784 724 1862 sipiscant,
752 1801 794 1846 ne
815 1785 927 1863 poenis
950 1784 1170 1846 ecclesiasticis
1192 1783 1258 1862 ple-

564 1883 700 1939 ctantur.
724 1876 794 1942 331.

505 1971 662 2035 cdxciv.
687 1972 847 2050 Regiones
869 1974 904 2036 ad
927 1971 1039 2036 Sinum
1055 1972 1257 2037 lludsonium

565 2071 596 2127 ot
614 2065 979 2146 lacobinianun1(vulgo
997 2065 1076 2143 Boio
1093 2063 1258 2126 d¹Hudson

565 2165 595 2219 ct
616 2159 652 2220 clo
674 2158 792 2238 Jumcs)
814 2159 852 2220 ab
881 2160 1155 2238 archiepiscopatu
1177 2157 1258 2232 Que-

521 2325 524 2336 .
567 2254 694 2315 becensi
717 2261 852 2331 separat,
871 2259 902 2315 et
917 2254 950 2314 in
966 2251 1160 2316 vicariatum
1177 2252 1258 2331 Apo-

565 2347 715 2408 stolicum
737 2348 912 2420 constituit,
937 2347 1027 2410 cuius
1051 2348 1131 2408 fines
1154 2347 1259 2410 deter-

568 2441 676 2503 minat.
700 2441 769 2504 332.

506 2535 650 2598 dcxcv.
674 2537 718 2598 De
741 2535 905 2598 Societatis
932 2535 1068 2599 Eiblicae
1091 2535 1258 2598 conatibus

565 2636 675 2691 eontra
698 2629 842 2692 Verbum
866 2629 1106 2708 scripturarum
1129 2629 1257 2705 scribit;

570 2723 811 2800 calumniasque
836 2723 875 2784 de
897 2721 1056 2800 prohibita
1084 2721 1260 2800 Scriptura-

558 2820 641 2876 'rum
659 2816 797 2878 lectione
813 2817 948 2891 reiutat;
969 2823 1079 2878 contra
1094 2815 1260 2878 molimina

571 2911 732 2972 sociorum
755 2909 902 2971 Foederis
932 2908 1111 2971 Christiani
1139 2909 1260 2970 antisti-

570 3009 616 3063 tes
640 3009 670 3064 et
693 3002 827 3081 populos
851 3003 963 3064 edocet
985 3007 1044 3063 etc.
1069 3001 1138 3064 333.

510 3093 667 3158 dcxlvi.
691 3093 822 3156 Librum
839 3093 951 3171 gallice
968 3095 1185 3172 conscriptum
1200 3092 1261 3156 Po-

569 3189 650 3250 roles
675 3187 753 3248 d'un
778 3185 943 3266 Crocalen
968 3202 1032 3264 quo
1061 3187 1171 3266 populi
1193 3203 1262 3250 cor-

570 3285 767 3359 rumpuntur
789 3281 826 3342 ad
850 3281 997 3342 ordinem
1027 3281 1177 3342 socialem
1201 3282 1262 3342 dis-

570 3375 784 3446 solvendum,
823 3373 1008 3436 damnatum
1044 3390 1115 3436 esse
1153 3375 1262 3436 decer-

570 3467 626 3528 nit.
651 3467 719 3528 338.

511 3561 682 3626 dcxbvu.
719 3559 900 3624 Numerum
940 3562 1066 3624 dierum
1104 3563 1262 3626 festorum

570 3661 697 3718 coercet
718 3673 776 3734 pro
792 3655 869 3718 locis
887 3655 1029 3718 dominio
1046 3657 1198 3719 subiectis
1214 3673 1262 3719 se-

570 3751 758 3812 renissimae
780 3749 961 3812 Lusitaniae
983 3756 1015 3812 et
1035 3750 1261 3828 Algarbiorum

569 3844 721 3922 Reginae.
745 3843 813 3906 stu.

512 3939 697 4002 GCXLlllll.
727 3939 779 4000 Fr.
809 3933 940 4002 Fidelis
957 3937 1067 4001 Sutter
1092 3957 1108 4000 a
1130 3939 1262 4001 Ferrara

571 4034 733 4096 Vicarium
754 4033 973 4114 apostolicum
990 4032 1173 4095 Tunatanae
1188 4033 1263 4095 mis-

570 4129 669 4192 sionis
689 4129 821 4207 eligitur
839 4128 1013 4207 Episcopus
1030 4127 1189 4190 Ecclesiae
1204 4127 1263 4189 llo-

571 4224 728 4285 saliensis.
753 4223 822 4286 341.

512 4317 670 4382 cdxcix.
694 4317 765 4380 lura
794 4315 1027 4395 metropolitica
1053 4315 1120 4378 sedi
1141 4315 1263 4390 Quebe-

573 4412 661 4474 censi
685 4411 806 4484 tribuit,
828 4418 892 4472 tres
915 4411 1007 4472 sedes
1023 4410 1218 4488 episcopales
1234 4412 1261 4474 ei

571 4507 788 4582 suffraganeas
820 4505 977 4582 assignat,
1013 4504 1263 4583 Marianopolita-

572 4615 657 4670 nam,
683 4599 963 4675 llingstoniensem
987 4605 1019 4660 et
1041 4599 1260 4671 Torontlnam,

572 4699 605 4753 et
619 4691 782 4770 Episcopis
799 4691 1043 4770 Carolinopolis,
1062 4691 1170 4754 Novae
1186 4693 1263 4754 Bru-

573 4787 696 4864 nopolis
714 4793 745 4848 et
760 4785 881 4848 Halilau
897 4785 1059 4864 praecipit,
1074 4792 1109 4847 ut
1120 4785 1263 4849 Concilio

576 4881 761 4959 provinciali
790 4877 999 4953 Quebecensi‚
1025 4895 1097 4940 cum
1124 4880 1263 4942 celebra-

575 4981 636 5046 tur,
661 4973 820 5036 intersint.
845 4973 914 5035 342.
974 4968 976 4972 ’
1165 5037 1167 5044 ,

512 5067 598 5130 CCL.
621 5067 808 5129 Melanesiae
824 5072 856 5129 ct
871 5067 1079 5130 Micronesiae
1094 5069 1263 5132 vicariatus

572 5160 760 5240 apostolicos
782 5161 888 5238 erigit,
912 5177 1062 5239 separans
1085 5179 1136 5224 eas
1159 5163 1263 5240 regio-

573 5273 630 5318 nes
652 5273 668 5316 a
689 5255 840 5316 vicariatu
864 5254 1016 5318 Oceaniae
1047 5255 1261 5328 occidentalis,

572 5350 684 5412 delinit
705 5351 876 5428 utriusque
897 5349 1017 5412 limites
1040 5349 1115 5412 novi
1134 5350 1263 5412 vicaria·

573 5451 635 5516 tus,
660 5443 769 5506 ambos
791 5444 923 5506 interim
945 5460 1003 5522 per
1020 5460 1123 5507 unum
1140 5449 1263 5506 tantum

573 5538 639 5600 llic.
664 5536 883 5616 Apostolicum
905 5539 1066 5616 regendos
1089 5539 1207 5611 statuit,
1233 5546 1264 5605 et

574 5649 682 5695 curam
705 5632 876 5709 utriusque
898 5633 994 5694 tradit
1016 5631 1165 5694 Societati
1180 5633 1262 5710 Lug-

573 5726 709 5788 dunensi
732 5725 764 5786 E.
790 5725 829 5788 ll.
854 5724 1007 5804 Virginis.
1031 5727 1109 5790 lbid.

513 5819 612 5882 dubl.
651 5819 697 5882 Ab
735 5820 882 5882 orientali
920 5817 1072 5883 Oceaniae
1108 5819 1263 5883 missione

574 5913 851 5977 Sandvicbianum
871 5913 1121 5992 Archipelagum
1137 5913 1260 5986 dividit,

574 6015 607 6070 et
628 6024 667 6070 ex
690 6025 727 6070 eo
749 6007 935 6070 vicariatum
958 6007 1167 6086 apostolicum
1190 6023 1262 6070 coa-

1114 633 1213 677 lutbux
1235 631 1447 677 uuuulcanuu

1374 747 1487 820 stituit,
1502 749 1721 812 concreditum
1735 748 1883 823 Societati
1896 744 2065 810 Ssrborum

1373 841 1530 904 Gordium
1553 841 1624 904 lesu
1647 848 1679 904 et
1701 843 1825 904 llarlae.
1850 842 1919 904 343.

1314 935 1427 999 CCLll.
1452 935 1678 1014 Episcopatum
1693 936 1941 998 Halilaaiensem
1957 936 1989 998 in
2005 938 2065 1000 No-

1371 1031 1410 1091 va
1434 1027 1538 1092 Scotid
1558 1029 1590 1092 in
1607 1031 1686 1092 duos
1702 1031 1826 1104 dividit,
1844 1036 1876 1092 et
1890 1031 2066 1109 unicuique

1371 1141 1446 1185 suos
1469 1124 1549 1186 lines
1572 1125 1721 1203 assignat.
1746 1125 1815 1187 sat.

1312 1217 1438 1280 GGLlll.
1453 1217 1598 1280 Provisio
1611 1218 1828 1297 patriarchalis
1840 1219 1992 1282 ecclesiae
2004 1217 2066 1281 An-

1373 1313 1513 1376 tiochen.
1550 1311 1886 1390 Syro-Maronitarum
1919 1328 1978 1391 pro
2010 1311 2067 1374 br-

1374 1405 1575 1484 obiepiscopo
1605 1406 1643 1468 ab
1665 1405 1828 1484 Episcopis
1851 1413 1884 1467 et
1905 1406 1992 1468 clero
2016 1423 2067 1468 aa·

1375 1498 1471 1561 tionis
1495 1497 1827 1584 Syro-Maronitarum
1847 1499 1950 1562 electo
1966 1507 1999 1562 et
2013 1489 2067 1580 po-¹

1372 1593 1500 1668 stolato,
1518 1611 1591 1656 cum
1607 1594 1835 1673 approbatione
1852 1594 2018 1658 electionis
2034 1603 2067 1658 et
2161 1586 2168 1594 ’

1374 1687 1616 1766 postulationis,
1640 1688 1804 1750 sanatione
1826 1689 2011 1752 defectuum
2034 1709 2068 1753 ac

1373 1783 1504 1844 decreto
1517 1781 1685 1844 amittendi
1698 1782 1772 1844 fidei
1784 1782 2019 1861 professionem
2032 1803 2067 1848 ac

1373 1878 1591 1938 iuramentum
1603 1875 1765 1938 fidelitatis
1778 1878 1969 1954 praestandi.
1983 1877 2062 1941 lbid.

1313 1968 1442 2032 dcclv.
1460 1969 1596 2032 Pallinm
1609 1986 1667 2048 pro
1680 1969 1860 2032 Patriarcha
1873 1971 2064 2035 Antiochen.

1374 2063 1710 2142 Syro-Maronitarum
1732 2064 1867 2143 losepbo
1886 2065 2011 2128 Gazeno
2028 2084 2068 2129 en

1375 2157 1510 2220 ecclesia
1533 2155 1794 2236 archiepiscopali
1810 2159 1842 2218 in
1857 2158 1957 2238 ipsam
1973 2163 2068 2238 patri-

1375 2251 1537 2312 archalem
1561 2250 1714 2312 translato
1736 2251 1891 2313 concedit.
1916 2250 1985 2314 350.

1319 2343 1433 2408 CCLV.
1458 2343 1708 2423 brclvipelagnm
1725 2344 1762 2406 ab
1779 2343 1897 2406 Amicis
1914 2345 2070 2424 disiungit

1374 2457 1390 2500 a
1408 2439 1561 2502 vicariatu
1577 2438 1751 2518 apostolico
1768 2437 1920 2502 Oceaniae
1935 2439 2066 2502 (leutra-

1375 2531 1423 2605 lis,
1449 2539 1481 2594 et
1502 2532 1583 2604 unit,
1608 2533 1710 2594 donec
1730 2533 1822 2594 aliter
1837 2539 2006 2605 statuatur,
2024 2535 2069 2595 vi-

1364 2625 1506 2711 ,cariatui
1530 2624 1682 2688 Oceaniae
1705 2624 1925 2689 Occidentalis,
1950 2629 2019 2690 351.

1314 2719 1443 2783 uubvl.
1469 2720 1503 2782 ln
1519 2719 1691 2782 lndostano
1706 2736 1828 2782 novum
1845 2721 2011 2784 constituit
2025 2723 2070 2784 vi-

1373 2814 1526 2875 cariatum
1550 2821 1662 2892 apost..
1684 2815 1776 2876 Patni
1801 2817 2065 2894 nuncupandum,

1377 2908 1468 2972 cuins
1489 2909 1568 2970 lines
1586 2907 1746 2980 describit,
1765 2915 1797 2970 et
1812 2909 1902 2971 cuius
1918 2911 2069 2987 regiones

1378 3020 1394 3064 a
1417 3002 1569 3064 vicariatu
1592 3000 1696 3080 Agrae
1718 3002 1870 3080 seiungit.
1894 3003 1972 3066 lbid.

1316 3094 1458 3157 GGLllll.
1483 3093 1597 3156 Abbati
1620 3095 1764 3171 generali
1780 3093 1906 3157 Ordinis
1923 3095 1954 3157 S.
1972 3095 2068 3158 linto-

1378 3189 1422 3250 nii
1444 3190 1477 3251 in
1500 3187 1619 3250 Libano
1642 3187 1774 3251 Armeni
1797 3189 1887 3263 ritus,
1908 3195 1939 3252 et
1955 3207 2068 3268 err-ge·

1379 3283 1554 3354 neralibus,
1570 3281 1715 3344 concedit
1727 3283 1958 3360 pontificalium
1974 3301 2068 3346 usum

1377 3377 1410 3438 in
1433 3376 1529 3437 sacris
1552 3375 1666 3437 ritibus
1686 3377 1896 3448 celebrandis,
1914 3379 2069 3440 annulum

1378 3475 1483 3532 autem
1509 3475 1598 3532 extra
1620 3487 1724 3532 sacros
1743 3471 1825 3532 ritus
1841 3477 1873 3531 et
1888 3471 2000 3534 Abbati
2018 3489 2070 3549 ge-

1379 3563 1481 3626 nerali
1504 3562 1598 3624 etiam
1622 3579 1750 3626 crucem
1774 3565 1986 3642 pectoralem;
2010 3566 2070 3628 ab·

1380 3657 1505 3720 batibus
1526 3671 1606 3718 vero
1629 3663 1698 3718 actu
1721 3660 1914 3721 monasteria
1930 3661 2071 3738 regenti-

1379 3750 1436 3813 bus
1453 3751 1620 3819 annulum,
1636 3757 1667 3812 et
1682 3751 1714 3812 in
1732 3753 1827 3815 sacris
1843 3755 1958 3817 ritibus
1975 3757 2070 3816 etiam

1379 3843 1539 3908 baculum.
1564 3844 1634 3906 352.
1699 3856 1701 3864 ’

1317 3939 1473 4003 CCLVlll.
1496 3939 1643 4002 Graviter
1665 3941 1813 4018 queritur
1842 3957 1915 4004 cum
1939 3943 2070 4006 brebie-

1378 4033 1506 4112 piscopo
1527 4032 1611 4094 Goae
1640 4034 1744 4110 quod,
1776 4041 1885 4097 contra
1912 4037 2070 4114 promissa

1379 4127 1583 4189 internuntio
1596 4129 1759 4206 pontificio
1773 4129 1849 4193 lacta
1866 4137 1898 4193 et
1909 4147 2073 4194 commen-

1379 4220 1544 4282 dationem
1567 4238 1601 4284 ac
1618 4221 1738 4284 monita
1754 4221 1843 4286 Sedis
1859 4223 2070 4302 Apostolicae,

1379 4314 1484 4391 specie
1500 4315 1634 4377 adducta
1646 4315 1810 4378 Bullarum
1824 4319 1972 4396 propriae
1984 4319 2073 4382 insti-

1380 4408 1512 4470 tutionis
1535 4410 1689 4470 cousucta
1719 4410 1856 4472 lormula
1882 4413 2070 4490 conscripta-

1378 4519 1463 4574 rum,
1490 4502 1635 4564 eiusdem
1659 4502 1749 4566 Sedis
1771 4505 1879 4566 literas
1899 4513 1930 4567 et
1946 4506 2067 4568 decreta

1381 4595 1576 4673 despexerit,
1598 4595 1919 4674 iurisdictionemque
1942 4615 2069 4676 usurpa-

1381 4691 1468 4752 verit
1488 4690 1521 4751 in
1544 4691 1695 4767 regiones
1717 4690 1849 4753 Vicariis
1873 4690 1982 4770 apost.
2001 4710 2074 4755 con-

1378 4785 1532 4855 creditas,
1564 4790 1658 4861 atque
1685 4783 1883 4846 occasionem
1907 4785 2070 4848 schismati

1378 4879 1579 4960 praebuerit3
1605 4894 1747 4955 eumque
1772 4879 1920 4941 bortatur
1941 4885 1988 4953 ut,
2008 4897 2075 4942 rne-

1380 4991 1451 5037 mor
1478 4973 1714 5052 promissorum
1738 4979 1771 5034 et
1793 4974 1966 5036 iuramenti
1988 4976 2074 5051 quod
2175 5023 2180 5030 .

1377 5068 1652 5130 consecrationem
1668 5067 1830 5146 recipiens
1844 5068 1962 5140 emisit,
1978 5069 2075 5132 simul

1378 5162 1472 5224 etiarn
1496 5161 1695 5223 obedientiae
1718 5160 1899 5224 Gathedrae
1920 5161 2006 5224 Petri
2022 5163 2075 5224 de·

1378 5255 1471 5328 bitae,
1495 5255 1671 5334 resipiscat.
1695 5255 1765 5316 353.

1319 5349 1446 5412 ccclx.
1471 5349 1598 5412 Novum
1614 5349 1711 5427 erigit
1726 5351 1944 5429 episcopatum
1960 5351 1994 5413 in
2010 5349 2072 5412 lu-

1379 5442 1486 5504 snalla
1516 5443 1703 5506 occidentali
1732 5457 1806 5506 cum
1834 5445 1910 5507 sede
1932 5446 1964 5506 in
1987 5445 2068 5507 urbe

1380 5535 1488 5608 Pertb,
1510 5537 1578 5599 eius
1601 5537 1805 5599 territorium
1828 5537 2014 5600 abstrahens
2036 5539 2074 5601 ab

1382 5631 1610 5694 archidioecesi
1642 5630 1863 5711 Sydneyensi,
1898 5633 1989 5696 euius
2018 5633 2076 5695 Ar-

1378 5725 1569 5804 obiepiscopi
1585 5725 1807 5804 suffraganeus
1825 5727 1866 5788 sit
1881 5741 1985 5788 novus
2001 5725 2073 5805 Epi-

1378 5835 1492 5897 scopus
1510 5819 1705 5882 Pertbensis.
1723 5818 1803 5883 Huic
1818 5825 1925 5882 autom
1941 5820 2070 5899 Episco-

1378 5929 1418 5991 po
1427 5913 1559 5975 subiicit
1573 5915 1705 5992 insuper
1718 5914 1880 5976 districtus
1893 5914 2066 5993 Essington

1378 6013 1410 6069 et
1441 5997 1547 6070 sonae
1581 6014 1744 6086 tamquam
1779 6009 1859 6071 duos
1891 6007 2066 6072 vicariatus
