4788 6980
19 539 242 621 imensas

888 581 1063 628 educemus
1085 581 1134 625 ΡΡ.
1160 583 1224 628 xvi.

322 707 415 764 tatur
444 705 482 764 ct
516 700 678 764 Christum
709 717 818 764 coriam
850 696 1029 762 hominibus

320 797 535 876 confiteantur
555 794 611 874 (l).

403 979 908 1048 mmmfflmmmmffim

278 1073 484 1140 Vicadatauro
500 1074 554 1156 dp.
574 1071 719 1138 lonchini
743 1078 774 1138 et
796 1070 1027 1139 Cochiaohinae.

455 1257 671 1326 sesebutus
695 1259 756 1324 PP.
782 1257 853 1323 xvi.

558 1448 667 1514 bilecti
689 1447 757 1524 lilii,

317 1539 994 1624 smmmmmmmmmwmm

322 1732 407 1805 Quae
429 1732 554 1802 nuncia,
579 1731 775 1792 dilectissimi
797 1731 830 1791 in
851 1729 979 1790 Christo
997 1728 1029 1788 fi-

282 1827 327 1898 lii,
353 1843 370 1887 e
392 1825 580 1902 regionibus
603 1825 671 1885 istis
694 1840 797 1902 nuper
826 1823 916 1884 allata
942 1827 1027 1893 sunt,

282 1937 318 1982 ea
341 1919 433 1981 nobis
456 1935 520 1980 uon
544 1919 651 1980 levem
673 1918 772 1978 animi
794 1918 940 1978 dolorem
957 1933 1029 1978 con-

282 2014 538 2090 solationemque
564 2011 661 2074 simul
690 2011 877 2074 attulerunt.
903 2011 1029 2088 Accepi-

283 2106 476 2176 musenim,
501 2105 648 2166 fervente
671 2104 783 2174 adhuc,
807 2105 908 2165 immo
929 2105 1030 2180 magis

283 2200 451 2276 magisque
481 2200 644 2260 saeviente
678 2198 889 2260 Ethnicorum
921 2206 1030 2260 eontra

281 2293 516 2356 Christilideles
531 2292 712 2364 venatione,
730 2293 763 2352 in
779 2291 931 2353 Orientali
948 2292 1030 2353 Tun-

282 2387 368 2449 chini
399 2386 489 2464 plaga
518 2385 682 2463 praesules
715 2385 850 2446 eximios
871 2385 1030 2462 ignatium

283 2479 425 2556 Delgado
440 2477 602 2540 Vicarium
623 2484 769 2540 nostrum
790 2478 942 2538 ecclesiae
957 2477 1030 2538 blel-

283 2572 503 2650 lipotameusis
535 2570 729 2643 lintistitem,
764 2587 797 2632 ac
829 2571 1029 2632 Dominicum

283 2665 426 2728 lienares
447 2665 546 2742 ipsius
565 2664 781 2726 coadiutorem
797 2664 1029 2726 Fesseitensem

286 2759 478 2837 Episcopum
499 2775 562 2819 una
578 2774 650 2819 curn
666 2757 734 2818 aliis
750 2757 943 2833 evangelicis
959 2773 1031 2835 ope-

285 2853 376 2914 rariis
405 2852 510 2930 gladio
537 2857 722 2929 peremptos
752 2867 833 2912 esse.
861 2851 1031 2912 Renuntia-

285 2957 353 3010 tum
384 2948 475 3010 nobis
506 2953 669 3024 praeterea
699 2953 757 3017 est,
782 2946 814 3006 in
841 2943 1031 3008 Occidentali

285 3041 443 3103 vicariatu
472 3040 641 3118 probatum
670 3053 771 3115 aeque
794 3037 953 3100 Vicarium
977 3055 1032 3100 no-

284 3141 389 3195 stram
410 3133 581 3210 losephum
604 3131 732 3192 blaciam
762 3130 885 3192 llarard
907 3131 1032 3208 Episco-

285 3242 361 3304 pum
374 3226 609 3288 Castoriensem
626 3224 788 3286 laboribus
803 3225 1031 3301 aerumnisque

285 3321 466 3382 conlectum
502 3319 706 3390 occubuisse,
745 3319 920 3397 pluresque
954 3317 1031 3378 alios

285 3413 405 3476 Christi
434 3413 598 3474 ministros
627 3412 854 3472 insectatorem
879 3427 955 3472 ense
979 3411 1031 3472 ob

286 3512 459 3577 truncatos,
490 3505 567 3566 alios
597 3505 737 3582 deniqne
762 3505 795 3565 in
817 3503 1032 3565 Cochinchina

285 3616 393 3661 caesos
414 3600 523 3660 inisse.

326 3693 471 3754 Gaudere
487 3692 617 3768 quidem
635 3691 812 3768 oportebat,
829 3692 914 3768 qnod
930 3707 1031 3753 novos

286 3803 319 3847 ac
340 3784 611 3863 praeclarissimos
633 3784 672 3845 de
695 3785 905 3846 Ethnicorum
922 3785 1032 3863 impie-

287 3885 348 3940 tate
370 3877 510 3940 Ecclesia
538 3879 593 3938 Dei
617 3877 797 3954 triumphos
824 3885 1029 3956 reportasset,

287 3971 439 4048 quodque
460 3978 508 4032 tot
527 3970 717 4032 sanctissimi
740 3987 773 4031 ac
789 3970 954 4032 tortissimi
971 3973 1031 4032 viri

289 4081 346 4144 pro
373 4065 479 4127 divina
507 4063 626 4126 Christi
655 4065 813 4141 religione
842 4066 878 4125 ad
909 4065 1031 4126 obitum

287 4173 389 4235 usque
411 4158 646 4232 decertassent3
670 4173 798 4219 summo
821 4164 926 4219 tamen
946 4175 1031 4220 moe-

288 4267 362 4313 rore
382 4251 486 4312 adecti
508 4266 619 4312 samus
642 4251 890 4328 perpendentes,
915 4266 980 4328 quo
1001 4260 1033 4314 et

288 4351 406 4421 quanto
429 4344 461 4406 in
481 4345 666 4406 discrimine
680 4359 738 4405 vos
754 4359 877 4416 omnes,
895 4345 1032 4406 dilectis-

287 4438 360 4498 simi
387 4437 456 4506 filii,
486 4437 709 4498 versaremini.
741 4436 819 4498 ilinc
848 4452 912 4498 non
937 4440 1031 4500 modo

288 4547 346 4608 pro
366 4529 541 4590 universali
569 4529 775 4590 ecclesiarum
804 4529 1033 4608 omniumque

289 4624 478 4701 premimur,
496 4622 723 4694 sollieitudine,
740 4637 855 4684 verum
878 4629 910 4683 et
925 4639 984 4700 pro
998 4641 1034 4686 ea

289 4733 350 4793 qua
370 4732 428 4777 vos
457 4715 686 4795 prosequimur
714 4715 865 4794 peculiari
895 4715 1034 4777 benevo-

289 4811 395 4880 lentia,
420 4811 563 4871 animam
586 4816 733 4870 nostrum
749 4823 906 4885 curasque
923 4825 1034 4870 omnes

288 4903 374 4965 illico
385 4903 422 4966 ad
437 4918 496 4964 ros
511 4905 742 4974 convertimus,
756 4910 802 4974 ut,
818 4903 935 4979 quibus
951 4921 1034 4964 nunc

289 4997 415 5070 desunt,
429 4997 506 5058 alios
518 4997 551 5058 in
566 4996 615 5056 via
631 4996 686 5057 Dei
703 4997 923 5058 moderatores
939 4997 1034 5058 duces

289 5107 323 5152 ac
343 5096 485 5151 rectores
506 5090 736 5167 praeficiamus.

329 5183 462 5244 interim
485 5189 667 5244 metuentes
689 5199 730 5244 ne
752 5185 911 5262 percussis
933 5191 1034 5262 pasto-

290 5275 378 5337 ribus
400 5276 627 5353 dispergantur
650 5291 726 5337 oves
750 5277 869 5354 gregis,
891 5291 974 5338 neve
989 5277 1035 5338 in-

289 5369 479 5431 sectantium
502 5369 585 5430 torte
607 5371 703 5430 minis
724 5371 776 5432 vel
799 5377 1036 5432 tormentorum

290 5468 439 5539 apparatu
469 5467 564 5538 atque
592 5462 763 5524 acerbitate
793 5463 937 5523 deterriti
961 5463 1037 5524 delr-

290 5554 388 5626 ciatis,
412 5555 553 5616 assiduas
574 5556 739 5632 provehis
755 5555 820 5616 Deo
837 5556 957 5632 optimo
973 5571 1036 5616 ma-

290 5647 379 5708 ximo
400 5663 512 5726 preces
534 5648 686 5710 adhibere
709 5665 773 5710 non
789 5647 984 5722 desistimus,
1002 5657 1038 5710 ut

290 5739 484 5804 coelestibus
506 5742 645 5804 roborati
674 5741 837 5820 praesidiis
863 5741 1037 5820 impiorum

1086 700 1249 761 conatibus
1273 703 1428 766 obsistere
1450 707 1590 768 valeatis.
1612 707 1730 770 Eadem
1745 709 1831 770 insu-

1087 807 1143 869 per
1166 809 1256 856 causa
1282 812 1340 857 nos
1369 797 1507 875 impulit,
1531 807 1566 860 ut
1588 801 1680 862 hasce
1709 802 1831 863 litteras

1087 886 1123 946 ad
1147 901 1204 947 vos
1227 888 1417 952 deferendas
1440 909 1637 964 curaremus,
1662 895 1778 971 quihus
1801 903 1832 956 et

1086 986 1217 1056 paterna
1239 998 1296 1044 vos
1318 985 1542 1062 amplectimur
1557 988 1719 1058 charitate,
1737 995 1832 1064 atque

1086 1073 1118 1133 in
1140 1073 1277 1136 Domino
1298 1077 1466 1138 hortamur
1492 1079 1772 1158 obsecramusque,
1797 1089 1833 1142 ut

1086 1165 1318 1230 inaestimabile
1340 1171 1425 1246 quod
1448 1173 1610 1250 accepistis
1627 1175 1746 1236 donum
1762 1175 1830 1246 Dei,

1086 1260 1182 1322 hdem
1206 1279 1323 1341 nempe
1345 1266 1542 1338 catholicam,
1564 1267 1714 1330 inviolate
1730 1277 1832 1332 eusto-

1086 1355 1189 1416 diatis.
1203 1356 1250 1418 Ne
1261 1373 1403 1434 unquam
1421 1359 1599 1422 formidetis
1616 1379 1681 1434 eos,
1696 1371 1731 1424 ut
1742 1363 1832 1424 Chri-

1087 1455 1153 1509 stus
1176 1449 1244 1526 ipse
1266 1466 1323 1512 vos
1346 1453 1506 1524 admonet,
1531 1455 1584 1530 qai
1603 1455 1750 1516 occidant
1766 1473 1832 1516 cor-

1084 1555 1156 1617 pas,
1174 1542 1317 1602 cariorem
1333 1549 1438 1604 actem
1455 1561 1519 1604 non
1533 1551 1666 1622 possent
1681 1547 1831 1616 occidere,

1086 1632 1138 1692 sed
1161 1650 1231 1694 earn
1254 1635 1369 1704 timete,
1393 1637 1446 1713 qai
1466 1643 1567 1716 potest
1589 1645 1618 1698 ct
1640 1640 1783 1702 antimum
1804 1647 1834 1700 et

1087 1741 1202 1804 corpas
1222 1727 1352 1806 perdere
1375 1729 1408 1788 in
1429 1730 1625 1808 pedenna-nm
1648 1749 1754 1808 neque
1777 1750 1833 1795 vos

1089 1825 1207 1881 terreat
1228 1829 1490 1884 momentaneum
1515 1831 1546 1884 et
1569 1825 1641 1886 leve
1658 1825 1833 1888 tribulatio-

1089 1914 1147 1984 nis,
1173 1914 1308 1975 scientes
1330 1917 1415 1992 quod
1435 1923 1601 1979 aeternum
1620 1919 1740 1996 gloriae
1756 1937 1832 1998 pon-

1088 2007 1146 2068 dos
1169 2015 1319 2085 operatur
1340 2009 1372 2070 in
1395 2010 1496 2070 vobis.
1521 2011 1693 2090 Prospicite
1716 2029 1833 2091 quaeso

1087 2099 1119 2160 in
1142 2102 1376 2162 sanctissimum
1393 2104 1604 2182 divinumque
1619 2113 1782 2170 auctorem
1800 2110 1834 2170 fi-

1087 2193 1137 2253 dei
1159 2192 1322 2256 Christum
1352 2195 1469 2268 lesum,
1494 2198 1546 2274 qui
1570 2213 1628 2261 vos
1651 2217 1668 2262 e
1692 2201 1834 2262 tenebris

1087 2285 1119 2345 in
1141 2286 1327 2350 admirabile
1357 2290 1523 2366 religionis
1551 2309 1627 2354 suae
1650 2293 1759 2356 lumen
1783 2296 1832 2354 ad-

1086 2381 1222 2450 vocavit,
1241 2382 1360 2458 quique
1384 2399 1440 2460 pro
1456 2385 1546 2444 vobis
1565 2388 1774 2464 comparanda
1789 2406 1833 2448 sa-

1087 2472 1155 2534 lute
1184 2474 1280 2536 vitam
1311 2475 1395 2537 inter
1424 2479 1644 2540 acerbissimos
1677 2481 1833 2542 cruciatus

1088 2566 1210 2628 ellodit.
1241 2567 1413 2646 Prospicite
1435 2571 1468 2632 in
1495 2571 1611 2648 inclyta
1641 2575 1834 2650 praeposito-

1087 2677 1160 2722 rum
1177 2670 1360 2724 vestrorum
1376 2665 1534 2742 exempla,
1548 2667 1601 2742 qui
1618 2674 1653 2729 ut
1668 2667 1832 2729 Pastorum

1090 2771 1224 2816 munere
1238 2757 1336 2832 probe
1350 2755 1576 2833 iungerentur,
1591 2761 1728 2822 animam
1744 2779 1833 2823 snam

1088 2864 1145 2925 pro
1169 2850 1259 2910 vobis
1287 2865 1407 2926 ponere
1430 2867 1494 2912 non
1524 2853 1721 2916 dubitarunt.
1745 2855 1833 2928 Quod

1088 2942 1114 3002 si
1137 2942 1191 3018 qui
1214 2942 1298 3003 lorte
1320 2943 1499 3005 extiterunt
1519 2945 1604 3006 inter
1623 2963 1679 3008 vos
1694 2948 1754 3027 (uti
1771 2966 1834 3011 non

1088 3036 1158 3096 sine
1181 3051 1297 3112 magno
1319 3037 1415 3098 animi
1439 3038 1550 3100 dolore
1567 3039 1665 3102 luisse
1680 3043 1833 3118 quosdam

1088 3129 1284 3206 audivimus)
1305 3129 1358 3205 qui
1379 3131 1479 3192 nimio
1495 3134 1693 3196 cruciatuum
1711 3142 1835 3197 terrore

1089 3223 1227 3299 perculsi
1251 3240 1289 3284 eo
1312 3224 1483 3301 impietatis
1513 3229 1675 3302 progressi
1703 3229 1777 3300 sint,
1801 3237 1836 3290 ut

1089 3317 1232 3377 confiteri
1256 3316 1420 3378 Christum
1441 3334 1547 3379 coram
1564 3319 1747 3382 hominibus
1764 3339 1835 3383 eru-

1089 3409 1228 3480 buerint,
1251 3425 1305 3470 eos
1329 3409 1496 3473 hortamur
1513 3429 1547 3473 ac
1562 3413 1783 3490 deprecamur,
1801 3422 1836 3477 ut

1089 3503 1301 3579 poenitentiae
1324 3503 1461 3564 lacrimis
1478 3511 1538 3566 tam
1556 3507 1777 3569 detestandum
1794 3509 1835 3569 ia-

1089 3595 1178 3656 cinus
1207 3595 1349 3667 abluere,
1378 3605 1473 3675 atque
1496 3617 1511 3658 a
1534 3599 1588 3661 Dei
1618 3601 1835 3663 misericordia

1088 3689 1214 3750 veniam
1237 3690 1331 3751 enixe
1353 3692 1501 3752 studeant
1522 3691 1706 3768 implorare.

1128 3781 1192 3844 Vos
1214 3789 1333 3854 autem,
1357 3783 1554 3844 dilectissimi
1575 3785 1607 3846 in
1622 3785 1749 3847 Christo
1766 3787 1833 3860 lilii,

1089 3877 1142 3952 qui
1165 3894 1181 3936 a
1201 3883 1286 3937 tanto
1304 3877 1517 3953 perpetrando
1532 3879 1654 3940 scelere
1669 3879 1836 3942 abhorrui-

1089 3968 1155 4038 stis,
1180 3969 1220 4030 ob
1242 3983 1355 4044 graves
1388 3985 1465 4045 quas
1494 3971 1658 4032 sustinetis
1681 3973 1835 4034 calamita-

1090 4069 1148 4133 tes,
1173 4062 1285 4123 animis
1309 4078 1348 4122 ne
1372 4063 1612 4138 despondeatis3
1635 4081 1669 4126 ea
1686 4065 1772 4126 enim
1789 4074 1836 4128 est

1089 4155 1332 4216 clementissimi
1354 4161 1386 4214 et
1401 4155 1625 4232 sapientissimi
1642 4173 1752 4218 rerum
1770 4176 1836 4220 om-

1089 4248 1178 4308 nium
1210 4248 1420 4308 moderatoris
1451 4249 1661 4326 providentia,
1686 4259 1731 4324 ut,
1756 4267 1836 4328 quos

1089 4341 1240 4418 peculiari
1264 4341 1513 4418 praedilectione
1529 4343 1764 4419 complectitur,
1783 4361 1836 4406 eos

1090 4434 1199 4495 multis
1221 4451 1255 4495 ac
1276 4434 1372 4494 variis
1389 4435 1633 4496 aclversitatibus
1650 4437 1731 4498 sinat
1746 4454 1837 4498 exer-

1090 4528 1165 4588 ceri.
1189 4527 1361 4588 lntuemini
1384 4528 1527 4602 coelum3
1544 4535 1677 4590 strenue
1695 4546 1837 4607 pugnan-

1091 4621 1175 4682 tibus
1198 4621 1441 4681 immortalitatis
1471 4637 1587 4682 corona
1616 4631 1834 4701 comparatur:

1090 4713 1204 4775 breves
1227 4714 1318 4776 vobis
1339 4721 1435 4774 erunt
1451 4715 1634 4776 certaminis
1650 4717 1727 4788 dies,
1745 4725 1774 4778 at
1790 4735 1838 4779 ea-

1091 4807 1174 4878 dem,
1189 4823 1250 4884 qua
1262 4807 1346 4868 Deus
1362 4807 1472 4868 beatus
1490 4815 1547 4880 est,
1562 4810 1757 4887 sempiterna
1773 4818 1838 4873 tan-

1091 4901 1163 4962 dem
1180 4901 1329 4962 felicitate
1345 4901 1568 4978 perfruemini.
1587 4902 1667 4974 Quin
1684 4906 1762 4966 etin
1779 4906 1839 4967 hoc

1090 4993 1158 5072 ipso
1181 4994 1324 5055 mortalis
1346 4994 1430 5055 ritae
1452 4996 1613 5057 curriculo
1629 5013 1694 5058 non
1709 5014 1838 5076 semper

1091 5106 1107 5149 a
1128 5087 1397 5150 Christilidelibus
1421 5088 1584 5150 toleranda
1605 5090 1763 5152 calamitas
1779 5098 1836 5162 est,

1091 5183 1146 5244 sed
1166 5183 1329 5259 graviores
1346 5197 1457 5243 eorum
1477 5181 1617 5244 tristitias
1632 5183 1838 5246 abundantio-

1091 5293 1143 5337 res
1173 5277 1366 5353 plerumque
1396 5276 1629 5337 consolationes
1662 5278 1836 5355 excipiunt.

1091 5369 1155 5429 Nec
1177 5376 1345 5445 propterea
1367 5385 1424 5428 vos
1447 5369 1513 5428 dira
1530 5369 1586 5430 hac
1601 5384 1729 5446 semper
1745 5386 1839 5432 vexa-

1094 5461 1178 5522 tione
1194 5461 1398 5537 prememini,
1413 5462 1467 5522 sed
1480 5461 1518 5522 ab
1531 5463 1618 5522 omni
1635 5464 1763 5524 tandem
1776 5470 1840 5524 ter-

1092 5571 1166 5616 rore
1195 5555 1291 5617 soluti
1314 5571 1348 5616 ac
1370 5555 1469 5616 veluti
1499 5554 1707 5618 alaribuuda
1737 5558 1839 5634 erepti

1092 5653 1293 5726 tempestate,
1318 5649 1394 5708 dum
1425 5649 1489 5710 lleo
1519 5665 1597 5710 vero
1624 5649 1746 5710 cultum
1771 5657 1839 5712 tuto

1093 5741 1299 5812 exhibebitis,
1335 5757 1493 5819 perennes
1526 5743 1630 5804 eidem
1664 5745 1838 5819 gratiarum

331 5957 361 6010 tlt
378 5954 439 6000 Vide
453 5955 522 6004 infru
536 5955 727 6000 Allocutionem
745 5961 856 6008 sillictus·
869 5959 895 6000 et
911 5960 945 6000 lle
962 5959 1172 6000 t'oocbincha'nae
1188 5959 1329 5999 iiimsiorris.

1753 575 1811 636 219
1861 577 1914 629 Aa.
1929 579 1958 626 C.
1982 579 2049 628 1839
