4770 6982
49 559 105 606 rin.
123 559 158 607 Ο.
182 557 250 607 1842

59 1539 245 1584 l'rourmihm.

79 3137 220 3180 Patriam-h.
234 3147 270 3179 ec·

55 3191 142 3234 cle-ruv-
167 3190 269 3234 Ciliciae

55 3246 221 3289 cavillationes.

887 575 1062 622 deuocatus
1084 577 1135 621 PP.
1159 577 1224 622 xvi.

283 689 453 756 venerabili
486 691 572 756 tratri
607 689 715 758 lacobo
749 692 840 759 iiolas
875 691 1029 776 archiepi-

322 800 414 866 scopo
439 801 531 868 nuper
548 787 689 852 amasco.
709 787 736 851 in
759 785 964 854 Patriarcbam
982 787 1030 852 ci-

322 878 409 943 liciae
433 879 624 944 armenorum
649 881 757 956 electo,

422 1064 641 1133 caicamus
671 1065 889 1134 episcopus

469 1244 578 1294 servus
601 1245 756 1295 servorum
781 1229 843 1306 lici,

318 1348 448 1414 salutem
472 1354 503 1413 ei
526 1351 724 1432 apostolicam
748 1349 998 1416 benedictionem.

322 1537 454 1600 Romani
471 1540 641 1611 Pontificis,
657 1556 751 1616 quem
770 1540 878 1601 Pastor
893 1540 947 1602 ille
963 1557 1033 1602 coe-

284 1631 372 1692 lestis
395 1637 427 1694 et
447 1633 622 1712 Episcopus
655 1635 834 1702 animarum
867 1634 1032 1711 potestatis

283 1725 483 1803 plenitudine
505 1721 565 1787 sibi
588 1727 701 1788 tradita
723 1727 866 1789 ecclesiis
882 1727 1034 1804 piraetulit

283 1819 454 1892 universis,
471 1820 653 1882 sollicitudo
668 1821 807 1898 requirit
828 1827 863 1882 ut
885 1821 966 1882 circa
982 1838 1034 1896 cu-

284 1913 413 1974 iuslibet
435 1914 586 1975 ecclesiae
600 1921 717 1974 statum
732 1914 776 1975 sic
791 1913 964 1990 vigilanter
981 1931 1033 1976 ex-

284 2007 402 2084 cogitet
423 2008 532 2084 sicque
555 2009 726 2086 prospiciat
747 2008 932 2084 diligenter,
948 2009 1033 2085 quod

284 2101 421 2178 parcius
434 2101 668 2178 providentiam
682 2101 943 2179 circumspectam
958 2109 1034 2164 tunc

286 2194 515 2272 persimplicis
544 2195 737 2271 provisionis
761 2195 911 2267 officium,
937 2187 1035 2272 quail-

286 2290 391 2365 doque
414 2304 492 2349 vero
514 2305 571 2366 per
588 2289 804 2350 ministerium
822 2289 1035 2351 translationis

287 2381 502 2453 accommode,
515 2389 610 2459 prout
621 2397 833 2459 personarum
845 2382 990 2443 locorum
1006 2389 1037 2444 et

289 2483 470 2553 temporum
494 2476 627 2552 qualitas
653 2476 754 2552 exigit
776 2484 808 2538 et
829 2476 1032 2538 ecclesiarum

287 2569 405 2631 utilitas
427 2571 606 2647 persuadet,
622 2571 762 2632 ecclesiis
778 2570 914 2648 singulis
931 2577 1036 2647 pastor

287 2665 412 2726 accedat
433 2664 567 2725 idoneus
590 2671 622 2725 et
643 2673 750 2726 rector
770 2665 923 2742 providus
939 2665 1037 2742 depu-

289 2764 384 2829 tetur,
410 2759 465 2834 qui
486 2759 642 2836 populum
656 2758 716 2818 sibi
732 2758 940 2820 commissum
955 2759 1036 2819 salu-

288 2850 389 2912 briter
418 2851 535 2927 dirigat
556 2859 587 2912 et
613 2851 777 2921 iniormet,
803 2851 1035 2927 ecclesiamque

287 2946 344 3006 sibi
363 2946 508 3006 traditam
525 2962 590 3006 non
604 2945 710 3006 solum
727 2945 887 3020 gubernet
900 2945 1034 3016 utiliter,

288 3039 344 3100 sed
364 3039 457 3099 etiam
475 3039 674 3100 multimodis
690 3040 802 3100 eiierat
817 3039 1035 3099 incrementis.

329 3132 397 3206 gl.
422 3131 503 3194 Sanc
529 3132 730 3210 patriarchali
756 3132 885 3194 ccclesia
911 3131 1038 3193 Ciliciae

289 3225 518 3298 armenorum,
536 3227 587 3288 cui
604 3229 653 3288 bo.
669 3244 731 3288 me.
750 3226 925 3304 Gregorius
942 3227 1039 3288 deno-

609 3328 616 3350 a

289 3484 385 3528 hamus
399 3486 492 3528 Petrus
508 3483 611 3528 Primus
625 3487 704 3530 antea
720 3485 808 3541 aleppi
820 3485 1035 3541 archiepiscopus

288 3551 315 3594 in
329 3551 486 3596 consistorio
506 3552 611 3608 publico
634 3551 738 3597 Ciliciae
755 3553 910 3598 Patriarcba
925 3552 1036 3596 solemni

288 3617 343 3662 ritu
366 3618 416 3661 luit
437 3618 616 3663 renuntiatus.
637 3619 756 3674 Quinque
776 3625 834 3675 post
848 3631 908 3663 eum
924 3620 1038 3664 Patriar-

288 3685 353 3728 chae
368 3685 423 3729 sedi
438 3685 478 3728 ilii
494 3685 674 3741 praefuerunt,
689 3697 801 3742 quorum
818 3693 968 3742 postremus
979 3690 1036 3730 Gro-

288 3751 380 3806 gorius
395 3754 488 3796 Petrus
508 3755 602 3796 Sextus
617 3752 650 3798 ab
666 3754 826 3798 immortalis
847 3753 1037 3799 recordationis

289 3817 414 3862 Poutiilce
428 3817 628 3873 praedecessore
645 3823 734 3864 nostro
745 3820 789 3864 Pio
799 3824 848 3864 i'll.
861 3831 883 3866 a.
896 3831 1037 3866 ororcrxrv.

289 3885 444 3929 solemniter
459 3886 641 3940 conlirmatuS,
657 3885 724 3930 diem
740 3899 818 3934 sunm
834 3887 899 3932 obiit
914 3888 956 3932 die
971 3900 1037 3932 xxrr.

289 3951 447 4006 septembris
460 3949 589 3998 mbcccxc.

329 4021 383 4062 Non
404 4021 466 4063 ante
487 4020 636 4076 proximum
660 4022 778 4078 elapsum
801 4033 919 4066 mensem
935 4021 1036 4066 iunium

289 4086 446 4141 congregari
461 4091 605 4141 potuerunt
620 4097 718 4132 novum
735 4089 917 4133 i’atriarcham
928 4090 1037 4132 electuri

289 4152 404 4196 Basilius
420 4153 496 4198 airaz
512 4153 727 4211 archiepiscopus
743 4156 893 4212 aleppinus,
913 4159 1039 4212 Iosephus

290 4223 373 4264 Farra
386 4220 603 4278 archiepiscopus
627 4222 809 4276 airardiueusis,
832 4225 938 4267 ittriobus
961 4224 1039 4268 licias

290 4287 507 4343 archiepiscopus
523 4287 683 4333 amasiensis
699 4289 772 4333 Sedis
784 4289 974 4335 patriarchalis
984 4303 1040 4347 pro-

290 4361 406 4408 curator,
421 4355 570 4410 Stephanus
587 4357 727 4412 Episcopus
743 4357 895 4402 adanensis.
914 4360 984 4402 linars
999 4357 1039 4401 de-

290 4421 341 4465 luit
363 4421 475 4466 Michael
498 4423 712 4480 archiepiscopus
734 4424 926 4478 caesareensis,
947 4425 992 4481 qui
1010 4429 1039 4470 ut

291 4487 410 4532 vicarius
426 4488 614 4534 Patriarchaiis
624 4491 797 4535 'roicatensem
809 4490 948 4536 dioecesim
960 4492 1041 4536 adnri-

292 4553 434 4600 nistrabat:
450 4556 496 4610 qui
511 4560 601 4600 tamen
615 4558 722 4616 litteras
738 4557 818 4607 misit,
829 4570 859 4603 ex
875 4559 971 4614 quibus
981 4571 1040 4604 crtu-

290 4633 335 4666 sae
349 4621 484 4678 legitimae
498 4627 649 4668 constarent
665 4625 800 4668 absentiae
816 4637 888 4674 suae.
901 4625 1040 4682 longitudo

290 4690 447 4746 praesertim
464 4690 568 4734 itineris
582 4693 608 4735 et
624 4691 755 4746 asperitas
771 4693 881 4737 riarum.

332 4761 513 4801 Corrrenerunt
529 4755 619 4813 itaque
638 4761 761 4814 quatuor,
777 4771 841 4815 (quos
857 4759 1039 4814 indicavimus,

292 4823 418 4868 electores
441 4823 482 4868 die
503 4825 650 4870 assisina
666 4827 691 4869 in
708 4825 866 4871 t'oenobiu'm
883 4828 1040 4873 Bsommarii

292 4892 319 4936 ia
334 4895 420 4936 Morrte
435 4893 541 4946 Libano,
557 4893 602 4937 ubi
616 4895 750 4937 consuetis
769 4895 897 4940 adhibitis
911 4907 1041 4940 caeremo-

292 4959 352 5014 niis,
367 4959 519 5015 litterisque
540 4960 662 5014 perlectis
678 4961 871 5018 archiepiscopi
888 4966 1041 5007 Caesarean-

292 5025 337 5080 sis,
351 5027 384 5070 ab
405 5025 466 5070 aliis
488 5027 574 5070 tribus
597 5027 705 5070 lrrirobus
727 5028 804 5072 iiolas
823 5029 1041 5086 archiepiscopus

292 5093 453 5151 ramesiensis
469 5093 646 5149 proclamatus
661 5099 701 5138 est
711 5094 875 5150 patriarcha,
886 5097 931 5152 qui
942 5097 1041 5141 invitus

293 5161 361 5214 licet,
376 5164 482 5204 coactus
498 5167 537 5204 est
551 5160 710 5216 dignitatem
725 5163 850 5216 accipere.
867 5167 958 5219 ltaque
969 5169 1042 5208 ama-

293 5227 346 5272 siae
361 5229 421 5272 sede
435 5228 565 5282 abdicata,
581 5227 665 5272 iacobi
680 5229 752 5273 Petri
767 5231 877 5286 Septimi
893 5241 987 5275 nomeu
1003 5243 1042 5276 as·

293 5295 415 5351 sumpsit.

333 5366 397 5406 Tum
413 5362 539 5407 solemnis
553 5363 685 5407 coniectus
700 5365 740 5408 est
751 5363 888 5409 electionis
898 5377 944 5410 seu
957 5369 1043 5422 postu·

292 5427 400 5474 lationis
414 5433 498 5483 actus,
508 5427 552 5472 cui
567 5429 712 5484 supradicti
728 5430 941 5486 subscripserunt
951 5443 981 5476 ac
992 5433 1042 5476 (luo

293 5491 410 5542 seniores
431 5497 586 5542 coenobitae
600 5497 633 5541 ad
650 5497 833 5542 testimonium
856 5499 948 5543 vocati.
966 5499 1043 5544 lutei-

293 5564 392 5608 lectum
412 5569 452 5609 est
473 5567 563 5610 autem
579 5577 609 5608 ex
624 5563 735 5620 epistola
758 5565 893 5624 Michaelis
911 5566 1042 5622 archiepi-

294 5631 363 5688 scopi
378 5631 568 5686 caesareensis,
583 5643 650 5688 quae
667 5636 728 5676 tuuc
742 5632 811 5676 lecta
826 5637 874 5684 est,
886 5633 971 5689 ipsum
983 5645 1044 5689 quo-

294 5712 344 5756 que
366 5700 488 5745 electioni
502 5711 639 5744 assensum
662 5701 742 5744 fuisse
759 5701 953 5757 archiepiscopi
969 5707 1043 5747 arira·

294 5767 396 5822 siensiS,
410 5768 453 5812 cui
467 5768 578 5814 subinde
592 5771 735 5812 consrretus
757 5767 812 5812 ritu
828 5767 943 5813 nationis
959 5768 1043 5814 honor

294 5839 334 5880 est
355 5834 474 5882 habitus:
496 5835 572 5880 cuius
593 5835 625 5878 de
641 5835 768 5879 electione
786 5835 948 5890 regulariter
966 5837 1043 5890 iacta,

294 5901 411 5958 itemque
430 5903 461 5946 de
480 5901 621 5958 probitate,
636 5902 699 5956 reia,
715 5902 856 5958 prudentia
875 5913 904 5947 ac
924 5902 1043 5949 doctrina

294 5969 450 6015 Franciscus
472 5969 608 6015 Villardeil
629 5969 845 6026 archiepiscopus
866 5969 1042 6026 Philippensis

1085 695 1222 756 minatus
1246 693 1362 757 Sextus
1384 697 1518 758 ultimus
1542 696 1628 758 illius
1658 694 1836 757 Patriarcha

1086 788 1162 848 dum
1179 789 1306 850 viveret
1322 791 1529 868 praesidebat,
1548 807 1606 869 per
1622 790 1745 851 obitum
1762 788 1837 849 dicti

1085 881 1231 958 Gregorii
1255 883 1463 954 Patriarchae,
1484 885 1538 962 qui
1554 892 1644 948 extra
1662 883 1836 947 Rornaaam

1085 974 1214 1036 Curiam
1224 977 1366 1038 debitum
1381 985 1512 1040 araturae
1527 979 1689 1057 persolvit,
1702 977 1837 1055 pastoris

1084 1069 1197 1132 solatio
1214 1071 1375 1142 destituta,
1397 1089 1454 1134 nos
1476 1073 1512 1134 ad
1536 1072 1755 1150 provisionem
1779 1070 1836 1130 hu-

1085 1163 1224 1224 iusmodi
1246 1165 1465 1242 patriarchalis
1482 1166 1634 1228 ecclesiae
1650 1164 1790 1243 paternis
1806 1171 1838 1224 et

1062 1339 1063 1342 Ἴ
1085 1257 1229 1319 sollicitis
1250 1257 1362 1318 stadiis
1385 1259 1601 1330 intendentes,
1626 1265 1696 1336 post
1718 1257 1837 1318 delibe-

1086 1351 1245 1412 rationem
1265 1365 1360 1427 quam
1377 1353 1415 1413 de
1431 1352 1645 1428 praeficiendo
1663 1351 1720 1429 ipsi
1739 1350 1837 1412 eccle-

1086 1445 1150 1506 siae
1172 1445 1373 1522 patriarchali
1389 1445 1516 1507 Ciliciae
1531 1445 1747 1508 armenorum
1766 1460 1837 1523 per·

1086 1555 1196 1600 sonam
1226 1539 1340 1600 utilem
1363 1557 1397 1600 ac
1424 1539 1519 1600 etiam
1546 1539 1741 1601 fructuosam
1764 1555 1836 1600 cunr

1087 1633 1326 1693 venerabilibus
1339 1631 1490 1694 iratribus
1504 1633 1620 1694 nostris
1634 1631 1753 1693 S.R.E.
1764 1631 1837 1693 Car-

1088 1726 1246 1788 dinaiibus
1260 1726 1430 1788 habuimus
1443 1727 1644 1803 diligentem,
1656 1727 1787 1788 demum
1801 1725 1837 1786 ad

1088 1826 1119 1880 tc
1142 1831 1245 1896 nuper
1261 1818 1545 1898 archiepiscopum
1561 1819 1721 1890 arrasam,
1740 1834 1838 1895 quem

1089 1913 1290 1974 venerabiles
1312 1913 1408 1975 ctiam
1430 1914 1543 1974 iratres
1569 1913 1670 1974 nostri
1692 1912 1838 1990 Episcopi

1088 2007 1235 2069 catholici
1257 2007 1393 2068 nationis
1416 2007 1543 2069 Ciliciae
1560 2005 1778 2068 armenorum
1802 2007 1838 2066 ad

1089 2098 1332 2178 patriarchalem
1364 2100 1529 2162 ecclesiam
1563 2100 1747 2161 huiusmodi
1781 2115 1838 2177 pro

1088 2195 1174 2256 illius
1206 2195 1385 2256 Patriarcha
1414 2195 1587 2271 elegerunt
1615 2211 1673 2256 seu
1703 2195 1838 2272 postula-

1089 2296 1176 2360 runt,
1195 2287 1315 2365 quiquo
1331 2289 1427 2350 fidem
1451 2289 1636 2350 catholicam
1660 2289 1748 2350 iuxta
1767 2289 1840 2349 arti-

1090 2383 1178 2444 culos
1198 2383 1388 2460 iampridem
1406 2400 1421 2443 a
1438 2380 1519 2443 Sede
1536 2381 1716 2460 Apostolica
1731 2381 1840 2444 Orien-

1090 2477 1206 2540 talibus
1219 2477 1429 2555 pracscriptos
1443 2493 1593 2555 expresse
1607 2477 1767 2555 professus
1781 2477 1840 2537 iui-

1090 2571 1141 2638 sti.
1159 2570 1365 2632 consideratis
1392 2571 1562 2646 grandium
1588 2571 1746 2632 virtutum
1775 2587 1840 2631 me-

1091 2664 1160 2725 ritis
1183 2663 1299 2740 quibus
1328 2679 1497 2740 personam
1520 2671 1607 2724 tuam
1630 2663 1758 2724 illarum
1781 2664 1840 2724 lar-

1071 2817 1073 2822 .
1092 2758 1176 2834 gitor
1189 2755 1368 2817 altissimus
1381 2757 1602 2834 multipliciter
1618 2757 1794 2834 insignivit,
1810 2763 1842 2818 et

1091 2852 1292 2912 attendentes
1315 2851 1400 2928 quod
1426 2857 1472 2921 tu,
1497 2851 1552 2926 qui
1574 2851 1610 2911 ad
1633 2851 1842 2928 arciriepisco-

1092 2945 1195 3022 palem
1209 2944 1376 3004 ecclesiam
1393 2943 1541 3004 amasen.
1558 2951 1687 3006 evectus
1705 2961 1841 3006 munere

1091 3037 1338 3099 consecrationis
1365 3045 1514 3114 suscepto
1538 3037 1729 3116 pontificalia
1752 3027 1842 3100 ever-

1092 3132 1195 3202 cuisti‚
1221 3131 1437 3194 ordinationes
1461 3131 1607 3204 habuisti,
1629 3133 1842 3195 confirmatio·

1092 3227 1141 3287 uis
1163 3232 1400 3286 sacramentum
1430 3225 1656 3286 administrasti
1686 3233 1717 3286 et
1739 3226 1771 3286 in
1793 3242 1842 3287 rc-

1091 3484 1231 3540 belegatus
1254 3483 1417 3539 apostolicus
1439 3483 1465 3527 in
1488 3484 1575 3528 hierita
1596 3482 1694 3528 Libano
1715 3482 1843 3527 sollemne

1090 3551 1163 3594 dedit
1188 3549 1384 3602 testimonium;
1410 3561 1524 3605 quarum
1549 3549 1685 3605 ceteroqui
1708 3549 1842 3593 virtutum

1091 3617 1160 3660 idem
1177 3616 1285 3668 electae,
1296 3627 1356 3660 cum
1373 3618 1504 3672 professor
1519 3616 1568 3660 sun
1584 3616 1610 3659 in
1628 3615 1747 3670 collegio,
1758 3626 1788 3660 ac
1803 3616 1843 3658 de·

1090 3684 1149 3728 iude
1172 3684 1246 3728 Sedis
1267 3683 1458 3728 Patriarchalis
1480 3689 1643 3739 procurator,
1659 3695 1686 3726 se
1703 3683 1756 3728 iam
1776 3683 1842 3728 satis

1091 3751 1236 3808 perspicuis
1251 3751 1483 3796 cornuremlaverat
1497 3751 1672 3806 argumentis.

1132 3822 1185 3863 Non
1202 3817 1382 3874 praetermisit
1399 3818 1549 3874 postulatus
1565 3818 1721 3862 patriarcha
1735 3819 1843 3862 litteras

1092 3888 1124 3931 ad
1140 3899 1186 3931 nos
1201 3886 1405 3932 officiosissimus
1422 3886 1528 3930 mittere
1548 3885 1684 3931 electionis
1700 3897 1771 3941 suae,
1786 3899 1844 3931 con-

1093 3955 1273 4000 firmationem
1296 3953 1417 4009 sacrique
1438 3953 1512 4009 pallii
1535 3954 1662 3998 honorem
1685 3953 1843 4010 implorans,

1092 4023 1213 4078 idemque
1228 4032 1274 4077 per
1288 4021 1463 4065 coustitutum
1479 4031 1495 4064 a
1510 4032 1537 4065 se
1553 4024 1751 4074 procuratorem
1767 4020 1843 4064 nobis

1092 4089 1213 4132 erlribuit
1227 4099 1243 4132 a
1258 4101 1285 4132 se
1302 4087 1478 4143 subscriptam
1503 4087 1562 4132 iidei
1583 4087 1728 4133 catholicae
1749 4087 1844 4144 proies·

1092 4155 1193 4200 sionem
1208 4156 1240 4200 ad
1257 4167 1377 4200 normam
1393 4154 1522 4199 formulae
1537 4155 1570 4198 ab
1584 4155 1687 4199 i'rhauo
1699 4157 1761 4198 i'lll.
1772 4165 1845 4210 prae·

1093 4224 1213 4280 scriptae.
1225 4224 1295 4268 idem
1306 4223 1499 4278 praestiterunt
1510 4221 1637 4278 Episcopi,
1647 4233 1711 4276 reru,
1721 4222 1760 4266 uti
1769 4225 1844 4276 gesta

1093 4293 1145 4344 est,
1168 4289 1325 4341 referentes,
1348 4290 1475 4346 uobisque
1496 4288 1687 4345 supplicantes,
1711 4293 1739 4333 ut
1753 4292 1843 4333 actum

1092 4337 1334 4403 concremassem
1351 4358 1526 4402 devitaremus.

1134 4429 1204 4476 Quae
1218 4437 1278 4470 cum
1295 4426 1332 4470 ita
1347 4425 1410 4478 sint,
1426 4429 1448 4468 s,
1468 4425 1642 4480 ‹torreregatio
1659 4424 1845 4480 propagandae

1093 4493 1174 4547 Fidei,
1190 4505 1218 4538 re
1233 4493 1399 4538 considerata
1414 4497 1441 4536 et
1452 4493 1542 4536 sedulo
1555 4503 1691 4546 perpensa,
1703 4503 1792 4548 preces
1803 4503 1845 4535 uo·

1094 4561 1133 4605 bis
1148 4561 1308 4606 exhiirendas
1323 4572 1379 4604 esse
1395 4559 1519 4612 decrevit,
1535 4565 1564 4603 ut
1579 4557 1845 4604 nostraauctoritate

1095 4627 1216 4673 iacobum
1229 4628 1305 4672 riolas
1316 4626 1547 4682 archiepiscopum
1560 4626 1748 4678 arnasieusem‚
1759 4625 1844 4670 iacobi

1094 4696 1165 4740 Petri
1187 4694 1296 4751 septimi
1318 4699 1455 4750 assumpto
1477 4693 1591 4745 norrriue,
1612 4693 1638 4737 in
1661 4689 1843 4736 partriarcham

1095 4769 1237 4806 armenum
1254 4761 1359 4805 Ciliciae
1379 4761 1566 4805 conlirmemus
1582 4766 1608 4803 et
1624 4759 1695 4804 sacri
1711 4760 1786 4804 Pallii
1803 4759 1845 4803 bo·

1095 4841 1158 4874 noro
1179 4829 1341 4872 decoremus.
1358 4830 1408 4872 Nos
1429 4827 1513 4882 igitur
1534 4827 1711 4872 iudicavimus
1726 4826 1843 4870 eiusdem

1095 4894 1311 4950 Corrgregationis
1327 4894 1448 4950 precihus
1463 4905 1588 4938 attrahere.

1202 5027 1268 5078 Quid
1284 5027 1356 5072 vobis
1372 5027 1493 5072 videtur-t

1136 5163 1302 5208 arrctoritate
1324 5163 1517 5220 omnipotentis
1539 5163 1590 5218 brai,
1611 5167 1768 5208 sauctorum
1784 5169 1847 5220 arvo-

1096 5230 1226 5274 st010rum
1242 5231 1313 5274 Petri
1328 5235 1355 5274 et
1374 5231 1447 5276 Pauli
1466 5243 1496 5276 ac
1511 5236 1602 5276 nostra
1616 5231 1805 5276 contii-mamus
1821 5235 1844 5276 et

1096 5298 1273 5354 approbamus
1294 5297 1449 5342 electionem
1472 5309 1518 5342 seu
1539 5298 1745 5354 postulationem
1762 5299 1788 5342 in
1803 5301 1847 5342 Pa·

1098 5365 1243 5410 triarcbanr
1260 5365 1367 5409 ciliciae
1383 5371 1558 5409 armenorum
1574 5365 1624 5408 rite
1640 5365 1734 5409 iactam
1750 5365 1847 5421 deper-

1097 5443 1160 5476 sona
1176 5432 1302 5487 praedicti
1318 5432 1512 5488 archiepiscopi
1529 5433 1614 5476 iacobi
1634 5433 1712 5476 Holus
1728 5444 1796 5476 uurrc
1811 5437 1847 5477 ia-

1096 5499 1151 5544 cobi
1168 5499 1248 5553 l’etri,
1263 5510 1340 5556 quem
1356 5500 1518 5544 absolvimus
1533 5511 1549 5544 a
1565 5500 1667 5544 viuculo
1682 5512 1733 5556 quo
1745 5500 1848 5544 teueba·
1875 5539 1879 5545 ,

1098 5570 1143 5612 tur
1157 5567 1281 5612 ecciesiae
1296 5567 1529 5623 archiepiscopalis
1544 5567 1675 5620 amasiae,
1696 5571 1723 5611 et
1737 5568 1846 5612 transie-

1097 5633 1182 5678 rimus
1197 5635 1229 5680 ad
1242 5633 1449 5690 patriarchalem
1460 5634 1607 5689 praelatam
1618 5633 1764 5686 ecclesiam,
1775 5645 1847 5690 prae·

1099 5702 1216 5747 ficientes
1241 5713 1301 5746 erim
1325 5701 1351 5744 iu
1376 5701 1558 5746 l’atriarcham
1583 5708 1609 5745 et
1633 5704 1765 5758 pastorem
1789 5703 1848 5746 eius

1099 5769 1222 5822 nationis,
1233 5773 1311 5824 prout
1327 5768 1352 5813 in
1368 5769 1473 5812 decreto
1488 5775 1513 5812 et
1529 5769 1653 5813 schedula
1667 5768 1847 5813 consistoriali

1097 5836 1269 5891 exprimetur.

1137 5905 1165 5948 lu
1177 5902 1283 5947 nomine
1295 5901 1381 5948 Patris
1392 5906 1424 5958 aa,
1435 5905 1460 5946 et
1472 5902 1533 5946 Filii
1545 5907 1577 5959 va,
1588 5906 1614 5947 et
1625 5902 1741 5960 Spiritus
1752 5908 1774 5955 m
1787 5905 1848 5950 San·

1097 5969 1141 6015 cti.
1158 5974 1247 6014 amen.
1822 5986 1827 5992 ·

1756 556 1815 619 287
1866 563 1918 611 an,
1934 560 1963 610 c.
1988 559 2055 612 aare
