4788 6980
898 591 1073 638 annuemus
1095 592 1146 637 ΡΡ.
1170 593 1235 637 XVl.

295 707 491 770 Francorum
523 709 609 786 regis
645 709 898 771 christianissimi
933 709 1039 770 studio

295 817 329 860 ac
352 800 543 864 liberalitate
565 801 701 874 favente,
726 803 934 864 instituimus.
958 802 1039 864 Cum

296 909 375 955 vero
396 894 429 955 in
452 894 597 955 eamdem
620 895 730 956 sedem
749 903 836 974 tuam
852 895 1038 972 propediem

295 987 401 1048 iturus
433 986 486 1058 sis,
516 988 704 1049 mandamus
735 988 788 1049 tibi
817 988 875 1066 ipsi
906 1003 1040 1050 munera

295 1081 451 1156 quaedam
480 1081 517 1142 ad
545 1080 726 1142 cathedrale
755 1081 923 1160 templum,
955 1080 1039 1158 quod

297 1173 443 1250 Philippo
470 1173 621 1251 Apostolo
650 1173 822 1246 dicabitur,
855 1175 1037 1248 deferenda,

296 1266 446 1327 videlicet
461 1281 501 1326 ex
520 1267 616 1327 sacris
631 1266 756 1328 exuviis
775 1268 873 1328 sancti
895 1267 1038 1330 eiusdem

296 1357 439 1436 Apostoli
462 1368 586 1437 partem
602 1365 781 1420 extremam
797 1359 887 1436 digiti
909 1361 1040 1424 alterius

296 1452 396 1528 pedis,
416 1458 448 1514 et
468 1453 655 1530 particulam
671 1469 710 1515 ex
723 1454 847 1515 ossibus
870 1453 1041 1530 Augustini

296 1543 443 1622 Episcopi
458 1545 681 1623 Hipponensis,
700 1546 790 1608 cuius
813 1547 943 1608 ecclesia
959 1547 1041 1609 eius-

297 1637 370 1698 dem
400 1637 532 1699 nomine
560 1637 770 1700 celeberrima
792 1640 849 1700 sita
879 1639 955 1701 olim
983 1640 1042 1702 luit

296 1730 380 1792 intra
401 1731 482 1792 fines
504 1731 658 1792 dioecesis
674 1733 731 1793 tibi
752 1748 837 1794 nunc
858 1731 1039 1808 attributam

296 1823 430 1902 insuper
453 1825 577 1887 thecam
600 1826 744 1902 argentei
767 1826 873 1905 operis
895 1843 973 1889 auro
988 1827 1042 1890 ob-

297 1915 423 1978 ductam
446 1918 632 1980 memoratis
648 1918 794 1996 reliquiis
816 1919 849 1980 in
864 1919 954 1981 altari
969 1936 1041 1998 pro-

297 2009 472 2087 ponendis3
496 2011 636 2088 denique
657 2013 690 2072 in
711 2027 807 2073 usum
827 2013 926 2074 divini
942 2029 1041 2076 sacra-

297 2101 358 2162 ficii
380 2103 509 2166 calicem
539 2119 673 2165 aureum
698 2111 814 2166 trunco
835 2105 973 2182 basique
994 2125 1041 2167 ar-

298 2197 412 2271 genteal
434 2196 575 2258 inaurata
597 2204 811 2259 sustentatum
835 2213 908 2260 cum
931 2201 1042 2276 patena

297 2287 374 2349 item
397 2303 438 2350 ex
460 2303 548 2350 auro.
573 2289 665 2351 llisce
687 2289 857 2367 igiturpiis
879 2291 970 2352 donis
986 2307 1041 2353 uo-

298 2387 402 2442 strum
424 2381 458 2443 in
480 2381 683 2458 Algerianam
713 2383 873 2460 peculiare
898 2384 1041 2446 studium

298 2474 408 2535 testari
430 2474 604 2537 vetuimus.

338 2566 461 2628 Verum
484 2568 591 2644 magni
613 2568 708 2629 etiam
731 2568 804 2630 doni
828 2569 897 2630 loco
918 2577 952 2630 tu
974 2570 1042 2648 ipse

298 2659 373 2732 eris,
405 2675 480 2722 ven.
514 2660 627 2733 irater,
658 2661 748 2722 cuius
778 2663 955 2738 praesentit
977 2665 1042 2725 exi·

299 2767 382 2830 gnus
403 2753 506 2814 adhuc
536 2751 628 2814 inea
655 2753 790 2829 regione
817 2753 935 2815 Christi
962 2771 1042 2832 grex

298 2846 434 2914 multam
449 2847 482 2908 in
498 2843 634 2908 Domino
656 2847 906 2908 consolationem
930 2849 1040 2926 capiet.

300 2938 486 3000 Latissimus
508 2939 564 3001 tibi
587 2941 624 3002 ad
647 2941 858 3002 exercendam
887 2942 1041 3002 virtutem

300 3033 389 3095 datus
405 3039 454 3094 est
468 3049 608 3111 campus,
633 3039 743 3105 totam,
761 3048 842 3110 quae
862 3034 956 3110 paulo
971 3041 1042 3096 ante

299 3125 370 3196 luit,
401 3125 522 3202 Algerii
552 3125 707 3187 ditionem
735 3126 961 3204 complectens,
989 3127 1043 3188 ubi

301 3220 419 3280 multae
441 3219 673 3281 vetustioribus
685 3220 802 3282 seculis
823 3221 974 3282 ccclesiae
988 3223 1043 3283 llo·

300 3319 453 3388 rueruut3
476 3312 531 3374 sed
554 3313 745 3374 succedente
768 3313 917 3391 deinceps
932 3314 1043 3376 infide-

300 3404 378 3466 lium
402 3405 566 3466 dominatu
595 3403 691 3466 talem
721 3421 834 3467 omnes
863 3407 1043 3468 vastitatem

302 3514 408 3575 passae
433 3505 518 3570 sunt,
542 3505 578 3558 ut
602 3504 676 3559 ante
703 3499 908 3560 novissimam
932 3515 1041 3562 rerum

301 3589 585 3652 commutationem
607 3590 661 3650 vix
683 3589 747 3652 ulla
762 3591 840 3653 inibi
855 3593 1044 3655 christianae

301 3683 425 3761 pietatis
438 3683 572 3760 uestigia
587 3691 805 3761 superessent.
830 3684 972 3762 Pergens
986 3688 1044 3764 igi-

301 3783 354 3838 tur
375 3777 408 3838 in
429 3776 486 3838 Dei
515 3778 646 3838 nomine
672 3778 708 3839 ad
738 3785 860 3855 partem
889 3779 976 3840 illam
998 3782 1044 3841 vi-

302 3887 380 3933 neae
402 3869 579 3932 dominicae
594 3877 681 3931 tauto
696 3869 813 3932 iamdiu
826 3872 975 3948 squalore
992 3873 1044 3936 ob-

301 3964 405 4036 sitam,
426 3963 531 4041 arripe
550 3961 669 4034 statim,
690 3976 764 4024 ven.
779 3963 887 4038 irater,
903 3965 1044 4042 gladium

302 4057 387 4128 ildei,
411 4057 495 4134 guod
517 4061 568 4118 est
581 4056 719 4118 verbum
741 4055 808 4128 Dei,
826 4064 858 4118 et
874 4058 966 4120 mitte
981 4075 1044 4120 ma-

301 4165 379 4212 num
402 4155 488 4211 tuam
511 4149 548 4210 ad
570 4156 730 4224 aratrum3
753 4151 902 4213 norat-ibi
918 4154 1043 4225 novale,

301 4242 428 4304 succide
449 4242 641 4320 propagines
664 4243 872 4316 zizaniorum,
897 4260 971 4306 sere
991 4245 1045 4308 bo-

302 4351 381 4398 uum
403 4349 533 4411 semen3
557 4336 658 4413 quod,
682 4337 772 4412 vigili
800 4338 971 4400 sedulitate
993 4357 1044 4401 cu-

302 4429 456 4492 stoditum
489 4435 521 4490 et
549 4429 676 4491 divinae
709 4431 828 4506 gratiae
859 4431 1045 4508 irrigatione

303 4522 541 4592 foecundatum,
565 4521 759 4595 uberrimos,
777 4530 813 4584 ut
834 4523 928 4600 plane
949 4527 1046 4588 conli-

303 4616 419 4688 dimus‚
432 4614 572 4676 iustitiae
587 4621 619 4676 et
630 4615 801 4677 sanctitatis
817 4615 939 4679 fructus
955 4619 1046 4680 emit-

303 4714 359 4771 tet.
382 4708 484 4769 lmmo
505 4706 621 4769 bonam
644 4706 801 4784 erigimur
823 4709 855 4768 in
871 4724 961 4787 spem
977 4709 1046 4773 iore

302 4809 338 4864 ut
359 4801 415 4863 lui
437 4801 608 4864 catholicae
629 4799 772 4864 veritatis
793 4799 867 4864 inde
889 4802 922 4866 in
941 4805 1046 4881 proxi-

304 4910 370 4956 mas
399 4894 474 4956 allas
503 4892 627 4955 Africae
656 4900 760 4971 partes
789 4894 984 4958 ditlundatur
1015 4904 1047 4959 et

303 4992 441 5060 crescat3
464 4985 755 5048 intervenientibus
776 4987 810 5048 in
831 4987 863 5048 id
885 4991 967 5066 apud
989 4990 1047 5052 mi-

303 5081 549 5142 sericordiarum
576 5081 701 5142 Patrem
728 5081 877 5159 piissimis
900 5083 1047 5160 precibus

303 5173 463 5253 Cypriani,
488 5173 670 5252 Augustini,
700 5174 872 5252 Fulgentii,
896 5177 1046 5240 aliorum-

304 5266 1045 5346 queSanctorum,quiillamvirtutedoctrina,

303 5362 418 5425 lusore
439 5363 473 5424 in
494 5362 567 5424 fidei
591 5363 811 5425 testimonium
835 5365 991 5440 sanguine
1012 5365 1048 5426 il-

304 5456 494 5518 lustraruut.
508 5455 617 5533 ltaque
628 5454 722 5518 alacri
734 5471 863 5535 semper
874 5457 981 5519 animo
993 5457 1046 5529 sis,

304 5563 378 5611 reu.
397 5549 508 5622 irater,
529 5557 561 5611 et
579 5549 660 5610 nihil
679 5549 810 5627 quidem
832 5551 978 5634 tribuens
993 5551 1049 5614 tibi

304 5641 374 5719 ipsi,
397 5642 455 5704 sed
484 5641 591 5705 divini
613 5643 751 5720 potentia
774 5650 806 5704 et
834 5644 974 5706 bonitate
1003 5643 1049 5705 in-

305 5735 410 5808 nixae,
433 5735 540 5797 labora
565 5736 647 5797 sicut
668 5735 771 5796 bonus
797 5736 890 5798 miles
912 5735 1048 5811 Christi3

305 5837 337 5891 et
357 5829 391 5890 iu
413 5828 527 5891 mediis
549 5829 798 5900 difficultatibus,
812 5830 928 5906 quibus
950 5835 982 5890 te
997 5829 1049 5890 de-

306 5923 397 6004 fungi
420 5923 592 6002 oportebit,
616 5941 764 5987 coronam
782 5924 922 6002 recogita
943 5939 1050 6002 persc-

1097 709 1281 769 rerantibus
1304 709 1544 786 repromissam.
1569 709 1632 770 Nos
1654 709 1789 779 interce,
1806 709 1842 768 li-

1097 809 1147 864 cet
1162 803 1295 880 indigni,
1315 803 1396 864 haud
1413 819 1487 865 sane
1508 804 1691 866 desistimus
1706 803 1739 864 in
1755 803 1842 864 omni

1098 895 1240 957 oratione
1262 902 1294 956 et
1317 894 1537 957 obsecratione
1567 911 1640 956 cum
1668 894 1841 972 gratiarum

1097 988 1220 1050 actione
1241 988 1341 1049 Deum
1360 1004 1416 1066 per
1434 987 1548 1050 merita
1570 989 1627 1049 filii
1643 988 1691 1048 sui
1708 988 1841 1049 Redem-

1098 1081 1196 1158 ptoris
1213 1080 1324 1141 mundi
1335 1080 1521 1158 suppliciter
1533 1081 1706 1159 postulare,
1719 1087 1756 1141 ut
1771 1080 1841 1140 mit-

1097 1180 1140 1233 tat
1156 1173 1211 1233 tihi
1228 1172 1382 1234 auxilium
1399 1189 1438 1232 ex
1453 1172 1526 1244 alto,
1542 1181 1572 1234 et
1586 1174 1635 1245 iis,
1649 1187 1730 1249 quae
1748 1174 1841 1234 dante

1097 1267 1165 1344 ipso
1194 1266 1387 1344 plantaveris
1416 1274 1510 1344 atque
1539 1266 1711 1342 rigareris,
1739 1266 1841 1328 incre-

1098 1366 1245 1422 mentum
1268 1359 1395 1422 tribuat.
1427 1360 1571 1436 Derrique
1601 1367 1727 1421 nostrae
1757 1359 1841 1420 inte

1098 1453 1366 1530 propensissimae
1394 1453 1567 1514 voluntatis
1590 1453 1705 1530 pignus
1732 1453 1841 1513 adiun-

1099 1546 1205 1622 gimus
1227 1546 1430 1623 apostolicam
1454 1546 1721 1615 benedictionem,
1746 1560 1840 1620 quam

1098 1639 1314 1702 sacerdotibus
1337 1640 1431 1700 etiam
1455 1639 1653 1701 adiutoribus
1676 1639 1738 1699 tuis
1754 1653 1842 1716 prae-

1099 1733 1247 1810 dictoque
1271 1732 1442 1809 Algeriano
1466 1733 1557 1809 gregi
1580 1733 1710 1794 nomine
1732 1739 1841 1792 nostro

1098 1825 1346 1902 dispertiendam
1369 1825 1557 1886 fraternitati
1584 1831 1656 1885 tuae
1678 1839 1842 1902 peraman-

1099 1926 1148 1979 ter
1170 1918 1387 1996 impertimur.

1139 2011 1251 2072 Datum
1274 2011 1391 2073 Romae
1413 2012 1494 2089 apud
1518 2010 1549 2072 S.
1567 2012 1697 2073 Petrum
1715 2011 1775 2072 sub
1790 2027 1842 2071 an-

1099 2104 1176 2165 nulo
1197 2104 1307 2165 Piscat.
1325 2105 1375 2166 die
1392 2121 1478 2165 xrrv.
1497 2105 1564 2165 dec.
1582 2121 1840 2174 nncccnxxvur„

1099 2197 1298 2272 pontificatus
1320 2197 1418 2257 nostri
1442 2213 1525 2257 anuo
1546 2213 1615 2262 vui.

1404 2476 1535 2538 cxttv.

1102 2659 1286 2722 dimittente
1307 2661 1426 2723 Ioanne
1449 2661 1598 2740 Baptistci
1621 2661 1698 2723 Zino
1727 2679 1845 2724 mortus

1142 2753 1260 2817 Vicorii
1273 2755 1444 2835 Apostolici
1462 2753 1691 2825 Gibroltort'ce‚
1705 2756 1845 2817 decernit

1143 2847 1303 2910 Vicorium
1324 2846 1580 2910 substituendum
1602 2847 1759 2927 dignitate
1783 2851 1845 2928 cpi·
1869 2883 1874 2892 ·

1139 2941 1258 3019 scopuli
1280 2940 1471 3019 insignitum
1493 2940 1547 3008 iri,
1568 2940 1707 3018 illudque
1728 2958 1845 3002 mutius

1140 3033 1308 3093 cominittit
1329 3031 1372 3112 fr.
1398 3031 1534 3093 ilenrico
1557 3031 1685 3111 anues
1717 3033 1845 3095 &dinis

1141 3125 1258 3188 Minor.
1287 3124 1390 3188 Obscr.
1415 3123 1445 3186 S.
1469 3125 1650 3190 Francisci.

1101 3309 1218 3378 Dilecto
1239 3311 1304 3376 tilio
1320 3309 1449 3375 henrico
1466 3304 1588 3392 hugues
1608 3312 1780 3393 prouinciali
1796 3313 1846 3378 ni-

1140 3407 1245 3564 miz
1259 3403 1329 3470 ttrd.
1354 3403 1497 3470 itinerum
1518 3401 1552 3468 S.
1570 3405 1727 3472 funden
1748 3405 1776 3470 in
1799 3405 1845 3470 lti-

1275 3680 1494 3749 eheeotttus
1516 3682 1577 3748 ΡΡ.
1603 3682 1674 3747 tttt.

1375 3869 1492 3935 dilecte
1514 3868 1573 3946 liti,

1135 3964 1264 4030 satutem
1287 3969 1318 4029 et
1339 3962 1537 4044 apostolicam
1560 3961 1811 4028 benedictionem.

1143 4153 1187 4214 Ite
1208 4151 1353 4214 universi
1375 4150 1526 4212 dominici
1546 4151 1654 4228 gregis
1670 4151 1772 4212 salute
1794 4167 1847 4211 ve-

1102 4247 1273 4308 hementer
1296 4245 1421 4316 soliciti,
1436 4243 1517 4306 nihil
1532 4243 1679 4305 inausum
1701 4244 1847 4320 nihilque

1102 4340 1308 4417 inexpertum
1331 4338 1517 4414 relinquere
1541 4338 1707 4407 debemus,
1731 4342 1766 4396 ut
1786 4337 1847 4414 spi-

1104 4433 1267 4494 ritualium
1281 4431 1538 4493 christifidelium
1554 4431 1639 4492 bono
1651 4446 1709 4509 pro
1724 4429 1847 4491 viribus

1104 4524 1319 4587 consulamus.

1142 4620 1160 4693 ἓ
1184 4617 1211 4678 l.
1236 4617 1343 4693 ltaque
1359 4631 1432 4677 cum
1449 4616 1481 4676 in
1498 4614 1720 4692 praesentibus
1736 4631 1847 4676 rerum

1103 4727 1137 4772 ac
1153 4717 1337 4788 temporum
1350 4709 1504 4770 adiunctis
1520 4709 1611 4769 nobis
1627 4707 1764 4770 relatum
1780 4709 1849 4770 fue·

1103 4805 1155 4876 rit,
1179 4803 1345 4880 religionis
1367 4802 1539 4863 catholicae
1560 4801 1644 4862 bono
1671 4801 1847 4878 plurimum

1104 4896 1257 4974 expedire
1285 4911 1389 4973 posse,
1420 4895 1445 4956 si
1474 4895 1507 4955 in
1533 4894 1681 4972 Calpensi
1709 4895 1847 4967 civitate,

1103 4989 1204 5066 vulgo
1225 4988 1392 5060 Gibraltar,
1417 4989 1507 5052 cuius
1530 4989 1678 5064 regimen
1705 4989 1849 5050 ecclesia-

1104 5083 1219 5144 sticum
1243 5081 1378 5159 simplici
1403 5083 1556 5143 hactenus
1586 5081 1775 5159 presbytero
1799 5081 1850 5144 Vi-

1104 5176 1178 5238 carii
1201 5175 1372 5253 Apostolici
1394 5175 1525 5236 titulum
1552 5174 1680 5236 habenti
1702 5175 1850 5235 commis-

1105 5286 1175 5331 sum
1199 5269 1268 5340 luit,
1293 5267 1437 5330 Vicarius
1458 5266 1659 5345 Apostolicus
1681 5268 1851 5346 episcopali

1106 5363 1260 5440 dignitate
1282 5361 1454 5438 insignitus
1477 5361 1699 5434 constituatur,
1717 5362 1771 5438 qui
1787 5377 1851 5422 am-

1106 5456 1199 5534 pliori
1222 5455 1409 5517 auctoritate
1426 5455 1459 5515 in
1473 5455 1526 5516 itta
1542 5455 1676 5531 regione
1691 5453 1851 5515 Ecclesiae

1106 5550 1234 5626 negotia
1257 5556 1357 5626 gerat,
1382 5566 1440 5610 nos
1462 5549 1501 5610 de
1523 5565 1620 5610 venn.
1645 5549 1780 5610 fratrum
1794 5564 1849 5608 no-

1106 5651 1248 5705 strorum
1262 5642 1293 5704 S.
1305 5643 1339 5704 R.
1351 5643 1386 5704 E.
1398 5641 1613 5704 Cardinalium
1627 5641 1765 5718 negotiis
1777 5643 1852 5702 Pro-

1108 5737 1267 5816 pagandae
1295 5737 1384 5799 Fidei
1413 5735 1668 5814 praepositorum
1698 5735 1849 5808 consilio,

1108 5830 1224 5892 dilecto
1253 5829 1320 5890 filio
1352 5829 1542 5907 presbytero
1571 5828 1688 5890 loanne
1716 5828 1852 5905 Baptista

1108 5922 1186 5986 Zino
1206 5939 1326 5985 munus
1343 5921 1522 5984 ac'titulum
1545 5921 1659 5986 Vioarii
1679 5919 1852 6002 Apostolici

1762 574 1819 635 ΞΗ
1871 575 1924 624 An.
1940 575 1968 624 G.
1992 575 2060 628 1838
