4828 6974
15 559 17 602 l

105 577 166 628 An.
183 580 224 634 G.
249 582 322 634 18³6

960 593 1134 642 audaculus
1156 597 1206 642 PP.
1231 593 1296 644 XVI.

353 721 574 792 cognosceret,
597 715 720 792 etquid
735 714 819 778 lactu
835 730 914 793 opus
930 721 1026 786 esset,
1044 731 1101 776 nos

353 810 506 871 certiores
527 815 671 871 accurate
693 808 855 870 redderet.

1157 713 1321 793 apostolici
1342 713 1453 776 Brevis
1475 713 1652 777 innocentii
1674 713 1726 776 XI.
1749 713 1904 776 submini-

1157 813 1277 870 stratur
1298 807 1412 870 lectori
1439 809 1752 884 controversiarum3
1776 816 1812 871 ut
1833 825 1904 886 pro-

111 908 173 968 ,ιιι
200 911 333 958 rasarone
391 901 461 976 52.
484 900 552 976 Ouo
568 902 623 964 ille
640 901 743 964 olllcio
759 900 958 980 perfunctus,
976 918 1037 981 qna
1051 919 1101 964 so·
1157 908 1285 962 curator
1307 902 1498 964 missionum
1521 902 1658 979 eligatur
1680 902 1718 963 iis
1741 903 1904 980 praeditus

92 965 267 1010 visitatoris.

353 994 398 1056 let
418 995 450 1056 in
465 995 564 1057 rebus
580 995 778 1072 gravissimis
793 995 976 1068 sedulitate,
994 995 1101 1058 studio

353 1095 384 1150 et
406 1089 586 1167 prudentia,
612 1088 728 1152 deinde
750 1089 842 1150 nobis
864 1095 1009 1168 peractae
1026 1089 1100 1150 visi-

352 1182 479 1244 tationis
512 1183 729 1244 narrationem
759 1181 844 1244 lecit.
876 1182 980 1243 Exci
1003 1197 1100 1261 porro

352 1282 482 1354 apparet
502 1276 536 1338 in
552 1276 611 1338 illa
633 1276 784 1353 religiosi
807 1277 902 1338 domo
918 1277 974 1352 qui
988 1277 1101 1352 vigent

353 1370 481 1443 abusus,
512 1386 593 1450 quae
624 1387 718 1450 saepe
750 1370 876 1449 saepius
909 1370 1100 1432 exoriuntur

354 1464 491 1536 dissidia,
515 1481 551 1526 ea
573 1465 743 1543 praecipue
766 1481 806 1527 ex
826 1465 1011 1542 importuna
1027 1464 1100 1526 dna-

354 1573 426 1620 rnm
447 1559 718 1620 communitatum
740 1557 971 1620 commixtione
987 1572 1100 1636 prove-

354 1651 435 1720 nire,
458 1648 588 1727 collegii
609 1650 760 1713 videlicet
787 1651 944 1712 iuvenum
967 1650 1004 1712 ad
1026 1650 1100 1712 mis-

355 1743 460 1805 siones
490 1744 777 1816 instituendorum,
802 1752 834 1806 et
855 1749 1043 1816 conventus,
1068 1744 1100 1804 in

355 1851 418 1912 prro
439 1837 585 1900 seniores
606 1837 674 1899 aliis
703 1838 812 1900 officiis
835 1843 867 1900 et
889 1839 1101 1916 occupationi·

355 1929 413 1991 bus
428 1937 505 1992 sant
519 1930 646 2002 addicti,
663 1930 854 2008 diversaque
870 1931 1024 1992 horarum
1040 1931 1101 1993 dis-

355 2023 530 2084 tributione
558 2024 606 2086 nti
631 2023 755 2100 solent;
777 2024 852 2087 inde
877 2025 1100 2087 contentiones

355 2123 387 2178 et
407 2116 490 2194 pacis
506 2123 601 2192 atque
619 2116 740 2178 ordinis
756 2116 965 2194 perturbatio,
983 2133 1100 2194 resque

355 2225 393 2270 eo
408 2210 572 2287 perducta,
590 2216 637 2282 ut,
654 2210 716 2272 nisi
731 2210 823 2272 malis
839 2211 985 2289 prompta
1001 2217 1033 2272 et
1049 2227 1101 2289 op·

355 2304 491 2380 portnna
520 2304 721 2382 providentii
751 2312 947 2377 occurratur,
979 2305 1101 2366 emolu-

355 2398 456 2458 menti
477 2397 533 2458 vix
548 2397 668 2474 aliquid
683 2398 720 2460 ad
736 2398 858 2460 bonum
875 2405 907 2459 et
922 2399 1102 2460 incremen-

356 2494 423 2550 tum
446 2490 613 2567 religionis
628 2491 751 2568 sperari
767 2491 902 2570 amplius
918 2507 958 2552 ex
974 2507 1012 2553 eo
1028 2491 1102 2552 mis-

354 2582 480 2645 sionum
503 2583 641 2660 collegio
664 2585 771 2662 possit.

125 2682 268 2744 nelliano
285 2683 337 2738 isso
395 2677 464 2752 §3-
489 2677 553 2740 Hoc
576 2693 687 2739 rerum
716 2683 800 2740 statu
823 2680 914 2740 nobis
937 2679 1103 2740 renuncia-

110 2740 261 2791 prnposvla.

358 2776 399 2842 to,
424 2771 646 2848 praelaudatus
674 2771 849 2834 cardinalis
871 2773 916 2842 ,ad
945 2772 1101 2834 rationem

356 2863 531 2936 descendit,
557 2879 653 2942 quam
675 2864 849 2928 ineundam
872 2872 970 2944 putat,
988 2873 1023 2926 ut
1043 2866 1103 2928 dis-

356 2957 560 3019 sensionibus
582 2959 654 3019 linis
676 2959 870 3036 imponatur,
888 2965 983 3036 atque
1002 2974 1103 3020 novae

356 3051 388 3112 in
410 3057 575 3129 posterum
600 3068 664 3114 non
686 3059 847 3129 exurgant
865 3059 1101 3132 praecaveatur,

355 3151 392 3206 ut
412 3145 528 3207 abusus
557 3145 712 3207 tollantur
735 3151 767 3207 et
789 3146 952 3225 disciplina
980 3146 1023 3208 ita
1044 3153 1103 3207 sta-

357 3245 474 3310 tuatur,
498 3244 534 3300 ut
555 3238 729 3316 collegium
752 3239 953 3312 missionum,
978 3241 1103 3318 dequo

356 3334 478 3408 agitur,
512 3332 712 3394 sanctissimo
741 3333 797 3394 sllli
826 3334 1034 3412 respondeat,
1065 3334 1103 3395 ad

357 3441 454 3504 quem
476 3425 538 3488 luit
555 3425 751 3488 institutum.
768 3425 930 3504 Optimum
946 3427 1046 3503 igitur
1061 3426 1103 3488 la-

357 3525 408 3580 ctu
430 3519 535 3580 videri
556 3519 617 3580 sihi
640 3519 725 3592 dicit,
743 3525 779 3580 at
800 3535 881 3596 quae
897 3536 955 3582 nos
970 3520 1030 3598 ipsi
1045 3535 1103 3598 pro

357 3617 518 3673 conventu
548 3619 580 3673 et
600 3611 738 3689 collegio
768 3611 799 3674 S.
824 3613 909 3674 Petri
941 3613 974 3674 in
997 3613 1102 3675 llonte

358 3704 465 3766 Aureo
498 3705 702 3766 decrevimus
734 3705 837 3768 literis
869 3714 1005 3779 nostris,
1041 3707 1103 3770 diei

357 3815 437 3859 xxn.
460 3799 567 3860 martii
588 3815 672 3860 anno
692 3815 930 3873 unoccxxxnr.,
953 3800 1104 3863 videlicet

356 3897 392 3952 ut
412 3891 450 3952 ab
473 3908 511 3954 eo
533 3897 695 3954 conventu
717 3893 859 3956 studium
883 3893 1103 3972 philosophiae

356 3991 595 4058 removeretur,
618 3985 710 4062 isque
738 4001 836 4048 unam
864 4003 937 4048 cum
966 3987 1104 4066 collegio

358 4077 508 4140 lamiliam
530 4079 729 4142 constituens
751 4097 767 4141 a
788 4079 926 4142 Romana
942 4082 1104 4159 provincia

357 4179 571 4250 separaretur,
598 4179 634 4234 ut
655 4173 711 4234 nni
739 4172 934 4236 subderetur
956 4174 988 4235 P.
1012 4176 1105 4237 mini-

357 4271 424 4326 stro
453 4281 510 4328 seu
537 4266 657 4328 vicario
687 4265 831 4342 generali
855 4265 981 4328 Ordinis
1007 4269 1105 4330 llino-

358 4373 429 4420 rnm
453 4359 492 4421 de
507 4357 714 4421 observantia
729 4359 952 4422 Cismontanae
968 4361 1105 4424 familiae

358 4468 430 4514 cum
446 4452 661 4531 dependentia
675 4471 690 4514 a
706 4452 965 4530 Congregatione
981 4455 1019 4516 de
1032 4455 1106 4518 Pro-

359 4545 499 4624 paganus
517 4545 605 4618 Fide,
624 4561 704 4623 quae
719 4545 797 4608 item
813 4546 894 4608 circa
909 4549 1106 4610 administra-

360 4639 491 4712 tionem,
516 4649 549 4701 et
569 4640 669 4700 vitam
695 4654 902 4702 communem
932 4641 1106 4718 perlectam

359 4732 479 4794 ibidem
510 4733 744 4811 praecepimus
776 4734 887 4795 eadem
920 4736 1026 4796 omnia
1048 4751 1106 4814 pro

358 4831 520 4887 conventu
540 4824 571 4887 S.
590 4825 826 4888 bartholomaei
841 4833 1029 4890 statuamus.
1046 4829 1107 4892 hd-

360 4919 405 4980 dit
425 4919 475 4980 his
496 4918 674 4981 cardinalis
698 4920 843 4981 visitator
871 4920 930 4982 alia
952 4922 1106 4998 quaedam

360 5013 573 5086 decernenda,
603 5013 764 5086 videlicet,
787 5021 824 5076 nt
852 5015 1031 5092 praedictus
1054 5032 1107 5094 ge-

360 5107 476 5168 neralis
498 5105 658 5169 cardinali
679 5107 712 5168 in
741 5106 827 5170 Urbe
848 5107 973 5170 Vicario
996 5115 1107 5172 nostro

361 5199 505 5276 generali
534 5205 718 5278 praesentet
738 5201 930 5277 religiosum
952 5202 1105 5276 doctrina,

360 5292 488 5370 pietate,
505 5293 687 5370 ceterisque
706 5293 834 5356 dotibus
849 5299 1009 5367 ornatum,
1026 5309 1108 5372 quae

360 5387 397 5448 ad
419 5386 600 5464 paroeciam
629 5385 660 5448 S.
685 5386 921 5448 Bartholomaei
949 5387 1108 5451 ininsula

361 5479 485 5540 'liberis
507 5478 591 5540 bene
613 5479 789 5556 regendam
812 5481 1009 5542 necessariae
1025 5481 1106 5556 sint;

361 5579 397 5633 ut
417 5572 529 5634 lectori
552 5573 734 5650 theologiae
749 5573 891 5646 moralis
908 5589 1005 5651 quem
1021 5573 1054 5635 in
1070 5591 1108 5636 eo

361 5665 498 5741 collegio
509 5665 743 5728 instituendum
755 5665 971 5744 Congregatio
983 5667 1022 5729 de
1034 5667 1109 5728 Pro·

362 5759 503 5836 pagandi
525 5758 601 5820 Fide
617 5759 751 5838 provide
766 5759 921 5833 decrevit,
939 5777 955 5820 a
970 5760 1002 5821 P.
1016 5759 1109 5822 Gom-

361 5850 508 5911 missario
531 5851 649 5913 Terrae
671 5849 803 5914 Sanctae
821 5853 854 5913 in
869 5851 955 5914 Urbe
970 5853 1110 5930 degente

334 6009 337 6016 ,
361 5943 850 6020 vestiariumsubministretur,
874 5951 971 6026 prout
995 5947 1110 6024 vigore

1158 995 1297 1062 dotibus.
1327 1011 1408 1074 qnae
1435 996 1470 1058 in
1497 995 1727 1058 constitutione
1756 995 1905 1058 Clemen-

1158 1089 1197 1149 tis
1219 1088 1270 1150 Xl.
1305 1085 1469 1150 Commissi
1497 1087 1587 1153 nobis
1618 1090 1839 1167 assignantur3
1870 1097 1906 1152 nt

1158 1197 1317 1260 expensae
1338 1182 1463 1244 itineris
1486 1183 1572 1260 cpnod
1589 1183 1734 1260 religiosi
1749 1183 1872 1246 alumni
1888 1201 1905 1246 e

1157 1275 1345 1353 respectivis
1368 1276 1541 1354 provinciis
1563 1277 1601 1338 ad
1617 1275 1792 1354 collegium
1807 1277 1905 1339 susci-

1158 1384 1234 1446 pere
1256 1368 1375 1430 debent
1396 1369 1481 1432 inter
1503 1376 1701 1432 conventum
1725 1369 1756 1432 S.
1774 1371 1905 1432 Bartho-

1157 1461 1273 1524 lomaei
1295 1469 1328 1524 et
1349 1464 1381 1524 P.
1405 1463 1669 1526 Commissarinm
1692 1465 1809 1526 Terrae
1830 1464 1904 1526 San-

1156 1563 1223 1618 ctae
1245 1556 1421 1634 aequaliter
1443 1557 1636 1620 dividantur.
1661 1557 1801 1620 Tandem
1818 1566 1854 1620 ut
1868 1560 1905 1622 ad

1157 1649 1284 1727 plenam
1308 1650 1542 1712 observantiam
1566 1651 1654 1712 omni
1677 1667 1716 1712 ex
1735 1660 1823 1730 parte
1838 1661 1924 1714 sae·

1156 1744 1227 1822 pius
1242 1745 1374 1806 citatum
1389 1745 1651 1823 providissimum
1663 1744 1904 1808 Clementinum

1156 1839 1260 1900 Breve
1284 1836 1447 1900 Commissi
1468 1835 1558 1902 uobis
1579 1845 1763 1902 revocetur.

1196 1935 1215 2008 ἓ
1237 1932 1265 1993 l.
1289 1931 1353 1993 Nos
1375 1933 1475 2008 igitur
1490 1933 1528 1994 ad
1544 1950 1579 1994 ea
1594 1934 1807 2004 attendentes.
1823 1950 1904 2011 quae
1938 1953 2012 1997 vulva
2025 1952 2137 1998 visitato

1158 2027 1197 2088 de
1218 2031 1302 2088 statu
1324 2025 1453 2102 collegii
1475 2028 1556 2104 apud
1574 2026 1604 2088 S.
1622 2027 1904 2090 Bartholomaeum
1925 2005 2137 2114 ff33¹322¹p¹3¹ffil¹f'‘

1158 2120 1190 2180 in
1219 2119 1322 2180 insula
1353 2118 1445 2180 Card.
1470 2119 1620 2182 visitator
1653 2120 1816 2200 explicuit,
1842 2139 1905 2184 ma-

1160 2220 1231 2274 ture
1251 2212 1346 2274 etiam
1361 2213 1529 2291 perpensis
1546 2229 1627 2290 qnae
1641 2214 1772 2276 utillud
1787 2216 1824 2277 ad
1840 2233 1906 2277 me-

1158 2307 1274 2368 liorem
1304 2306 1451 2368 ordinem
1479 2315 1652 2370 revocetur
1681 2315 1770 2386 putat
1798 2311 1907 2372 decer-

1158 2400 1273 2470 nenda,
1297 2399 1328 2461 id
1351 2400 1479 2462 tandem
1501 2400 1626 2462 consilii
1647 2401 1791 2480 cepimus
1813 2409 1850 2464 ut
1864 2403 1906 2464 ei-

1159 2492 1233 2554 dem
1255 2492 1392 2569 collegio
1414 2492 1624 2570 opitulemur,
1641 2495 1727 2571 quod
1742 2497 1907 2574 pastoralis

1160 2585 1253 2648 ollicii
1268 2586 1369 2647 nostri
1385 2587 1465 2648 ratio
1483 2587 1632 2664 postulat,
1647 2589 1743 2650 modo
1759 2606 1792 2650 ac
1803 2589 1906 2651 lormi

1159 2678 1197 2740 ab
1220 2679 1334 2742 eodem
1355 2679 1521 2741 visitatore
1551 2681 1731 2759 propositis.
1755 2681 1907 2755 Quocirca

1159 2788 1217 2849 per
1240 2778 1424 2850 praesentes
1441 2773 1549 2834 literas
1564 2775 1735 2836 statuimus
1750 2783 1846 2852 atque
1860 2778 1907 2840 iu·

1160 2863 1285 2935 bernus,
1309 2871 1345 2925 ut
1372 2874 1552 2928 conventus
1580 2868 1662 2946 apud
1686 2867 1717 2930 S.
1742 2869 1907 2932 Bartholo-

1160 2973 1287 3018 maeum
1315 2957 1349 3020 in
1378 2959 1482 3020 insula
1511 2959 1644 3032 riseris,
1673 2960 1728 3038 qui
1753 2961 1906 3025 hactenus

1160 3051 1343 3130 provinciae
1364 3052 1524 3115 Romanae
1539 3053 1676 3116 fratrum
1691 3055 1852 3118 llinorum
1868 3058 1907 3120 de

1159 3144 1366 3207 Observantia
1388 3145 1529 3208 addictus
1552 3146 1623 3220 luit,
1641 3154 1674 3208 et
1693 3148 1761 3210 eins
1777 3151 1906 3228 provin·

1159 3240 1228 3302 ciali
1250 3239 1365 3318 paruit,
1389 3240 1426 3301 ad
1448 3241 1595 3302 eamdem
1617 3243 1754 3320 amplius
1777 3245 1905 3322 provin-

1159 3334 1239 3395 ciam
1271 3349 1336 3394 non
1369 3333 1538 3411 pertineat,
1569 3351 1584 3396 a
1613 3351 1674 3411 qna
1702 3336 1820 3399 idcirco
1849 3353 1906 3416 per

1160 3433 1344 3505 praesentes
1360 3433 1517 3506 perpetuo
1533 3427 1747 3505 seiungimus
1765 3447 1907 3508 eumque

1159 3521 1329 3582 statuimus
1344 3521 1404 3582 suh
1419 3522 1601 3584 immediata
1617 3523 1713 3601 patris
1729 3523 1836 3585 vicarii
1853 3527 1907 3586 vel

1160 3614 1299 3676 ministri
1322 3614 1481 3690 generalis
1509 3612 1636 3676 Ordinis
1665 3615 1826 3678 Minorum
1848 3617 1907 3680 Ob-

1159 3707 1338 3769 servantiae
1360 3707 1584 3770 Cismontanae
1600 3709 1738 3772 familiae
1753 3727 1811 3788 pro
1826 3719 1907 3774 tem·

1160 3817 1237 3878 pore
1266 3801 1434 3862 existentis
1462 3801 1694 3876 iurisdictione,
1719 3810 1755 3866 nt
1782 3805 1852 3866 eius
1873 3805 1906 3867 in

1160 3899 1325 3972 posterum
1348 3895 1481 3956 consilio
1504 3899 1536 3956 et
1553 3895 1691 3974 imperio
1706 3897 1907 3960 administre-

1160 3993 1223 4058 tur,
1248 3987 1412 4048 ettamen
1440 3987 1514 4064 lege
1537 3995 1581 4060 ut,
1606 3989 1732 4066 quoties
1760 3991 1799 4052 de
1821 4006 1907 4054 novo

1162 4080 1336 4156 guardiano
1353 4079 1502 4157 eligendo
1517 4097 1608 4144 casus
1623 4083 1800 4156 advenerit,
1818 4101 1907 4162 prae-

1161 4174 1262 4235 dictus
1285 4181 1374 4252 pater
1388 4173 1527 4236 vicarius
1542 4175 1595 4237 vel
1610 4177 1759 4237 minister
1775 4193 1907 4253 genera-

1161 4266 1199 4328 lis
1221 4266 1389 4343 negotium
1411 4266 1472 4329 hoc
1486 4275 1558 4345 agat
1572 4269 1661 4348 prius
1676 4286 1749 4332 cum
1765 4261 1907 4348 Congre-

1162 4361 1289 4437 gatione
1311 4362 1350 4423 de
1372 4361 1575 4440 Propagandi
1597 4362 1683 4436 Fide,
1707 4369 1744 4426 ut
1765 4365 1800 4426 ei
1822 4382 1907 4427 acce·

1161 4461 1269 4532 ptante
1291 4460 1323 4516 et
1343 4455 1566 4517 consentiente
1588 4472 1691 4518 novus
1714 4459 1907 4534 guardianns

1162 4547 1267 4610 eidem
1283 4549 1456 4610 conventui
1472 4549 1692 4626 praestolatum
1709 4551 1742 4613 in
1758 4552 1908 4614 omnibns

1162 4647 1327 4718 praeterea
1355 4649 1527 4718 quactum
1550 4651 1728 4706 conventus
1755 4651 1824 4708 tum
1846 4645 1908 4708 col-

1162 4734 1239 4810 legii
1260 4733 1458 4812 disciplinam
1481 4741 1513 4796 et
1533 4736 1663 4813 negotia
1682 4745 1826 4816 spectare
1840 4746 1909 4817 pot-

1162 4833 1269 4898 erunt,
1286 4827 1324 4889 ad
1340 4828 1486 4889 eamdem
1500 4826 1794 4906 congregationem
1809 4847 1844 4892 se
1859 4848 1908 4894 re-

1163 4919 1244 4981 ferat
1266 4925 1328 4981 tam
1350 4920 1436 4982 idern
1459 4928 1548 5000 pater
1571 4924 1730 4999 generalis
1746 4940 1842 5001 quam
1858 4941 1909 5003 pa-

1163 5020 1213 5075 ter
1235 5014 1439 5090 guardianus.
1463 5013 1544 5077 (lum
1565 5023 1673 5078 antem
1688 5017 1715 5078 is
1730 5018 1822 5080 nobis
1837 5035 1909 5097 pro-

1163 5107 1285 5184 positus
1300 5107 1341 5167 sit
1355 5107 1439 5179 finis,
1453 5113 1490 5168 nt
1503 5115 1682 5171 conventus
1699 5108 1730 5172 S.
1745 5111 1909 5174 Bartholo-

1163 5200 1256 5272 maei,
1279 5215 1376 5276 quem
1399 5216 1495 5262 unam
1517 5218 1590 5263 oum
1606 5202 1743 5280 collegio
1757 5204 1909 5265 familiam

1164 5294 1334 5356 efformare
1363 5293 1525 5366 volumus,
1549 5295 1721 5359 iuvenibus
1750 5298 1909 5374 religiosis

1163 5387 1201 5448 ad
1220 5402 1338 5448 munus
1354 5387 1515 5450 missionis
1530 5389 1735 5452 instituendis
1750 5390 1910 5452 inservire

1164 5486 1288 5542 tantum
1310 5481 1433 5554 debeat,
1458 5489 1494 5543 ut
1515 5483 1618 5544 omnis
1634 5500 1725 5545 causa
1740 5484 1832 5556 absit,
1849 5498 1910 5560 qna

1164 5574 1236 5634 linis
1255 5573 1314 5636 iste
1328 5574 1382 5637 vel
1396 5575 1544 5655 intercipi
1559 5576 1613 5638 vel
1628 5577 1783 5639 retardari
1798 5578 1907 5656 possit,

1165 5666 1376 5745 praecipimus
1399 5675 1431 5729 et
1451 5668 1651 5745 iniungimus
1681 5669 1786 5731 eidem
1808 5670 1841 5731 P.
1864 5671 1910 5730 vi-

1165 5761 1249 5822 cario
1266 5761 1409 5837 generali
1423 5767 1469 5834 nt,
1487 5776 1582 5838 quam
1598 5763 1739 5840 primum
1755 5763 1826 5824 lieri
1842 5779 1910 5841 pos-

1165 5853 1216 5926 sit,
1240 5855 1383 5916 studium
1406 5854 1626 5933 philosophiae
1641 5855 1679 5916 ab
1695 5871 1733 5917 eo
1748 5861 1911 5918 conventu

1168 5953 1336 6009 removeat
1355 5953 1388 6008 et
1409 5953 1510 6020 curet,
1534 5953 1570 6010 nt
1585 5962 1666 6027 quos
1680 5947 1850 6026 religiosos
1865 5949 1911 6012 vi-

1828 576 1885 642 163
1933 577 1988 634 An.
2002 579 2032 634 (l.
2054 581 2123 635 lead
