<?xml version="1.0" encoding="UTF-8"?>
<!DOCTYPE html PUBLIC "-//W3C//DTD XHTML 1.0 Transitional//EN"
    "http://www.w3.org/TR/xhtml1/DTD/xhtml1-transitional.dtd">
<html xmlns="http://www.w3.org/1999/xhtml" xml:lang="en" lang="en">
 <head>
  <title>
</title>
<meta http-equiv="Content-Type" content="text/html;charset=utf-8" />
  <meta name='ocr-system' content='tesseract 3.04.00' />
  <meta name='ocr-capabilities' content='ocr_page ocr_carea ocr_par ocr_line ocrx_word'/>
</head>
<body>
  <div class='ocr_page' id='page_1' title='image "./iurispontificii01martgoog_0211.png"; bbox 0 0 4788 6980; ppageno 0'>
   <div class='ocr_carea' id='block_1_1' title="bbox 81 4058 253 4102">
    <p class='ocr_par' dir='ltr' id='par_1_1' title="bbox 81 4058 253 4102">
     <span class='ocr_line' id='line_1_1' title="bbox 81 4058 253 4102; baseline 0 -2"><span class='ocrx_word' id='word_1_1' title='bbox 81 4059 169 4102; x_wconf 88' lang='lat' dir='ltr'><strong>siones</strong></span> <span class='ocrx_word' id='word_1_2' title='bbox 185 4058 208 4102; x_wconf 89' lang='lat' dir='ltr'><strong>S.</strong></span> <span class='ocrx_word' id='word_1_3' title='bbox 227 4060 253 4102; x_wconf 86' lang='lat' dir='ltr'><strong>P.</strong></span> 
     </span>
    </p>
   </div>
   <div class='ocr_carea' id='block_1_2' title="bbox 927 603 1263 650">
    <p class='ocr_par' dir='ltr' id='par_1_2' title="bbox 927 603 1263 650">
     <span class='ocr_line' id='line_1_2' title="bbox 927 603 1263 650; baseline 0.003 -2"><span class='ocrx_word' id='word_1_4' title='bbox 927 603 1101 650; x_wconf 78' lang='lat' dir='ltr'><strong>obboonlus</strong></span> <span class='ocrx_word' id='word_1_5' title='bbox 1123 606 1173 649; x_wconf 74' lang='grc' dir='ltr'>ΡΙ).</span> <span class='ocrx_word' id='word_1_6' title='bbox 1198 606 1263 649; x_wconf 84' lang='lat' dir='ltr'><strong>xvi.</strong></span> 
     </span>
    </p>
   </div>
   <div class='ocr_carea' id='block_1_3' title="bbox 322 716 1069 3502">
    <p class='ocr_par' dir='ltr' id='par_1_3' title="bbox 322 716 1069 3502">
     <span class='ocr_line' id='line_1_3' title="bbox 325 716 1068 782; baseline 0.009 -7"><span class='ocrx_word' id='word_1_7' title='bbox 325 716 379 776; x_wconf 92' lang='lat' dir='ltr'><strong>hra</strong></span> <span class='ocrx_word' id='word_1_8' title='bbox 402 717 513 778; x_wconf 91' lang='lat' dir='ltr'><strong>mortis</strong></span> <span class='ocrx_word' id='word_1_9' title='bbox 536 719 573 780; x_wconf 90' lang='lat' dir='ltr'><strong>ad</strong></span> <span class='ocrx_word' id='word_1_10' title='bbox 602 719 774 781; x_wconf 88' lang='lat' dir='ltr'><strong>catholicae</strong></span> <span class='ocrx_word' id='word_1_11' title='bbox 796 721 955 782; x_wconf 79' lang='lat' dir='ltr'><strong>Ecclesiae</strong></span> <span class='ocrx_word' id='word_1_12' title='bbox 985 720 1068 782; x_wconf 90' lang='lat' dir='ltr'><strong>veri-</strong></span> 
     </span>
     <span class='ocr_line' id='line_1_4' title="bbox 326 811 1067 892; baseline 0.009 -22"><span class='ocrx_word' id='word_1_13' title='bbox 326 817 420 871; x_wconf 87' lang='lat' dir='ltr'><strong>tatem</strong></span> <span class='ocrx_word' id='word_1_14' title='bbox 443 811 613 889; x_wconf 90' lang='lat' dir='ltr'><strong>lucemque</strong></span> <span class='ocrx_word' id='word_1_15' title='bbox 641 813 901 886; x_wconf 89' lang='lat' dir='ltr'><strong>traducerentur,</strong></span> <span class='ocrx_word' id='word_1_16' title='bbox 934 829 1067 892; x_wconf 82' lang='lat' dir='ltr'><strong>quisque</strong></span> 
     </span>
     <span class='ocr_line' id='line_1_5' title="bbox 325 905 1069 985; baseline 0.005 -19"><span class='ocrx_word' id='word_1_17' title='bbox 325 913 432 968; x_wconf 89' lang='grc'><strong>131666</strong></span> <span class='ocrx_word' id='word_1_18' title='bbox 464 905 590 982; x_wconf 80' lang='lat' dir='ltr'>assequi</span> <span class='ocrx_word' id='word_1_19' title='bbox 621 907 804 968; x_wconf 86' lang='grc'><strong>6661661613</strong></span> <span class='ocrx_word' id='word_1_20' title='bbox 838 915 959 985; x_wconf 91' lang='lat' dir='ltr'><strong>potest,</strong></span> <span class='ocrx_word' id='word_1_21' title='bbox 990 915 1069 984; x_wconf 91' lang='lat' dir='ltr'><strong>quot</strong></span> 
     </span>
     <span class='ocr_line' id='line_1_6' title="bbox 323 987 1068 1076; baseline 0.004 -18"><span class='ocrx_word' id='word_1_22' title='bbox 323 987 514 1075; x_wconf 90' lang='lat' dir='ltr'><strong>quantisque</strong></span> <span class='ocrx_word' id='word_1_23' title='bbox 537 998 775 1076; x_wconf 80' lang='lat' dir='ltr'>impedimentis</span> <span class='ocrx_word' id='word_1_24' title='bbox 795 1000 854 1060; x_wconf 92' lang='lat' dir='ltr'><strong>sub</strong></span> <span class='ocrx_word' id='word_1_25' title='bbox 881 1001 1012 1061; x_wconf 91' lang='lat' dir='ltr'><strong>immani</strong></span> <span class='ocrx_word' id='word_1_26' title='bbox 1035 1017 1068 1061; x_wconf 92' lang='grc'><strong>36</strong></span> 
     </span>
     <span class='ocr_line' id='line_1_7' title="bbox 323 1092 1067 1172; baseline 0.005 -21"><span class='ocrx_word' id='word_1_27' title='bbox 323 1092 545 1168; x_wconf 87' lang='lat' dir='ltr'><strong>superstitioso</strong></span> <span class='ocrx_word' id='word_1_28' title='bbox 573 1093 752 1154; x_wconf 87' lang='lat' dir='ltr'><strong>infidelium</strong></span> <span class='ocrx_word' id='word_1_29' title='bbox 778 1093 915 1172; x_wconf 89' lang='lat' dir='ltr'><strong>imperio</strong></span> <span class='ocrx_word' id='word_1_30' title='bbox 943 1111 1067 1155; x_wconf 90' lang='lat' dir='ltr'><strong>sacrum</strong></span> 
     </span>
     <span class='ocr_line' id='line_1_8' title="bbox 323 1185 1067 1263; baseline 0.004 -18"><span class='ocrx_word' id='word_1_31' title='bbox 323 1192 529 1246; x_wconf 79' lang='lat' dir='ltr'><strong>coerceretur</strong></span> <span class='ocrx_word' id='word_1_32' title='bbox 544 1185 772 1258; x_wconf 90' lang='lat' dir='ltr'><strong>ministerium,</strong></span> <span class='ocrx_word' id='word_1_33' title='bbox 787 1195 819 1247; x_wconf 91' lang='lat' dir='ltr'><strong>et</strong></span> <span class='ocrx_word' id='word_1_34' title='bbox 841 1203 934 1263; x_wconf 88' lang='lat' dir='ltr'><strong>quarn</strong></span> <span class='ocrx_word' id='word_1_35' title='bbox 955 1194 1067 1248; x_wconf 91' lang='lat' dir='ltr'><strong>tenues</strong></span> 
     </span>
     <span class='ocr_line' id='line_1_9' title="bbox 324 1278 1067 1358; baseline 0.004 -20"><span class='ocrx_word' id='word_1_36' title='bbox 324 1278 447 1344; x_wconf 89' lang='lat' dir='ltr'><strong>fructus</strong></span> <span class='ocrx_word' id='word_1_37' title='bbox 477 1279 679 1356; x_wconf 88' lang='lat' dir='ltr'><strong>evangelicae</strong></span> <span class='ocrx_word' id='word_1_38' title='bbox 702 1279 865 1342; x_wconf 89' lang='lat' dir='ltr'><strong>doctrinae</strong></span> <span class='ocrx_word' id='word_1_39' title='bbox 894 1297 1067 1358; x_wconf 83' lang='lat' dir='ltr'><strong>praecones</strong></span> 
     </span>
     <span class='ocr_line' id='line_1_10' title="bbox 324 1369 1067 1448; baseline 0.005 -18"><span class='ocrx_word' id='word_1_40' title='bbox 324 1371 361 1431; x_wconf 93' lang='lat' dir='ltr'><strong>ab</strong></span> <span class='ocrx_word' id='word_1_41' title='bbox 384 1377 492 1432; x_wconf 91' lang='lat' dir='ltr'><strong>nostra</strong></span> <span class='ocrx_word' id='word_1_42' title='bbox 507 1369 765 1448; x_wconf 73' lang='lat' dir='ltr'><strong>congregatione</strong></span> <span class='ocrx_word' id='word_1_43' title='bbox 780 1373 971 1434; x_wconf 81' lang='lat' dir='ltr'><strong>christianae</strong></span> <span class='ocrx_word' id='word_1_44' title='bbox 994 1373 1067 1434; x_wconf 90' lang='lat' dir='ltr'><strong>fidei</strong></span> 
     </span>
     <span class='ocr_line' id='line_1_11' title="bbox 325 1464 1067 1544; baseline 0.007 -21"><span class='ocrx_word' id='word_1_45' title='bbox 325 1465 544 1541; x_wconf 76' lang='lat' dir='ltr'><strong>propagandae</strong></span> <span class='ocrx_word' id='word_1_46' title='bbox 566 1464 642 1526; x_wconf 92' lang='lat' dir='ltr'><strong>illuc</strong></span> <span class='ocrx_word' id='word_1_47' title='bbox 658 1465 747 1526; x_wconf 93' lang='lat' dir='ltr'><strong>missi</strong></span> <span class='ocrx_word' id='word_1_48' title='bbox 770 1482 809 1527; x_wconf 90' lang='lat' dir='ltr'><strong>ex</strong></span> <span class='ocrx_word' id='word_1_49' title='bbox 831 1466 1009 1544; x_wconf 89' lang='lat' dir='ltr'><strong>apostolicis</strong></span> <span class='ocrx_word' id='word_1_50' title='bbox 1026 1467 1067 1528; x_wconf 90' lang='lat' dir='ltr'><strong>la-</strong></span> 
     </span>
     <span class='ocr_line' id='line_1_12' title="bbox 326 1557 1066 1621; baseline 0.007 -5"><span class='ocrx_word' id='word_1_51' title='bbox 326 1557 455 1618; x_wconf 90' lang='lat' dir='ltr'><strong>boribus</strong></span> <span class='ocrx_word' id='word_1_52' title='bbox 471 1558 592 1619; x_wconf 88' lang='lat' dir='ltr'><strong>dudum</strong></span> <span class='ocrx_word' id='word_1_53' title='bbox 613 1559 779 1620; x_wconf 84' lang='lat' dir='ltr'><strong>exantlatis</strong></span> <span class='ocrx_word' id='word_1_54' title='bbox 804 1560 980 1620; x_wconf 85' lang='lat' dir='ltr'><strong>haurirent.</strong></span> <span class='ocrx_word' id='word_1_55' title='bbox 1006 1558 1066 1621; x_wconf 89' lang='lat' dir='ltr'><strong>Sed</strong></span> 
     </span>
     <span class='ocr_line' id='line_1_13' title="bbox 324 1649 1067 1714; baseline 0.005 -4"><span class='ocrx_word' id='word_1_56' title='bbox 324 1649 514 1712; x_wconf 82' lang='lat' dir='ltr'><strong>faustissime</strong></span> <span class='ocrx_word' id='word_1_57' title='bbox 537 1652 664 1713; x_wconf 88' lang='lat' dir='ltr'><strong>tandem</strong></span> <span class='ocrx_word' id='word_1_58' title='bbox 686 1651 794 1713; x_wconf 92' lang='lat' dir='ltr'><strong>illuxit</strong></span> <span class='ocrx_word' id='word_1_59' title='bbox 815 1651 881 1714; x_wconf 88' lang='lat' dir='ltr'><strong>dies</strong></span> <span class='ocrx_word' id='word_1_60' title='bbox 909 1652 1067 1714; x_wconf 90' lang='lat' dir='ltr'><strong>bonorum</strong></span> 
     </span>
     <span class='ocr_line' id='line_1_14' title="bbox 324 1743 1067 1822; baseline 0.007 -20"><span class='ocrx_word' id='word_1_61' title='bbox 324 1743 469 1804; x_wconf 90' lang='lat' dir='ltr'><strong>omnium</strong></span> <span class='ocrx_word' id='word_1_62' title='bbox 485 1744 567 1804; x_wconf 90' lang='lat' dir='ltr'><strong>votis</strong></span> <span class='ocrx_word' id='word_1_63' title='bbox 583 1745 731 1822; x_wconf 86' lang='lat' dir='ltr'><strong>expetita,</strong></span> <span class='ocrx_word' id='word_1_64' title='bbox 748 1745 782 1806; x_wconf 93' lang='lat' dir='ltr'><strong>in</strong></span> <span class='ocrx_word' id='word_1_65' title='bbox 801 1761 861 1822; x_wconf 90' lang='lat' dir='ltr'><strong>qua</strong></span> <span class='ocrx_word' id='word_1_66' title='bbox 877 1745 1067 1807; x_wconf 83' lang='lat' dir='ltr'><strong>fortissimae</strong></span> 
     </span>
     <span class='ocr_line' id='line_1_15' title="bbox 323 1835 1066 1915; baseline 0.004 -19"><span class='ocrx_word' id='word_1_67' title='bbox 323 1835 486 1897; x_wconf 86' lang='lat' dir='ltr'><strong>Gallorum</strong></span> <span class='ocrx_word' id='word_1_68' title='bbox 499 1837 606 1915; x_wconf 89' lang='lat' dir='ltr'><strong>copiae</strong></span> <span class='ocrx_word' id='word_1_69' title='bbox 616 1837 727 1898; x_wconf 90' lang='lat' dir='ltr'><strong>luliam</strong></span> <span class='ocrx_word' id='word_1_70' title='bbox 736 1838 921 1900; x_wconf 84' lang='lat' dir='ltr'><strong>Caesaream</strong></span> <span class='ocrx_word' id='word_1_71' title='bbox 934 1839 966 1899; x_wconf 96' lang='lat' dir='ltr'><strong>in</strong></span> <span class='ocrx_word' id='word_1_72' title='bbox 978 1855 1066 1900; x_wconf 88' lang='lat' dir='ltr'><strong>suam</strong></span> 
     </span>
     <span class='ocr_line' id='line_1_16' title="bbox 324 1931 1067 2010; baseline 0.004 -20"><span class='ocrx_word' id='word_1_73' title='bbox 324 1935 513 2006; x_wconf 90' lang='lat' dir='ltr'><strong>potestatem</strong></span> <span class='ocrx_word' id='word_1_74' title='bbox 535 1931 745 2007; x_wconf 87' lang='lat' dir='ltr'><strong>redegerunt,</strong></span> <span class='ocrx_word' id='word_1_75' title='bbox 762 1931 923 2009; x_wconf 90' lang='lat' dir='ltr'><strong>simulque</strong></span> <span class='ocrx_word' id='word_1_76' title='bbox 940 1932 1067 2010; x_wconf 87' lang='grc'><strong>1116363-</strong></span> 
     </span>
     <span class='ocr_line' id='line_1_17' title="bbox 324 2021 1066 2102; baseline 0.004 -19"><span class='ocrx_word' id='word_1_77' title='bbox 324 2021 395 2083; x_wconf 91' lang='lat' dir='ltr'><strong>dem</strong></span> <span class='ocrx_word' id='word_1_78' title='bbox 436 2023 589 2084; x_wconf 90' lang='lat' dir='ltr'><strong>catholica</strong></span> <span class='ocrx_word' id='word_1_79' title='bbox 621 2024 737 2101; x_wconf 91' lang='lat' dir='ltr'><strong>religio</strong></span> <span class='ocrx_word' id='word_1_80' title='bbox 769 2024 1066 2102; x_wconf 91' lang='lat' dir='ltr'><strong>splendidissimum</strong></span> 
     </span>
     <span class='ocr_line' id='line_1_18' title="bbox 325 2115 1066 2193; baseline 0.003 -17"><span class='ocrx_word' id='word_1_81' title='bbox 325 2115 467 2193; x_wconf 89' lang='lat' dir='ltr'><strong>profecto</strong></span> <span class='ocrx_word' id='word_1_82' title='bbox 497 2117 536 2177; x_wconf 93' lang='lat' dir='ltr'><strong>de</strong></span> <span class='ocrx_word' id='word_1_83' title='bbox 567 2117 729 2178; x_wconf 90' lang='lat' dir='ltr'><strong>christiani</strong></span> <span class='ocrx_word' id='word_1_84' title='bbox 759 2119 897 2180; x_wconf 93' lang='lat' dir='ltr'><strong>nominis</strong></span> <span class='ocrx_word' id='word_1_85' title='bbox 930 2119 1066 2180; x_wconf 90' lang='lat' dir='ltr'><strong>inimicis</strong></span> 
     </span>
     <span class='ocr_line' id='line_1_19' title="bbox 324 2209 1066 2287; baseline 0.011 -19"><span class='ocrx_word' id='word_1_86' title='bbox 324 2209 428 2285; x_wconf 80' lang='lat' dir='ltr'><strong>egisse</strong></span> <span class='ocrx_word' id='word_1_87' title='bbox 457 2209 658 2287; x_wconf 89' lang='lat' dir='ltr'><strong>triumphum</strong></span> <span class='ocrx_word' id='word_1_88' title='bbox 687 2211 754 2272; x_wconf 90' lang='lat' dir='ltr'><strong>visa</strong></span> <span class='ocrx_word' id='word_1_89' title='bbox 775 2219 833 2274; x_wconf 92' lang='lat' dir='ltr'><strong>est.</strong></span> <span class='ocrx_word' id='word_1_90' title='bbox 865 2213 958 2274; x_wconf 82' lang='lat' dir='ltr'><strong>Enim</strong></span> <span class='ocrx_word' id='word_1_91' title='bbox 988 2229 1066 2276; x_wconf 90' lang='lat' dir='ltr'><strong>vero</strong></span> 
     </span>
     <span class='ocr_line' id='line_1_20' title="bbox 323 2302 1066 2382; baseline 0.008 -20"><span class='ocrx_word' id='word_1_92' title='bbox 323 2302 400 2363; x_wconf 92' lang='grc'><strong>13616</strong></span> <span class='ocrx_word' id='word_1_93' title='bbox 422 2317 532 2364; x_wconf 90' lang='grc'><strong>1611161</strong></span> <span class='ocrx_word' id='word_1_94' title='bbox 556 2303 683 2382; x_wconf 89' lang='lat' dir='ltr'><strong>penitus</strong></span> <span class='ocrx_word' id='word_1_95' title='bbox 705 2304 881 2378; x_wconf 88' lang='lat' dir='ltr'><strong>immutata,</strong></span> <span class='ocrx_word' id='word_1_96' title='bbox 901 2307 1016 2368; x_wconf 89' lang='lat' dir='ltr'><strong>exinde</strong></span> <span class='ocrx_word' id='word_1_97' title='bbox 1031 2307 1066 2368; x_wconf 88' lang='lat' dir='ltr'><strong>li-</strong></span> 
     </span>
     <span class='ocr_line' id='line_1_21' title="bbox 323 2395 1066 2474; baseline 0.007 -19"><span class='ocrx_word' id='word_1_98' title='bbox 323 2396 387 2456; x_wconf 93' lang='lat' dir='ltr'><strong>cuit</strong></span> <span class='ocrx_word' id='word_1_99' title='bbox 408 2395 573 2457; x_wconf 84' lang='lat' dir='ltr'><strong>Christum</strong></span> <span class='ocrx_word' id='word_1_100' title='bbox 596 2397 777 2474; x_wconf 90' lang='lat' dir='ltr'><strong>praedicare</strong></span> <span class='ocrx_word' id='word_1_101' title='bbox 799 2405 831 2460; x_wconf 94' lang='lat' dir='ltr'><strong>et</strong></span> <span class='ocrx_word' id='word_1_102' title='bbox 853 2399 1066 2462; x_wconf 74' lang='grc'><strong>1166601661-</strong></span> 
     </span>
     <span class='ocr_line' id='line_1_22' title="bbox 324 2490 1065 2570; baseline 0.011 -21"><span class='ocrx_word' id='word_1_103' title='bbox 324 2491 423 2550; x_wconf 91' lang='lat' dir='ltr'><strong>fixum</strong></span> <span class='ocrx_word' id='word_1_104' title='bbox 456 2490 538 2551; x_wconf 90' lang='lat' dir='ltr'><strong>liber</strong></span> <span class='ocrx_word' id='word_1_105' title='bbox 566 2507 600 2552; x_wconf 92' lang='lat' dir='ltr'><strong>ac</strong></span> <span class='ocrx_word' id='word_1_106' title='bbox 634 2497 719 2552; x_wconf 92' lang='lat' dir='ltr'><strong>tutus</strong></span> <span class='ocrx_word' id='word_1_107' title='bbox 751 2494 788 2553; x_wconf 90' lang='lat' dir='ltr'><strong>ad</strong></span> <span class='ocrx_word' id='word_1_108' title='bbox 816 2494 886 2554; x_wconf 90' lang='lat' dir='ltr'><strong>illas</strong></span> <span class='ocrx_word' id='word_1_109' title='bbox 915 2495 1065 2570; x_wconf 85' lang='lat' dir='ltr'><strong>regiones</strong></span> 
     </span>
     <span class='ocr_line' id='line_1_23' title="bbox 323 2583 1065 2664; baseline 0.007 -19"><span class='ocrx_word' id='word_1_110' title='bbox 323 2583 516 2659; x_wconf 87' lang='lat' dir='ltr'><strong>evangelicis</strong></span> <span class='ocrx_word' id='word_1_111' title='bbox 539 2586 692 2662; x_wconf 89' lang='lat' dir='ltr'><strong>operariis</strong></span> <span class='ocrx_word' id='word_1_112' title='bbox 709 2586 811 2648; x_wconf 90' lang='lat' dir='ltr'><strong>aditus</strong></span> <span class='ocrx_word' id='word_1_113' title='bbox 829 2589 936 2664; x_wconf 91' lang='lat' dir='ltr'><strong>patuit,</strong></span> <span class='ocrx_word' id='word_1_114' title='bbox 955 2590 1065 2650; x_wconf 91' lang='grc'><strong>616111-</strong></span> 
     </span>
     <span class='ocr_line' id='line_1_24' title="bbox 323 2678 1065 2757; baseline 0.007 -19"><span class='ocrx_word' id='word_1_115' title='bbox 323 2693 385 2754; x_wconf 92' lang='lat' dir='ltr'><strong>que</strong></span> <span class='ocrx_word' id='word_1_116' title='bbox 414 2678 522 2740; x_wconf 89' lang='lat' dir='ltr'><strong>datum</strong></span> <span class='ocrx_word' id='word_1_117' title='bbox 546 2685 594 2740; x_wconf 91' lang='lat' dir='ltr'><strong>est</strong></span> <span class='ocrx_word' id='word_1_118' title='bbox 618 2679 808 2740; x_wconf 86' lang='lat' dir='ltr'><strong>christianae</strong></span> <span class='ocrx_word' id='word_1_119' title='bbox 838 2681 988 2757; x_wconf 88' lang='lat' dir='ltr'><strong>religioni</strong></span> <span class='ocrx_word' id='word_1_120' title='bbox 1010 2699 1065 2743; x_wconf 91' lang='lat' dir='ltr'><strong>uo-</strong></span> 
     </span>
     <span class='ocr_line' id='line_1_25' title="bbox 324 2771 1063 2848; baseline 0.007 -18"><span class='ocrx_word' id='word_1_121' title='bbox 324 2787 396 2831; x_wconf 92' lang='lat' dir='ltr'><strong>men</strong></span> <span class='ocrx_word' id='word_1_122' title='bbox 419 2771 506 2842; x_wconf 91' lang='lat' dir='ltr'><strong>dare,</strong></span> <span class='ocrx_word' id='word_1_123' title='bbox 531 2786 667 2848; x_wconf 90' lang='lat' dir='ltr'><strong>eamque</strong></span> <span class='ocrx_word' id='word_1_124' title='bbox 689 2771 791 2834; x_wconf 92' lang='lat' dir='ltr'><strong>libere</strong></span> <span class='ocrx_word' id='word_1_125' title='bbox 812 2779 843 2833; x_wconf 91' lang='lat' dir='ltr'><strong>et</strong></span> <span class='ocrx_word' id='word_1_126' title='bbox 864 2773 896 2833; x_wconf 96' lang='lat' dir='ltr'><strong>in</strong></span> <span class='ocrx_word' id='word_1_127' title='bbox 919 2775 1063 2835; x_wconf 92' lang='lat' dir='ltr'><strong>omnium</strong></span> 
     </span>
     <span class='ocr_line' id='line_1_26' title="bbox 322 2863 1062 2942; baseline 0.004 -18"><span class='ocrx_word' id='word_1_128' title='bbox 322 2869 493 2940; x_wconf 85' lang='lat' dir='ltr'><strong>conspectu</strong></span> <span class='ocrx_word' id='word_1_129' title='bbox 517 2864 673 2941; x_wconf 90' lang='lat' dir='ltr'><strong>profiteri.</strong></span> <span class='ocrx_word' id='word_1_130' title='bbox 697 2863 744 2925; x_wconf 88' lang='grc'><strong>1111</strong></span> <span class='ocrx_word' id='word_1_131' title='bbox 767 2866 946 2942; x_wconf 90' lang='lat' dir='ltr'><strong>augendam</strong></span> <span class='ocrx_word' id='word_1_132' title='bbox 973 2883 1062 2938; x_wconf 91' lang='lat' dir='ltr'><strong>vero,</strong></span> 
     </span>
     <span class='ocr_line' id='line_1_27' title="bbox 322 2957 1065 3034; baseline 0.007 -17"><span class='ocrx_word' id='word_1_133' title='bbox 322 2957 610 3034; x_wconf 90' lang='lat' dir='ltr'><strong>cumulandamque</strong></span> <span class='ocrx_word' id='word_1_134' title='bbox 632 2959 730 3020; x_wconf 92' lang='lat' dir='ltr'><strong>animi</strong></span> <span class='ocrx_word' id='word_1_135' title='bbox 745 2961 846 3020; x_wconf 89' lang='lat' dir='ltr'><strong>nostri</strong></span> <span class='ocrx_word' id='word_1_136' title='bbox 862 2961 1013 3020; x_wconf 89' lang='lat' dir='ltr'><strong>laetitiam</strong></span> <span class='ocrx_word' id='word_1_137' title='bbox 1029 2960 1065 3022; x_wconf 93' lang='lat' dir='ltr'><strong>il-</strong></span> 
     </span>
     <span class='ocr_line' id='line_1_28' title="bbox 323 3049 1064 3130; baseline 0.005 -20"><span class='ocrx_word' id='word_1_138' title='bbox 323 3049 376 3110; x_wconf 92' lang='lat' dir='ltr'><strong>lud</strong></span> <span class='ocrx_word' id='word_1_139' title='bbox 399 3049 493 3110; x_wconf 90' lang='lat' dir='ltr'><strong>etiam</strong></span> <span class='ocrx_word' id='word_1_140' title='bbox 515 3051 654 3123; x_wconf 89' lang='lat' dir='ltr'><strong>accessit,</strong></span> <span class='ocrx_word' id='word_1_141' title='bbox 679 3052 763 3128; x_wconf 91' lang='lat' dir='ltr'><strong>quod</strong></span> <span class='ocrx_word' id='word_1_142' title='bbox 786 3052 901 3128; x_wconf 92' lang='lat' dir='ltr'><strong>ingens</strong></span> <span class='ocrx_word' id='word_1_143' title='bbox 917 3052 1064 3130; x_wconf 79' lang='lat' dir='ltr'><strong>Algeriae</strong></span> 
     </span>
     <span class='ocr_line' id='line_1_29' title="bbox 324 3143 1065 3221; baseline 0.005 -17"><span class='ocrx_word' id='word_1_144' title='bbox 324 3143 478 3221; x_wconf 90' lang='lat' dir='ltr'><strong>templum</strong></span> <span class='ocrx_word' id='word_1_145' title='bbox 510 3143 649 3220; x_wconf 80' lang='lat' dir='ltr'><strong>profanis</strong></span> <span class='ocrx_word' id='word_1_146' title='bbox 679 3145 886 3221; x_wconf 89' lang='lat' dir='ltr'><strong>scelestisque</strong></span> <span class='ocrx_word' id='word_1_147' title='bbox 918 3146 1065 3208; x_wconf 87' lang='grc'><strong>11661361</strong></span> 
     </span>
     <span class='ocr_line' id='line_1_30' title="bbox 323 3235 1064 3316; baseline 0.005 -21"><span class='ocrx_word' id='word_1_148' title='bbox 323 3235 436 3296; x_wconf 85' lang='lat' dir='ltr'><strong>ritibus</strong></span> <span class='ocrx_word' id='word_1_149' title='bbox 457 3237 648 3313; x_wconf 84' lang='lat' dir='ltr'><strong>peragendis</strong></span> <span class='ocrx_word' id='word_1_150' title='bbox 670 3237 758 3316; x_wconf 90' lang='lat' dir='ltr'><strong>prius</strong></span> <span class='ocrx_word' id='word_1_151' title='bbox 780 3239 951 3310; x_wconf 90' lang='lat' dir='ltr'><strong>addictum,</strong></span> <span class='ocrx_word' id='word_1_152' title='bbox 969 3240 1064 3300; x_wconf 87' lang='lat' dir='ltr'><strong>sacris</strong></span> 
     </span>
     <span class='ocr_line' id='line_1_31' title="bbox 323 3329 1065 3410; baseline 0.005 -20"><span class='ocrx_word' id='word_1_153' title='bbox 323 3329 480 3391; x_wconf 87' lang='lat' dir='ltr'><strong>Ecclesiae</strong></span> <span class='ocrx_word' id='word_1_154' title='bbox 491 3331 701 3392; x_wconf 90' lang='lat' dir='ltr'><strong>caeremoniis</strong></span> <span class='ocrx_word' id='word_1_155' title='bbox 717 3331 778 3392; x_wconf 89' lang='lat' dir='ltr'><strong>iam</strong></span> <span class='ocrx_word' id='word_1_156' title='bbox 796 3334 968 3410; x_wconf 88' lang='lat' dir='ltr'><strong>expiatum,</strong></span> <span class='ocrx_word' id='word_1_157' title='bbox 983 3333 1065 3394; x_wconf 89' lang='lat' dir='ltr'><strong>salu-</strong></span> 
     </span>
     <span class='ocr_line' id='line_1_32' title="bbox 324 3421 1065 3502; baseline 0.009 -20"><span class='ocrx_word' id='word_1_158' title='bbox 324 3421 417 3484; x_wconf 88' lang='lat' dir='ltr'><strong>tifero</strong></span> <span class='ocrx_word' id='word_1_159' title='bbox 439 3429 567 3485; x_wconf 89' lang='lat' dir='ltr'><strong>nostrae</strong></span> <span class='ocrx_word' id='word_1_160' title='bbox 589 3424 756 3500; x_wconf 87' lang='lat' dir='ltr'><strong>religionis</strong></span> <span class='ocrx_word' id='word_1_161' title='bbox 777 3426 870 3502; x_wconf 88' lang='lat' dir='ltr'><strong>signo</strong></span> <span class='ocrx_word' id='word_1_162' title='bbox 896 3427 974 3489; x_wconf 94' lang='lat' dir='ltr'><strong>inibi</strong></span> <span class='ocrx_word' id='word_1_163' title='bbox 996 3444 1065 3489; x_wconf 92' lang='grc'><strong>616-</strong></span> 
     </span>
    </p>
   </div>
   <div class='ocr_carea' id='block_1_4' title="bbox 106 3516 1065 3970">
    <p class='ocr_par' dir='ltr' id='par_1_4' title="bbox 322 3516 1065 3860">
     <span class='ocr_line' id='line_1_33' title="bbox 323 3516 1064 3598; baseline 0.009 -22"><span class='ocrx_word' id='word_1_164' title='bbox 323 3523 372 3577; x_wconf 89' lang='grc'><strong>616</strong></span> <span class='ocrx_word' id='word_1_165' title='bbox 394 3534 427 3578; x_wconf 93' lang='grc'><strong>36</strong></span> <span class='ocrx_word' id='word_1_166' title='bbox 449 3516 600 3594; x_wconf 87' lang='lat' dir='ltr'><strong>Deiparae</strong></span> <span class='ocrx_word' id='word_1_167' title='bbox 629 3516 771 3594; x_wconf 86' lang='lat' dir='ltr'><strong>Virginis</strong></span> <span class='ocrx_word' id='word_1_168' title='bbox 800 3520 890 3582; x_wconf 92' lang='lat' dir='ltr'><strong>icone</strong></span> <span class='ocrx_word' id='word_1_169' title='bbox 921 3521 1064 3598; x_wconf 90' lang='lat' dir='ltr'><strong>publicae</strong></span> 
     </span>
     <span class='ocr_line' id='line_1_34' title="bbox 322 3608 1065 3690; baseline 0.007 -19"><span class='ocrx_word' id='word_1_170' title='bbox 322 3608 587 3671; x_wconf 86' lang='lat' dir='ltr'><strong>Christifidelium</strong></span> <span class='ocrx_word' id='word_1_171' title='bbox 613 3612 813 3674; x_wconf 89' lang='lat' dir='ltr'><strong>venerationi</strong></span> <span class='ocrx_word' id='word_1_172' title='bbox 835 3614 988 3690; x_wconf 89' lang='lat' dir='ltr'><strong>exposita,</strong></span> <span class='ocrx_word' id='word_1_173' title='bbox 1013 3615 1065 3677; x_wconf 89' lang='grc'><strong>116-</strong></span> 
     </span>
     <span class='ocr_line' id='line_1_35' title="bbox 322 3703 1064 3784; baseline 0.012 -24"><span class='ocrx_word' id='word_1_174' title='bbox 322 3710 413 3764; x_wconf 85' lang='lat' dir='ltr'><strong>votae</strong></span> <span class='ocrx_word' id='word_1_175' title='bbox 442 3703 631 3764; x_wconf 88' lang='lat' dir='ltr'><strong>eorumdem</strong></span> <span class='ocrx_word' id='word_1_176' title='bbox 653 3703 854 3781; x_wconf 79' lang='lat' dir='ltr'><strong>frequentiae</strong></span> <span class='ocrx_word' id='word_1_177' title='bbox 869 3709 901 3766; x_wconf 94' lang='lat' dir='ltr'><strong>in</strong></span> <span class='ocrx_word' id='word_1_178' title='bbox 917 3723 1064 3784; x_wconf 89' lang='lat' dir='ltr'><strong>praesen-</strong></span> 
     </span>
     <span class='ocr_line' id='line_1_36' title="bbox 323 3797 635 3860; baseline 0 -2"><span class='ocrx_word' id='word_1_179' title='bbox 323 3797 438 3858; x_wconf 88' lang='lat' dir='ltr'><strong>tiarum</strong></span> <span class='ocrx_word' id='word_1_180' title='bbox 460 3801 635 3860; x_wconf 85' lang='lat' dir='ltr'><strong>reseretur.</strong></span> 
     </span>
    </p>

    <p class='ocr_par' dir='ltr' id='par_1_5' title="bbox 106 3889 1065 3970">
     <span class='ocr_line' id='line_1_37' title="bbox 106 3889 1065 3970; baseline 0.018 -30"><span class='ocrx_word' id='word_1_181' title='bbox 106 3897 303 3958; x_wconf 63' lang='lat' dir='ltr'><strong>speculationes</strong></span> <span class='ocrx_word' id='word_1_182' title='bbox 362 3891 430 3965; x_wconf 72' lang='lat'><strong>52.</strong></span> <span class='ocrx_word' id='word_1_183' title='bbox 454 3889 517 3952; x_wconf 92' lang='lat' dir='ltr'><strong>Nos</strong></span> <span class='ocrx_word' id='word_1_184' title='bbox 539 3890 646 3968; x_wconf 91' lang='lat' dir='ltr'><strong>itaque</strong></span> <span class='ocrx_word' id='word_1_185' title='bbox 668 3893 815 3970; x_wconf 91' lang='lat' dir='ltr'><strong>praefatis</strong></span> <span class='ocrx_word' id='word_1_186' title='bbox 843 3893 1065 3957; x_wconf 91' lang='lat' dir='ltr'><strong>christianissi-</strong></span> 
     </span>
    </p>
   </div>
   <div class='ocr_carea' id='block_1_5' title="bbox 82 3953 1065 4063">
    <p class='ocr_par' dir='ltr' id='par_1_6' title="bbox 82 3953 1065 4063">
     <span class='ocr_line' id='line_1_38' title="bbox 82 3953 1065 4063; baseline 0.004 -17"><span class='ocrx_word' id='word_1_187' title='bbox 82 3953 304 4049; x_wconf 54' lang='lat' dir='ltr'><strong>{ffierpc&#39;ffli&#39;c‘gsss</strong></span> <span class='ocrx_word' id='word_1_188' title='bbox 322 3983 366 4044; x_wconf 92' lang='lat' dir='ltr'><strong>mi</strong></span> <span class='ocrx_word' id='word_1_189' title='bbox 396 3983 592 4045; x_wconf 80' lang='lat' dir='ltr'><strong>Francorum</strong></span> <span class='ocrx_word' id='word_1_190' title='bbox 620 3986 707 4062; x_wconf 91' lang='lat' dir='ltr'><strong>regis</strong></span> <span class='ocrx_word' id='word_1_191' title='bbox 737 3987 1002 4063; x_wconf 89' lang='lat' dir='ltr'><strong>postulationihus</strong></span> <span class='ocrx_word' id='word_1_192' title='bbox 1031 4006 1065 4050; x_wconf 92' lang='lat' dir='ltr'><strong>ac</strong></span> 
     </span>
    </p>
   </div>
   <div class='ocr_carea' id='block_1_6' title="bbox 318 4075 1064 6004">
    <p class='ocr_par' dir='ltr' id='par_1_7' title="bbox 318 4075 1064 6004">
     <span class='ocr_line' id='line_1_39' title="bbox 323 4075 1064 4150; baseline 0.013 -18"><span class='ocrx_word' id='word_1_193' title='bbox 323 4077 404 4137; x_wconf 92' lang='lat' dir='ltr'><strong>votis</strong></span> <span class='ocrx_word' id='word_1_194' title='bbox 431 4075 643 4137; x_wconf 91' lang='lat' dir='ltr'><strong>libentissime</strong></span> <span class='ocrx_word' id='word_1_195' title='bbox 673 4076 943 4150; x_wconf 85' lang='lat' dir='ltr'><strong>obsecundantes,</strong></span> <span class='ocrx_word' id='word_1_196' title='bbox 968 4081 1064 4142; x_wconf 91' lang='lat' dir='ltr'><strong>rebus</strong></span> 
     </span>
     <span class='ocr_line' id='line_1_40' title="bbox 322 4169 1064 4248; baseline 0.005 -18"><span class='ocrx_word' id='word_1_197' title='bbox 322 4169 470 4230; x_wconf 92' lang='lat' dir='ltr'><strong>omnibus</strong></span> <span class='ocrx_word' id='word_1_198' title='bbox 493 4185 566 4230; x_wconf 90' lang='lat' dir='ltr'><strong>cunr</strong></span> <span class='ocrx_word' id='word_1_199' title='bbox 586 4185 624 4230; x_wconf 93' lang='grc'><strong>66</strong></span> <span class='ocrx_word' id='word_1_200' title='bbox 639 4169 701 4230; x_wconf 89' lang='lat' dir='ltr'><strong>iam</strong></span> <span class='ocrx_word' id='word_1_201' title='bbox 717 4171 911 4248; x_wconf 88' lang='lat' dir='ltr'><strong>compositis,</strong></span> <span class='ocrx_word' id='word_1_202' title='bbox 929 4175 1064 4236; x_wconf 88' lang='lat' dir='ltr'><strong>cunetis-</strong></span> 
     </span>
     <span class='ocr_line' id='line_1_41' title="bbox 321 4261 1062 4342; baseline 0.008 -20"><span class='ocrx_word' id='word_1_203' title='bbox 321 4277 383 4339; x_wconf 91' lang='lat' dir='ltr'><strong>que</strong></span> <span class='ocrx_word' id='word_1_204' title='bbox 415 4267 537 4322; x_wconf 90' lang='lat' dir='ltr'><strong>matura</strong></span> <span class='ocrx_word' id='word_1_205' title='bbox 559 4261 791 4323; x_wconf 86' lang='lat' dir='ltr'><strong>deliberatione</strong></span> <span class='ocrx_word' id='word_1_206' title='bbox 821 4266 996 4342; x_wconf 90' lang='lat' dir='ltr'><strong>perpensis,</strong></span> <span class='ocrx_word' id='word_1_207' title='bbox 1026 4269 1062 4328; x_wconf 92' lang='lat' dir='ltr'><strong>ad</strong></span> 
     </span>
     <span class='ocr_line' id='line_1_42' title="bbox 322 4353 1064 4432; baseline 0.008 -16"><span class='ocrx_word' id='word_1_208' title='bbox 322 4355 455 4432; x_wconf 90' lang='lat' dir='ltr'><strong>gloriam</strong></span> <span class='ocrx_word' id='word_1_209' title='bbox 477 4354 534 4416; x_wconf 86' lang='lat' dir='ltr'><strong>Dei</strong></span> <span class='ocrx_word' id='word_1_210' title='bbox 550 4361 582 4415; x_wconf 90' lang='grc'><strong>61</strong></span> <span class='ocrx_word' id='word_1_211' title='bbox 596 4353 665 4416; x_wconf 90' lang='grc'><strong>16611</strong></span> <span class='ocrx_word' id='word_1_212' title='bbox 688 4355 808 4418; x_wconf 82' lang='lat' dir='ltr'><strong>Christi</strong></span> <span class='ocrx_word' id='word_1_213' title='bbox 829 4358 886 4418; x_wconf 87' lang='lat' dir='ltr'><strong>lilii</strong></span> <span class='ocrx_word' id='word_1_214' title='bbox 908 4359 977 4420; x_wconf 88' lang='lat' dir='ltr'><strong>eius</strong></span> <span class='ocrx_word' id='word_1_215' title='bbox 1000 4359 1064 4422; x_wconf 87' lang='lat' dir='ltr'><strong>Sal-</strong></span> 
     </span>
     <span class='ocr_line' id='line_1_43' title="bbox 320 4449 1063 4521; baseline 0.011 -13"><span class='ocrx_word' id='word_1_216' title='bbox 320 4449 438 4510; x_wconf 88' lang='lat' dir='ltr'><strong>vatoris</strong></span> <span class='ocrx_word' id='word_1_217' title='bbox 461 4449 573 4521; x_wconf 89' lang='lat' dir='ltr'><strong>nostri,</strong></span> <span class='ocrx_word' id='word_1_218' title='bbox 587 4449 678 4511; x_wconf 91' lang='lat' dir='ltr'><strong>cuius</strong></span> <span class='ocrx_word' id='word_1_219' title='bbox 700 4452 786 4512; x_wconf 90' lang='lat' dir='ltr'><strong>vices</strong></span> <span class='ocrx_word' id='word_1_220' title='bbox 804 4451 875 4512; x_wconf 88' lang='lat' dir='ltr'><strong>licet</strong></span> <span class='ocrx_word' id='word_1_221' title='bbox 890 4453 1063 4516; x_wconf 90' lang='lat' dir='ltr'><strong>immeren-</strong></span> 
     </span>
     <span class='ocr_line' id='line_1_44' title="bbox 323 4542 1064 4619; baseline 0.007 -15"><span class='ocrx_word' id='word_1_222' title='bbox 323 4552 367 4604; x_wconf 91' lang='lat' dir='ltr'><strong>tes</strong></span> <span class='ocrx_word' id='word_1_223' title='bbox 390 4542 422 4603; x_wconf 95' lang='lat' dir='ltr'><strong>in</strong></span> <span class='ocrx_word' id='word_1_224' title='bbox 444 4543 539 4604; x_wconf 90' lang='lat' dir='ltr'><strong>terris</strong></span> <span class='ocrx_word' id='word_1_225' title='bbox 555 4543 710 4619; x_wconf 89' lang='lat' dir='ltr'><strong>gerimus,</strong></span> <span class='ocrx_word' id='word_1_226' title='bbox 729 4545 811 4606; x_wconf 89' lang='lat' dir='ltr'><strong>etad</strong></span> <span class='ocrx_word' id='word_1_227' title='bbox 828 4545 993 4608; x_wconf 90' lang='lat' dir='ltr'><strong>militantis</strong></span> <span class='ocrx_word' id='word_1_228' title='bbox 1008 4548 1064 4610; x_wconf 92' lang='lat' dir='ltr'><strong>Ec-</strong></span> 
     </span>
     <span class='ocr_line' id='line_1_45' title="bbox 321 4633 1064 4712; baseline 0.007 -15"><span class='ocrx_word' id='word_1_229' title='bbox 321 4635 432 4697; x_wconf 87' lang='lat' dir='ltr'><strong>clesiae</strong></span> <span class='ocrx_word' id='word_1_230' title='bbox 444 4633 682 4708; x_wconf 85' lang='lat' dir='ltr'><strong>exaltationem,</strong></span> <span class='ocrx_word' id='word_1_231' title='bbox 693 4653 732 4699; x_wconf 92' lang='lat' dir='ltr'><strong>ex</strong></span> <span class='ocrx_word' id='word_1_232' title='bbox 745 4644 830 4698; x_wconf 92' lang='lat' dir='ltr'><strong>certa</strong></span> <span class='ocrx_word' id='word_1_233' title='bbox 843 4639 984 4712; x_wconf 91' lang='lat' dir='ltr'><strong>scientia,</strong></span> <span class='ocrx_word' id='word_1_234' title='bbox 997 4657 1064 4702; x_wconf 91' lang='lat' dir='ltr'><strong>mo·</strong></span> 
     </span>
     <span class='ocr_line' id='line_1_46' title="bbox 321 4727 1063 4809; baseline 0.007 -19"><span class='ocrx_word' id='word_1_235' title='bbox 321 4727 523 4806; x_wconf 90' lang='lat' dir='ltr'><strong>tu-proprio,</strong></span> <span class='ocrx_word' id='word_1_236' title='bbox 554 4735 586 4790; x_wconf 91' lang='lat' dir='ltr'><strong>et</strong></span> <span class='ocrx_word' id='word_1_237' title='bbox 613 4728 652 4790; x_wconf 90' lang='lat' dir='ltr'><strong>de</strong></span> <span class='ocrx_word' id='word_1_238' title='bbox 680 4731 870 4807; x_wconf 90' lang='lat' dir='ltr'><strong>apostolicae</strong></span> <span class='ocrx_word' id='word_1_239' title='bbox 899 4737 1063 4809; x_wconf 89' lang='lat' dir='ltr'><strong>potestatis</strong></span> 
     </span>
     <span class='ocr_line' id='line_1_47' title="bbox 321 4819 1064 4899; baseline 0.008 -17"><span class='ocrx_word' id='word_1_240' title='bbox 321 4821 520 4899; x_wconf 90' lang='lat' dir='ltr'><strong>plenitudine</strong></span> <span class='ocrx_word' id='word_1_241' title='bbox 532 4819 643 4882; x_wconf 90' lang='lat' dir='ltr'><strong>luliam</strong></span> <span class='ocrx_word' id='word_1_242' title='bbox 658 4821 844 4884; x_wconf 84' lang='lat' dir='ltr'><strong>Caesaream</strong></span> <span class='ocrx_word' id='word_1_243' title='bbox 860 4825 1064 4887; x_wconf 80' lang='lat' dir='ltr'><strong>universum-</strong></span> 
     </span>
     <span class='ocr_line' id='line_1_48' title="bbox 320 4915 1063 4994; baseline 0.007 -18"><span class='ocrx_word' id='word_1_244' title='bbox 320 4930 383 4990; x_wconf 91' lang='lat' dir='ltr'><strong>que</strong></span> <span class='ocrx_word' id='word_1_245' title='bbox 405 4915 473 4976; x_wconf 87' lang='lat' dir='ltr'><strong>eius</strong></span> <span class='ocrx_word' id='word_1_246' title='bbox 489 4915 701 4988; x_wconf 87' lang='lat' dir='ltr'><strong>territorium,</strong></span> <span class='ocrx_word' id='word_1_247' title='bbox 719 4931 782 4993; x_wconf 92' lang='lat' dir='ltr'><strong>quo</strong></span> <span class='ocrx_word' id='word_1_248' title='bbox 802 4916 971 4994; x_wconf 86' lang='lat' dir='ltr'><strong>higeriana</strong></span> <span class='ocrx_word' id='word_1_249' title='bbox 987 4920 1063 4981; x_wconf 91' lang='lat' dir='ltr'><strong>ditio</strong></span> 
     </span>
     <span class='ocr_line' id='line_1_49' title="bbox 319 5005 1064 5088; baseline 0.012 -24"><span class='ocrx_word' id='word_1_250' title='bbox 319 5007 432 5086; x_wconf 91' lang='lat' dir='ltr'><strong>(vulgo</strong></span> <span class='ocrx_word' id='word_1_251' title='bbox 455 5005 621 5088; x_wconf 77' lang='lat' dir='ltr'><strong>Reqqeozu</strong></span> <span class='ocrx_word' id='word_1_252' title='bbox 643 5007 676 5070; x_wconf 82' lang='lat' dir='ltr'><strong>df</strong></span> <span class='ocrx_word' id='word_1_253' title='bbox 698 5007 818 5088; x_wconf 78' lang='lat' dir='ltr'><strong>digeri)</strong></span> <span class='ocrx_word' id='word_1_254' title='bbox 844 5010 920 5072; x_wconf 92' lang='lat' dir='ltr'><strong>olim</strong></span> <span class='ocrx_word' id='word_1_255' title='bbox 944 5020 1064 5073; x_wconf 90' lang='lat' dir='ltr'><strong>consta-</strong></span> 
     </span>
     <span class='ocr_line' id='line_1_50' title="bbox 321 5100 1064 5182; baseline 0.008 -22"><span class='ocrx_word' id='word_1_256' title='bbox 321 5100 382 5170; x_wconf 89' lang='lat' dir='ltr'><strong>bat,</strong></span> <span class='ocrx_word' id='word_1_257' title='bbox 396 5116 430 5160; x_wconf 89' lang='lat' dir='ltr'><strong>ac</strong></span> <span class='ocrx_word' id='word_1_258' title='bbox 443 5117 555 5162; x_wconf 90' lang='lat' dir='ltr'><strong>omnes</strong></span> <span class='ocrx_word' id='word_1_259' title='bbox 571 5107 603 5162; x_wconf 92' lang='lat' dir='ltr'><strong>et</strong></span> <span class='ocrx_word' id='word_1_260' title='bbox 613 5101 756 5178; x_wconf 89' lang='lat' dir='ltr'><strong>singulas</strong></span> <span class='ocrx_word' id='word_1_261' title='bbox 772 5104 919 5165; x_wconf 88' lang='lat' dir='ltr'><strong>ecclesias</strong></span> <span class='ocrx_word' id='word_1_262' title='bbox 935 5105 1064 5182; x_wconf 90' lang='lat' dir='ltr'><strong>religio-</strong></span> 
     </span>
     <span class='ocr_line' id='line_1_51' title="bbox 320 5193 1063 5273; baseline 0.013 -22"><span class='ocrx_word' id='word_1_263' title='bbox 320 5207 430 5252; x_wconf 89' lang='lat' dir='ltr'><strong>sorum</strong></span> <span class='ocrx_word' id='word_1_264' title='bbox 448 5193 595 5254; x_wconf 92' lang='lat' dir='ltr'><strong>virorum</strong></span> <span class='ocrx_word' id='word_1_265' title='bbox 619 5202 797 5256; x_wconf 91' lang='lat' dir='ltr'><strong>conventus</strong></span> <span class='ocrx_word' id='word_1_266' title='bbox 820 5197 950 5273; x_wconf 89' lang='lat' dir='ltr'><strong>piasque</strong></span> <span class='ocrx_word' id='word_1_267' title='bbox 966 5199 1063 5261; x_wconf 88' lang='lat' dir='ltr'><strong>socie-</strong></span> 
     </span>
     <span class='ocr_line' id='line_1_52' title="bbox 321 5289 1063 5368; baseline 0.007 -20"><span class='ocrx_word' id='word_1_268' title='bbox 321 5293 410 5359; x_wconf 87' lang='lat' dir='ltr'><strong>tates,</strong></span> <span class='ocrx_word' id='word_1_269' title='bbox 434 5289 460 5348; x_wconf 92' lang='lat' dir='ltr'><strong>si</strong></span> <span class='ocrx_word' id='word_1_270' title='bbox 483 5304 563 5365; x_wconf 91' lang='lat' dir='ltr'><strong>quae</strong></span> <span class='ocrx_word' id='word_1_271' title='bbox 585 5289 650 5350; x_wconf 89' lang='lat' dir='ltr'><strong>illic</strong></span> <span class='ocrx_word' id='word_1_272' title='bbox 666 5290 818 5361; x_wconf 89' lang='lat' dir='ltr'><strong>existunt,</strong></span> <span class='ocrx_word' id='word_1_273' title='bbox 842 5292 985 5368; x_wconf 89' lang='lat' dir='ltr'><strong>itemque</strong></span> <span class='ocrx_word' id='word_1_274' title='bbox 1007 5293 1063 5353; x_wconf 89' lang='lat' dir='ltr'><strong>ibi-</strong></span> 
     </span>
     <span class='ocr_line' id='line_1_53' title="bbox 320 5381 1061 5462; baseline 0.009 -21"><span class='ocrx_word' id='word_1_275' title='bbox 320 5381 393 5442; x_wconf 90' lang='lat' dir='ltr'><strong>dem</strong></span> <span class='ocrx_word' id='word_1_276' title='bbox 416 5383 572 5458; x_wconf 88' lang='lat' dir='ltr'><strong>degentes</strong></span> <span class='ocrx_word' id='word_1_277' title='bbox 594 5383 764 5459; x_wconf 90' lang='lat' dir='ltr'><strong>utriusque</strong></span> <span class='ocrx_word' id='word_1_278' title='bbox 780 5400 875 5445; x_wconf 90' lang='lat' dir='ltr'><strong>sexus</strong></span> <span class='ocrx_word' id='word_1_279' title='bbox 898 5401 1061 5462; x_wconf 89' lang='lat' dir='ltr'><strong>personas,</strong></span> 
     </span>
     <span class='ocr_line' id='line_1_54' title="bbox 320 5475 1062 5555; baseline 0.009 -21"><span class='ocrx_word' id='word_1_280' title='bbox 320 5475 513 5536; x_wconf 87' lang='lat' dir='ltr'><strong>habitatores</strong></span> <span class='ocrx_word' id='word_1_281' title='bbox 536 5481 567 5536; x_wconf 92' lang='lat' dir='ltr'><strong>et</strong></span> <span class='ocrx_word' id='word_1_282' title='bbox 590 5475 709 5537; x_wconf 88' lang='lat' dir='ltr'><strong>incolas</strong></span> <span class='ocrx_word' id='word_1_283' title='bbox 738 5485 802 5538; x_wconf 91' lang='lat' dir='ltr'><strong>tam</strong></span> <span class='ocrx_word' id='word_1_284' title='bbox 831 5478 936 5550; x_wconf 90' lang='lat' dir='ltr'><strong>laicos,</strong></span> <span class='ocrx_word' id='word_1_285' title='bbox 968 5495 1062 5555; x_wconf 93' lang='lat' dir='ltr'><strong>quam</strong></span> 
     </span>
     <span class='ocr_line' id='line_1_55' title="bbox 320 5567 1064 5648; baseline 0.008 -22"><span class='ocrx_word' id='word_1_286' title='bbox 320 5567 452 5627; x_wconf 89' lang='lat' dir='ltr'><strong>clericos</strong></span> <span class='ocrx_word' id='word_1_287' title='bbox 466 5573 497 5628; x_wconf 91' lang='grc'><strong>61</strong></span> <span class='ocrx_word' id='word_1_288' title='bbox 509 5567 733 5645; x_wconf 82' lang='lat' dir='ltr'><strong>praesbyteros</strong></span> <span class='ocrx_word' id='word_1_289' title='bbox 747 5569 978 5648; x_wconf 88' lang='lat' dir='ltr'><strong>cuiuscumque</strong></span> <span class='ocrx_word' id='word_1_290' title='bbox 995 5587 1064 5647; x_wconf 91' lang='lat' dir='ltr'><strong>gra·</strong></span> 
     </span>
     <span class='ocr_line' id='line_1_56' title="bbox 319 5659 1063 5734; baseline 0.005 -14"><span class='ocrx_word' id='word_1_291' title='bbox 319 5659 389 5732; x_wconf 81' lang='grc'><strong>11116,</strong></span> <span class='ocrx_word' id='word_1_292' title='bbox 414 5659 546 5732; x_wconf 91' lang='lat' dir='ltr'><strong>ordinis,</strong></span> <span class='ocrx_word' id='word_1_293' title='bbox 571 5668 670 5722; x_wconf 88' lang='lat' dir='ltr'><strong>status</strong></span> <span class='ocrx_word' id='word_1_294' title='bbox 685 5669 717 5722; x_wconf 91' lang='lat' dir='ltr'><strong>et</strong></span> <span class='ocrx_word' id='word_1_295' title='bbox 738 5663 941 5734; x_wconf 87' lang='lat' dir='ltr'><strong>conditionis,</strong></span> <span class='ocrx_word' id='word_1_296' title='bbox 958 5665 996 5725; x_wconf 94' lang='lat' dir='ltr'><strong>ab</strong></span> <span class='ocrx_word' id='word_1_297' title='bbox 1014 5681 1063 5726; x_wconf 92' lang='lat' dir='ltr'><strong>or-</strong></span> 
     </span>
     <span class='ocr_line' id='line_1_57' title="bbox 319 5752 1063 5819; baseline 0.008 -6"><span class='ocrx_word' id='word_1_298' title='bbox 319 5752 438 5814; x_wconf 90' lang='lat' dir='ltr'><strong>dinaria</strong></span> <span class='ocrx_word' id='word_1_299' title='bbox 459 5753 680 5816; x_wconf 88' lang='lat' dir='ltr'><strong>iurisdictione</strong></span> <span class='ocrx_word' id='word_1_300' title='bbox 702 5755 842 5816; x_wconf 88' lang='lat' dir='ltr'><strong>cuiusvis</strong></span> <span class='ocrx_word' id='word_1_301' title='bbox 858 5757 951 5817; x_wconf 91' lang='lat' dir='ltr'><strong>altius</strong></span> <span class='ocrx_word' id='word_1_302' title='bbox 964 5758 1063 5819; x_wconf 90' lang='lat' dir='ltr'><strong>eccle-</strong></span> 
     </span>
     <span class='ocr_line' id='line_1_58' title="bbox 318 5845 1061 5926; baseline 0.008 -20"><span class='ocrx_word' id='word_1_303' title='bbox 318 5845 433 5907; x_wconf 89' lang='lat' dir='ltr'><strong>siastici</strong></span> <span class='ocrx_word' id='word_1_304' title='bbox 455 5847 630 5924; x_wconf 89' lang='lat' dir='ltr'><strong>superioris</strong></span> <span class='ocrx_word' id='word_1_305' title='bbox 660 5857 853 5926; x_wconf 90' lang='lat' dir='ltr'><strong>perpetuum</strong></span> <span class='ocrx_word' id='word_1_306' title='bbox 875 5849 908 5911; x_wconf 91' lang='lat' dir='ltr'><strong>in</strong></span> <span class='ocrx_word' id='word_1_307' title='bbox 930 5851 1061 5913; x_wconf 88' lang='lat' dir='ltr'><strong>modum</strong></span> 
     </span>
     <span class='ocr_line' id='line_1_59' title="bbox 319 5940 751 6004; baseline 0.005 -2"><span class='ocrx_word' id='word_1_308' title='bbox 319 5940 491 6002; x_wconf 82' lang='lat' dir='ltr'><strong>eximimus</strong></span> <span class='ocrx_word' id='word_1_309' title='bbox 514 5948 545 6002; x_wconf 90' lang='grc'><strong>61</strong></span> <span class='ocrx_word' id='word_1_310' title='bbox 567 5941 751 6004; x_wconf 90' lang='lat' dir='ltr'><strong>liberamus.</strong></span> 
     </span>
    </p>
   </div>
   <div class='ocr_carea' id='block_1_7' title="bbox 424 6085 1012 6145">
    <p class='ocr_par' dir='ltr' id='par_1_8' title="bbox 424 6085 1012 6145">
     <span class='ocr_line' id='line_1_60' title="bbox 424 6085 1012 6145; baseline 0.007 -16"><span class='ocrx_word' id='word_1_311' title='bbox 424 6086 473 6131; x_wconf 81' lang='lat' dir='ltr'><strong>lor.</strong></span> <span class='ocrx_word' id='word_1_312' title='bbox 494 6088 555 6131; x_wconf 69' lang='lat' dir='ltr'><strong>dont</strong></span> <span class='ocrx_word' id='word_1_313' title='bbox 578 6085 608 6132; x_wconf 82' lang='lat' dir='ltr'><strong>de</strong></span> <span class='ocrx_word' id='word_1_314' title='bbox 625 6087 695 6145; x_wconf 70' lang='lat' dir='ltr'><strong>drop.</strong></span> <span class='ocrx_word' id='word_1_315' title='bbox 714 6087 775 6133; x_wconf 79' lang='lat' dir='ltr'><strong>l&#39;s&#39;de</strong></span> <span class='ocrx_word' id='word_1_316' title='bbox 790 6089 869 6135; x_wconf 81' lang='lat' dir='ltr'><strong>Partis</strong></span> <span class='ocrx_word' id='word_1_317' title='bbox 885 6094 900 6135; x_wconf 91' lang='lat' dir='ltr'><strong>t.</strong></span> <span class='ocrx_word' id='word_1_318' title='bbox 919 6090 970 6136; x_wconf 86' lang='lat' dir='ltr'><strong>vol.</strong></span> <span class='ocrx_word' id='word_1_319' title='bbox 989 6093 1012 6135; x_wconf 88' lang='lat' dir='ltr'><strong>V.</strong></span> 
     </span>
    </p>
   </div>
   <div class='ocr_carea' id='block_1_8' title="bbox 1119 718 1943 6019">
    <p class='ocr_par' dir='ltr' id='par_1_9' title="bbox 1124 718 1869 1728">
     <span class='ocr_line' id='line_1_61' title="bbox 1164 718 1869 795; baseline -0.007 -12"><span class='ocrx_word' id='word_1_320' title='bbox 1164 723 1182 795; x_wconf 68' lang='grc' dir='ltr'><strong>ἓ</strong></span> <span class='ocrx_word' id='word_1_321' title='bbox 1204 723 1232 783; x_wconf 91' lang='grc'><strong>3.</strong></span> <span class='ocrx_word' id='word_1_322' title='bbox 1257 722 1318 784; x_wconf 90' lang='grc' dir='ltr'><strong>Η36</strong></span> <span class='ocrx_word' id='word_1_323' title='bbox 1340 729 1446 784; x_wconf 89' lang='lat' dir='ltr'><strong>autem</strong></span> <span class='ocrx_word' id='word_1_324' title='bbox 1468 721 1636 792; x_wconf 89' lang='lat' dir='ltr'><strong>divisione,</strong></span> <span class='ocrx_word' id='word_1_325' title='bbox 1654 718 1869 782; x_wconf 90' lang='lat' dir='ltr'><strong>subtractione</strong></span> 
     </span>
     <span class='ocr_line' id='line_1_62' title="bbox 1125 810 1868 892; baseline -0.005 -18"><span class='ocrx_word' id='word_1_326' title='bbox 1125 819 1155 874; x_wconf 92' lang='lat' dir='ltr'><strong>et</strong></span> <span class='ocrx_word' id='word_1_327' title='bbox 1178 823 1383 892; x_wconf 80' lang='lat' dir='ltr'><strong>exemptione</strong></span> <span class='ocrx_word' id='word_1_328' title='bbox 1406 821 1540 892; x_wconf 89' lang='lat' dir='ltr'><strong>peracta,</strong></span> <span class='ocrx_word' id='word_1_329' title='bbox 1565 819 1681 874; x_wconf 90' lang='lat' dir='ltr'><strong>terram</strong></span> <span class='ocrx_word' id='word_1_330' title='bbox 1713 810 1868 872; x_wconf 84' lang='grc'><strong>66661111-</strong></span> 
     </span>
     <span class='ocr_line' id='line_1_63' title="bbox 1126 903 1869 983; baseline -0.004 -15"><span class='ocrx_word' id='word_1_331' title='bbox 1126 912 1221 968; x_wconf 90' lang='lat' dir='ltr'><strong>tatem</strong></span> <span class='ocrx_word' id='word_1_332' title='bbox 1244 909 1355 969; x_wconf 91' lang='lat' dir='ltr'><strong>luliam</strong></span> <span class='ocrx_word' id='word_1_333' title='bbox 1370 907 1567 978; x_wconf 85' lang='lat' dir='ltr'><strong>Caesaream,</strong></span> <span class='ocrx_word' id='word_1_334' title='bbox 1585 903 1797 983; x_wconf 54' lang='lat' dir='ltr'><strong>quamfvulgo</strong></span> <span class='ocrx_word' id='word_1_335' title='bbox 1816 921 1869 965; x_wconf 93' lang='lat' dir='ltr'><strong>vo-</strong></span> 
     </span>
     <span class='ocr_line' id='line_1_64' title="bbox 1124 998 1869 1081; baseline -0.003 -19"><span class='ocrx_word' id='word_1_336' title='bbox 1124 1007 1195 1062; x_wconf 91' lang='lat' dir='ltr'><strong>cant</strong></span> <span class='ocrx_word' id='word_1_337' title='bbox 1210 1001 1328 1081; x_wconf 78' lang='grc'><strong>111611,</strong></span> <span class='ocrx_word' id='word_1_338' title='bbox 1345 999 1602 1062; x_wconf 85' lang='grc'><strong>16111163666116</strong></span> <span class='ocrx_word' id='word_1_339' title='bbox 1622 1016 1675 1060; x_wconf 91' lang='grc'><strong>613</strong></span> <span class='ocrx_word' id='word_1_340' title='bbox 1692 998 1787 1059; x_wconf 88' lang='grc'><strong>613116</strong></span> <span class='ocrx_word' id='word_1_341' title='bbox 1804 1015 1869 1060; x_wconf 90' lang='lat' dir='ltr'><strong>me-</strong></span> 
     </span>
     <span class='ocr_line' id='line_1_65' title="bbox 1124 1091 1867 1170; baseline -0.003 -16"><span class='ocrx_word' id='word_1_342' title='bbox 1124 1094 1296 1156; x_wconf 87' lang='lat' dir='ltr'><strong>diterranei</strong></span> <span class='ocrx_word' id='word_1_343' title='bbox 1312 1094 1414 1166; x_wconf 88' lang='lat' dir='ltr'><strong>sitam,</strong></span> <span class='ocrx_word' id='word_1_344' title='bbox 1432 1095 1464 1156; x_wconf 92' lang='lat' dir='ltr'><strong>in</strong></span> <span class='ocrx_word' id='word_1_345' title='bbox 1479 1093 1640 1154; x_wconf 89' lang='lat' dir='ltr'><strong>civitatem</strong></span> <span class='ocrx_word' id='word_1_346' title='bbox 1656 1091 1867 1170; x_wconf 89' lang='lat' dir='ltr'><strong>episcopalem</strong></span> 
     </span>
     <span class='ocr_line' id='line_1_66' title="bbox 1124 1184 1868 1260; baseline -0.003 -14"><span class='ocrx_word' id='word_1_347' title='bbox 1124 1202 1196 1246; x_wconf 93' lang='lat' dir='ltr'><strong>cum</strong></span> <span class='ocrx_word' id='word_1_348' title='bbox 1210 1187 1295 1248; x_wconf 91' lang='lat' dir='ltr'><strong>curia</strong></span> <span class='ocrx_word' id='word_1_349' title='bbox 1311 1193 1343 1248; x_wconf 89' lang='lat' dir='ltr'><strong>et</strong></span> <span class='ocrx_word' id='word_1_350' title='bbox 1354 1186 1539 1248; x_wconf 87' lang='lat' dir='ltr'><strong>cancellaria</strong></span> <span class='ocrx_word' id='word_1_351' title='bbox 1552 1184 1761 1246; x_wconf 88' lang='lat' dir='ltr'><strong>ecclesiastica</strong></span> <span class='ocrx_word' id='word_1_352' title='bbox 1773 1185 1868 1260; x_wconf 92' lang='lat' dir='ltr'><strong>erigi-</strong></span> 
     </span>
     <span class='ocr_line' id='line_1_67' title="bbox 1125 1277 1867 1357; baseline -0.004 -16"><span class='ocrx_word' id='word_1_353' title='bbox 1125 1296 1207 1352; x_wconf 90' lang='lat' dir='ltr'><strong>mus,</strong></span> <span class='ocrx_word' id='word_1_354' title='bbox 1224 1287 1319 1357; x_wconf 91' lang='lat' dir='ltr'><strong>atque</strong></span> <span class='ocrx_word' id='word_1_355' title='bbox 1338 1280 1552 1352; x_wconf 81' lang='lat' dir='ltr'><strong>instituimus3</strong></span> <span class='ocrx_word' id='word_1_356' title='bbox 1576 1279 1746 1354; x_wconf 85' lang='lat' dir='ltr'><strong>eidemque</strong></span> <span class='ocrx_word' id='word_1_357' title='bbox 1763 1277 1867 1338; x_wconf 92' lang='lat' dir='ltr'><strong>omnia</strong></span> 
     </span>
     <span class='ocr_line' id='line_1_68' title="bbox 1124 1372 1868 1450; baseline -0.001 -17"><span class='ocrx_word' id='word_1_358' title='bbox 1124 1373 1203 1445; x_wconf 91' lang='lat' dir='ltr'><strong>iura,</strong></span> <span class='ocrx_word' id='word_1_359' title='bbox 1233 1374 1372 1435; x_wconf 88' lang='lat' dir='ltr'><strong>honores</strong></span> <span class='ocrx_word' id='word_1_360' title='bbox 1402 1381 1433 1434; x_wconf 92' lang='lat' dir='ltr'><strong>et</strong></span> <span class='ocrx_word' id='word_1_361' title='bbox 1462 1373 1696 1450; x_wconf 86' lang='lat' dir='ltr'><strong>praerogativas</strong></span> <span class='ocrx_word' id='word_1_362' title='bbox 1724 1372 1868 1449; x_wconf 90' lang='lat' dir='ltr'><strong>imperti-</strong></span> 
     </span>
     <span class='ocr_line' id='line_1_69' title="bbox 1125 1463 1867 1544; baseline 0 -20"><span class='ocrx_word' id='word_1_363' title='bbox 1125 1481 1208 1536; x_wconf 90' lang='lat' dir='ltr'><strong>mur,</strong></span> <span class='ocrx_word' id='word_1_364' title='bbox 1233 1466 1349 1544; x_wconf 89' lang='lat' dir='ltr'><strong>qurbus</strong></span> <span class='ocrx_word' id='word_1_365' title='bbox 1362 1466 1439 1526; x_wconf 90' lang='lat' dir='ltr'><strong>aliae</strong></span> <span class='ocrx_word' id='word_1_366' title='bbox 1453 1465 1594 1526; x_wconf 88' lang='lat' dir='ltr'><strong>civitates</strong></span> <span class='ocrx_word' id='word_1_367' title='bbox 1608 1463 1778 1542; x_wconf 89' lang='lat' dir='ltr'><strong>episcopali</strong></span> <span class='ocrx_word' id='word_1_368' title='bbox 1791 1465 1867 1524; x_wconf 86' lang='lat' dir='ltr'><strong>sede</strong></span> 
     </span>
     <span class='ocr_line' id='line_1_70' title="bbox 1124 1558 1867 1636; baseline 0 -18"><span class='ocrx_word' id='word_1_369' title='bbox 1124 1559 1155 1619; x_wconf 93' lang='grc'><strong>16</strong></span> <span class='ocrx_word' id='word_1_370' title='bbox 1179 1558 1350 1620; x_wconf 85' lang='lat' dir='ltr'><strong>Galliarum</strong></span> <span class='ocrx_word' id='word_1_371' title='bbox 1374 1575 1476 1636; x_wconf 90' lang='lat' dir='ltr'><strong>regno</strong></span> <span class='ocrx_word' id='word_1_372' title='bbox 1491 1558 1672 1634; x_wconf 88' lang='lat' dir='ltr'><strong>insignitae,</strong></span> <span class='ocrx_word' id='word_1_373' title='bbox 1691 1573 1867 1634; x_wconf 91' lang='lat' dir='ltr'><strong>earumque</strong></span> 
     </span>
     <span class='ocr_line' id='line_1_71' title="bbox 1124 1651 1611 1728; baseline 0 -18"><span class='ocrx_word' id='word_1_374' title='bbox 1124 1651 1209 1710; x_wconf 87' lang='lat' dir='ltr'><strong>cives</strong></span> <span class='ocrx_word' id='word_1_375' title='bbox 1232 1651 1385 1712; x_wconf 91' lang='lat' dir='ltr'><strong>fruuntur</strong></span> <span class='ocrx_word' id='word_1_376' title='bbox 1407 1659 1439 1713; x_wconf 93' lang='grc'><strong>61</strong></span> <span class='ocrx_word' id='word_1_377' title='bbox 1461 1652 1611 1728; x_wconf 89' lang='lat' dir='ltr'><strong>gaudent.</strong></span> 
     </span>
    </p>

    <p class='ocr_par' dir='ltr' id='par_1_10' title="bbox 1119 1743 1943 4624">
     <span class='ocr_line' id='line_1_72' title="bbox 1162 1743 1866 1822; baseline -0.001 -18"><span class='ocrx_word' id='word_1_378' title='bbox 1162 1745 1180 1817; x_wconf 66' lang='grc' dir='ltr'><strong>ἓ</strong></span> <span class='ocrx_word' id='word_1_379' title='bbox 1202 1745 1230 1804; x_wconf 83' lang='lat' dir='ltr'><strong>h.</strong></span> <span class='ocrx_word' id='word_1_380' title='bbox 1246 1743 1397 1806; x_wconf 85' lang='lat' dir='ltr'><strong>llaiorem</strong></span> <span class='ocrx_word' id='word_1_381' title='bbox 1410 1745 1542 1822; x_wconf 92' lang='lat' dir='ltr'><strong>insuper</strong></span> <span class='ocrx_word' id='word_1_382' title='bbox 1554 1743 1720 1806; x_wconf 88' lang='lat' dir='ltr'><strong>ecclesiam</strong></span> <span class='ocrx_word' id='word_1_383' title='bbox 1732 1743 1765 1804; x_wconf 92' lang='lat' dir='ltr'><strong>in</strong></span> <span class='ocrx_word' id='word_1_384' title='bbox 1778 1759 1866 1820; x_wconf 90' lang='lat' dir='ltr'><strong>prae-</strong></span> 
     </span>
     <span class='ocr_line' id='line_1_73' title="bbox 1123 1835 1943 1914; baseline 0.005 -18"><span class='ocrx_word' id='word_1_385' title='bbox 1123 1835 1183 1896; x_wconf 91' lang='grc'><strong>1313</strong></span> <span class='ocrx_word' id='word_1_386' title='bbox 1204 1835 1281 1896; x_wconf 87' lang='grc'><strong>16113</strong></span> <span class='ocrx_word' id='word_1_387' title='bbox 1309 1836 1460 1899; x_wconf 90' lang='lat' dir='ltr'><strong>Caesarea</strong></span> <span class='ocrx_word' id='word_1_388' title='bbox 1489 1838 1616 1898; x_wconf 89' lang='lat' dir='ltr'><strong>civitate</strong></span> <span class='ocrx_word' id='word_1_389' title='bbox 1645 1837 1777 1914; x_wconf 86' lang='lat' dir='ltr'><strong>positam</strong></span> <span class='ocrx_word' id='word_1_390' title='bbox 1806 1836 1865 1898; x_wconf 89' lang='lat' dir='ltr'><strong>sub</strong></span> <span class='ocrx_word' id='word_1_391' title='bbox 1941 1896 1943 1900; x_wconf 87' lang='lat'><strong>.</strong></span> 
     </span>
     <span class='ocr_line' id='line_1_74' title="bbox 1123 1929 1865 2008; baseline 0.001 -19"><span class='ocrx_word' id='word_1_392' title='bbox 1123 1930 1322 1992; x_wconf 85' lang='lat' dir='ltr'><strong>invocatione</strong></span> <span class='ocrx_word' id='word_1_393' title='bbox 1348 1930 1452 1994; x_wconf 90' lang='lat' dir='ltr'><strong>Sancti</strong></span> <span class='ocrx_word' id='word_1_394' title='bbox 1479 1931 1614 2008; x_wconf 92' lang='lat' dir='ltr'><strong>Philippi</strong></span> <span class='ocrx_word' id='word_1_395' title='bbox 1643 1929 1786 2006; x_wconf 78' lang='lat' dir='ltr'><strong>Apostoli</strong></span> <span class='ocrx_word' id='word_1_396' title='bbox 1808 1930 1865 1990; x_wconf 92' lang='lat' dir='ltr'><strong>im-</strong></span> 
     </span>
     <span class='ocr_line' id='line_1_75' title="bbox 1123 2023 1865 2100; baseline 0 -16"><span class='ocrx_word' id='word_1_397' title='bbox 1123 2029 1286 2100; x_wconf 90' lang='lat' dir='ltr'><strong>posterum</strong></span> <span class='ocrx_word' id='word_1_398' title='bbox 1321 2025 1491 2086; x_wconf 83' lang='lat' dir='ltr'><strong>extiturum</strong></span> <span class='ocrx_word' id='word_1_399' title='bbox 1525 2025 1675 2087; x_wconf 87' lang='lat' dir='ltr'><strong>ecclesiae</strong></span> <span class='ocrx_word' id='word_1_400' title='bbox 1704 2023 1865 2085; x_wconf 89' lang='lat' dir='ltr'><strong>cathedra-</strong></span> 
     </span>
     <span class='ocr_line' id='line_1_76' title="bbox 1123 2117 1864 2190; baseline 0 -12"><span class='ocrx_word' id='word_1_401' title='bbox 1123 2117 1160 2178; x_wconf 90' lang='lat' dir='ltr'><strong>lis</strong></span> <span class='ocrx_word' id='word_1_402' title='bbox 1180 2118 1306 2179; x_wconf 91' lang='lat' dir='ltr'><strong>honore</strong></span> <span class='ocrx_word' id='word_1_403' title='bbox 1336 2119 1536 2182; x_wconf 89' lang='lat' dir='ltr'><strong>cumulamus</strong></span> <span class='ocrx_word' id='word_1_404' title='bbox 1559 2127 1590 2180; x_wconf 93' lang='lat' dir='ltr'><strong>et</strong></span> <span class='ocrx_word' id='word_1_405' title='bbox 1614 2119 1800 2190; x_wconf 89' lang='lat' dir='ltr'><strong>attollimus,</strong></span> <span class='ocrx_word' id='word_1_406' title='bbox 1825 2119 1864 2178; x_wconf 92' lang='lat' dir='ltr'><strong>si-</strong></span> 
     </span>
     <span class='ocr_line' id='line_1_77' title="bbox 1123 2210 1865 2287; baseline 0.003 -17"><span class='ocrx_word' id='word_1_407' title='bbox 1123 2210 1255 2286; x_wconf 90' lang='lat' dir='ltr'><strong>mulque</strong></span> <span class='ocrx_word' id='word_1_408' title='bbox 1271 2229 1304 2272; x_wconf 93' lang='grc'><strong>16</strong></span> <span class='ocrx_word' id='word_1_409' title='bbox 1320 2228 1355 2273; x_wconf 89' lang='grc'><strong>63</strong></span> <span class='ocrx_word' id='word_1_410' title='bbox 1371 2212 1492 2284; x_wconf 88' lang='lat' dir='ltr'><strong>sedem,</strong></span> <span class='ocrx_word' id='word_1_411' title='bbox 1516 2213 1697 2274; x_wconf 89' lang='lat' dir='ltr'><strong>cathedram</strong></span> <span class='ocrx_word' id='word_1_412' title='bbox 1713 2229 1747 2272; x_wconf 91' lang='lat' dir='ltr'><strong>ac</strong></span> <span class='ocrx_word' id='word_1_413' title='bbox 1763 2211 1865 2287; x_wconf 90' lang='lat' dir='ltr'><strong>digni-</strong></span> 
     </span>
     <span class='ocr_line' id='line_1_78' title="bbox 1122 2305 1864 2386; baseline 0.003 -24"><span class='ocrx_word' id='word_1_414' title='bbox 1122 2309 1219 2363; x_wconf 90' lang='lat' dir='ltr'><strong>tatem</strong></span> <span class='ocrx_word' id='word_1_415' title='bbox 1242 2305 1456 2381; x_wconf 90' lang='lat' dir='ltr'><strong>pontificalem</strong></span> <span class='ocrx_word' id='word_1_416' title='bbox 1475 2321 1532 2382; x_wconf 91' lang='lat' dir='ltr'><strong>pro</strong></span> <span class='ocrx_word' id='word_1_417' title='bbox 1547 2323 1612 2366; x_wconf 92' lang='lat' dir='ltr'><strong>uno</strong></span> <span class='ocrx_word' id='word_1_418' title='bbox 1628 2305 1777 2386; x_wconf 89' lang='lat' dir='ltr'><strong>deinceps</strong></span> <span class='ocrx_word' id='word_1_419' title='bbox 1793 2305 1864 2382; x_wconf 93' lang='lat' dir='ltr'><strong>Epi-</strong></span> 
     </span>
     <span class='ocr_line' id='line_1_79' title="bbox 1121 2394 1863 2474; baseline 0.001 -19"><span class='ocrx_word' id='word_1_420' title='bbox 1121 2411 1216 2472; x_wconf 90' lang='lat' dir='ltr'><strong>scopo</strong></span> <span class='ocrx_word' id='word_1_421' title='bbox 1238 2394 1410 2472; x_wconf 83' lang='lat' dir='ltr'><strong>Algeriano</strong></span> <span class='ocrx_word' id='word_1_422' title='bbox 1433 2397 1656 2474; x_wconf 92' lang='lat' dir='ltr'><strong>nuncupando,</strong></span> <span class='ocrx_word' id='word_1_423' title='bbox 1681 2397 1735 2472; x_wconf 93' lang='lat' dir='ltr'><strong>qui</strong></span> <span class='ocrx_word' id='word_1_424' title='bbox 1759 2396 1863 2458; x_wconf 88' lang='lat' dir='ltr'><strong>eidem</strong></span> 
     </span>
     <span class='ocr_line' id='line_1_80' title="bbox 1122 2489 1864 2560; baseline 0.001 -12"><span class='ocrx_word' id='word_1_425' title='bbox 1122 2489 1291 2560; x_wconf 90' lang='lat' dir='ltr'><strong>ecclesiae,</strong></span> <span class='ocrx_word' id='word_1_426' title='bbox 1316 2490 1434 2551; x_wconf 89' lang='lat' dir='ltr'><strong>civitati</strong></span> <span class='ocrx_word' id='word_1_427' title='bbox 1459 2497 1492 2551; x_wconf 93' lang='lat' dir='ltr'><strong>et</strong></span> <span class='ocrx_word' id='word_1_428' title='bbox 1514 2490 1651 2552; x_wconf 90' lang='lat' dir='ltr'><strong>dioecesi</strong></span> <span class='ocrx_word' id='word_1_429' title='bbox 1681 2490 1762 2552; x_wconf 90' lang='lat' dir='ltr'><strong>infra</strong></span> <span class='ocrx_word' id='word_1_430' title='bbox 1790 2491 1864 2550; x_wconf 88' lang='lat' dir='ltr'><strong>assi-</strong></span> 
     </span>
     <span class='ocr_line' id='line_1_81' title="bbox 1123 2583 1862 2662; baseline 0.001 -19"><span class='ocrx_word' id='word_1_431' title='bbox 1123 2583 1266 2658; x_wconf 88' lang='lat' dir='ltr'><strong>gnandae</strong></span> <span class='ocrx_word' id='word_1_432' title='bbox 1289 2583 1422 2659; x_wconf 89' lang='lat' dir='ltr'><strong>eiusque</strong></span> <span class='ocrx_word' id='word_1_433' title='bbox 1445 2585 1530 2645; x_wconf 86' lang='lat' dir='ltr'><strong>clero</strong></span> <span class='ocrx_word' id='word_1_434' title='bbox 1554 2591 1585 2644; x_wconf 90' lang='grc'><strong>61</strong></span> <span class='ocrx_word' id='word_1_435' title='bbox 1600 2584 1718 2662; x_wconf 89' lang='lat' dir='ltr'><strong>populo</strong></span> <span class='ocrx_word' id='word_1_436' title='bbox 1736 2584 1862 2661; x_wconf 88' lang='lat' dir='ltr'><strong>praesit,</strong></span> 
     </span>
     <span class='ocr_line' id='line_1_82' title="bbox 1121 2677 1864 2754; baseline 0.004 -19"><span class='ocrx_word' id='word_1_437' title='bbox 1121 2677 1280 2753; x_wconf 84' lang='lat' dir='ltr'><strong>synodum</strong></span> <span class='ocrx_word' id='word_1_438' title='bbox 1304 2685 1468 2748; x_wconf 81' lang='lat' dir='ltr'><strong>convocet,</strong></span> <span class='ocrx_word' id='word_1_439' title='bbox 1492 2695 1525 2740; x_wconf 90' lang='grc'><strong>36</strong></span> <span class='ocrx_word' id='word_1_440' title='bbox 1551 2679 1657 2740; x_wconf 91' lang='lat' dir='ltr'><strong>omnia</strong></span> <span class='ocrx_word' id='word_1_441' title='bbox 1679 2684 1711 2740; x_wconf 91' lang='lat' dir='ltr'><strong>et</strong></span> <span class='ocrx_word' id='word_1_442' title='bbox 1739 2678 1864 2754; x_wconf 87' lang='lat' dir='ltr'><strong>singula</strong></span> 
     </span>
     <span class='ocr_line' id='line_1_83' title="bbox 1121 2769 1863 2850; baseline 0.004 -22"><span class='ocrx_word' id='word_1_443' title='bbox 1121 2769 1200 2842; x_wconf 91' lang='lat' dir='ltr'><strong>iura,</strong></span> <span class='ocrx_word' id='word_1_444' title='bbox 1226 2771 1325 2831; x_wconf 88' lang='lat' dir='ltr'><strong>officia</strong></span> <span class='ocrx_word' id='word_1_445' title='bbox 1355 2779 1386 2831; x_wconf 91' lang='lat' dir='ltr'><strong>et</strong></span> <span class='ocrx_word' id='word_1_446' title='bbox 1408 2774 1516 2832; x_wconf 85' lang='grc'><strong>6111613</strong></span> <span class='ocrx_word' id='word_1_447' title='bbox 1538 2772 1724 2850; x_wconf 88' lang='lat' dir='ltr'><strong>episc-opalia</strong></span> <span class='ocrx_word' id='word_1_448' title='bbox 1754 2772 1863 2832; x_wconf 88' lang='lat' dir='ltr'><strong>habeat</strong></span> 
     </span>
     <span class='ocr_line' id='line_1_84' title="bbox 1121 2865 1865 2942; baseline 0.004 -20"><span class='ocrx_word' id='word_1_449' title='bbox 1121 2872 1215 2938; x_wconf 89' lang='lat' dir='ltr'><strong>atque</strong></span> <span class='ocrx_word' id='word_1_450' title='bbox 1238 2871 1396 2934; x_wconf 89' lang='lat' dir='ltr'><strong>exerceat,</strong></span> <span class='ocrx_word' id='word_1_451' title='bbox 1418 2865 1615 2942; x_wconf 84' lang='lat' dir='ltr'><strong>caeterisque</strong></span> <span class='ocrx_word' id='word_1_452' title='bbox 1632 2865 1865 2926; x_wconf 86' lang='lat' dir='ltr'><strong>cathedralibus</strong></span> 
     </span>
     <span class='ocr_line' id='line_1_85' title="bbox 1122 2958 1865 3035; baseline 0 -15"><span class='ocrx_word' id='word_1_453' title='bbox 1122 2965 1152 3020; x_wconf 90' lang='lat' dir='ltr'><strong>et</strong></span> <span class='ocrx_word' id='word_1_454' title='bbox 1164 2958 1398 3034; x_wconf 89' lang='lat' dir='ltr'><strong>pontificalibus</strong></span> <span class='ocrx_word' id='word_1_455' title='bbox 1414 2959 1571 3035; x_wconf 78' lang='lat' dir='ltr'><strong>insigniis</strong></span> <span class='ocrx_word' id='word_1_456' title='bbox 1587 2959 1722 3030; x_wconf 91' lang='lat' dir='ltr'><strong>iuribus,</strong></span> <span class='ocrx_word' id='word_1_457' title='bbox 1737 2959 1865 3020; x_wconf 90' lang='lat' dir='ltr'><strong>honori-</strong></span> 
     </span>
     <span class='ocr_line' id='line_1_86' title="bbox 1121 3052 1866 3129; baseline 0.004 -16"><span class='ocrx_word' id='word_1_458' title='bbox 1121 3053 1190 3123; x_wconf 91' lang='lat' dir='ltr'><strong>bus,</strong></span> <span class='ocrx_word' id='word_1_459' title='bbox 1209 3052 1480 3128; x_wconf 90' lang='lat' dir='ltr'><strong>praeeminentiis,</strong></span> <span class='ocrx_word' id='word_1_460' title='bbox 1499 3052 1617 3129; x_wconf 89' lang='lat' dir='ltr'><strong>gratiis,</strong></span> <span class='ocrx_word' id='word_1_461' title='bbox 1632 3053 1805 3126; x_wconf 86' lang='lat' dir='ltr'><strong>favoribus,</strong></span> <span class='ocrx_word' id='word_1_462' title='bbox 1819 3055 1866 3116; x_wconf 93' lang='lat' dir='ltr'><strong>in-</strong></span> 
     </span>
     <span class='ocr_line' id='line_1_87' title="bbox 1121 3145 1863 3224; baseline 0.001 -17"><span class='ocrx_word' id='word_1_463' title='bbox 1121 3146 1236 3218; x_wconf 88' lang='lat' dir='ltr'><strong>dultis,</strong></span> <span class='ocrx_word' id='word_1_464' title='bbox 1265 3145 1538 3208; x_wconf 90' lang='lat' dir='ltr'><strong>iurisdictionibus</strong></span> <span class='ocrx_word' id='word_1_465' title='bbox 1564 3155 1595 3208; x_wconf 90' lang='lat' dir='ltr'><strong>et</strong></span> <span class='ocrx_word' id='word_1_466' title='bbox 1617 3148 1863 3224; x_wconf 87' lang='lat' dir='ltr'><strong>praerogativis,</strong></span> 
     </span>
     <span class='ocr_line' id='line_1_88' title="bbox 1121 3239 1866 3316; baseline 0.003 -17"><span class='ocrx_word' id='word_1_467' title='bbox 1121 3239 1237 3315; x_wconf 92' lang='lat' dir='ltr'><strong>quibus</strong></span> <span class='ocrx_word' id='word_1_468' title='bbox 1259 3239 1403 3316; x_wconf 89' lang='lat' dir='ltr'><strong>reliquae</strong></span> <span class='ocrx_word' id='word_1_469' title='bbox 1425 3240 1621 3301; x_wconf 90' lang='lat' dir='ltr'><strong>cathedrales</strong></span> <span class='ocrx_word' id='word_1_470' title='bbox 1644 3240 1795 3302; x_wconf 90' lang='lat' dir='ltr'><strong>ecclesiae</strong></span> <span class='ocrx_word' id='word_1_471' title='bbox 1816 3257 1866 3301; x_wconf 90' lang='lat' dir='ltr'><strong>re-</strong></span> 
     </span>
     <span class='ocr_line' id='line_1_89' title="bbox 1122 3331 1865 3409; baseline 0.001 -17"><span class='ocrx_word' id='word_1_472' title='bbox 1122 3332 1175 3408; x_wconf 90' lang='lat' dir='ltr'><strong>gni</strong></span> <span class='ocrx_word' id='word_1_473' title='bbox 1208 3331 1381 3393; x_wconf 85' lang='lat' dir='ltr'><strong>Calliarum</strong></span> <span class='ocrx_word' id='word_1_474' title='bbox 1412 3348 1589 3409; x_wconf 90' lang='lat' dir='ltr'><strong>earumque</strong></span> <span class='ocrx_word' id='word_1_475' title='bbox 1617 3333 1782 3393; x_wconf 88' lang='lat' dir='ltr'><strong>Praesules</strong></span> <span class='ocrx_word' id='word_1_476' title='bbox 1812 3348 1865 3409; x_wconf 92' lang='lat' dir='ltr'><strong>po-</strong></span> 
     </span>
     <span class='ocr_line' id='line_1_90' title="bbox 1123 3425 1865 3504; baseline 0.001 -19"><span class='ocrx_word' id='word_1_477' title='bbox 1123 3426 1244 3486; x_wconf 91' lang='lat' dir='ltr'><strong>tiuntur</strong></span> <span class='ocrx_word' id='word_1_478' title='bbox 1271 3432 1302 3486; x_wconf 92' lang='grc'><strong>61</strong></span> <span class='ocrx_word' id='word_1_479' title='bbox 1325 3425 1464 3500; x_wconf 93' lang='lat' dir='ltr'><strong>gaudent</strong></span> <span class='ocrx_word' id='word_1_480' title='bbox 1491 3426 1680 3504; x_wconf 89' lang='lat' dir='ltr'><strong>(dummodo</strong></span> <span class='ocrx_word' id='word_1_481' title='bbox 1704 3441 1743 3486; x_wconf 92' lang='lat' dir='ltr'><strong>ex</strong></span> <span class='ocrx_word' id='word_1_482' title='bbox 1772 3442 1865 3502; x_wconf 90' lang='lat' dir='ltr'><strong>pecu-</strong></span> 
     </span>
     <span class='ocr_line' id='line_1_91' title="bbox 1120 3517 1865 3596; baseline -0.001 -17"><span class='ocrx_word' id='word_1_483' title='bbox 1120 3517 1189 3579; x_wconf 90' lang='lat' dir='ltr'><strong>liari</strong></span> <span class='ocrx_word' id='word_1_484' title='bbox 1211 3517 1337 3578; x_wconf 92' lang='lat' dir='ltr'><strong>indulto</strong></span> <span class='ocrx_word' id='word_1_485' title='bbox 1359 3533 1415 3577; x_wconf 90' lang='lat' dir='ltr'><strong>sen</strong></span> <span class='ocrx_word' id='word_1_486' title='bbox 1440 3518 1697 3596; x_wconf 59' lang='lat' dir='ltr'><strong>privilegienon</strong></span> <span class='ocrx_word' id='word_1_487' title='bbox 1720 3519 1783 3579; x_wconf 88' lang='lat' dir='ltr'><strong>sint</strong></span> <span class='ocrx_word' id='word_1_488' title='bbox 1806 3517 1865 3578; x_wconf 91' lang='lat' dir='ltr'><strong>eis-</strong></span> 
     </span>
     <span class='ocr_line' id='line_1_92' title="bbox 1120 3609 1865 3688; baseline 0.003 -18"><span class='ocrx_word' id='word_1_489' title='bbox 1120 3609 1193 3670; x_wconf 88' lang='lat' dir='ltr'><strong>dem</strong></span> <span class='ocrx_word' id='word_1_490' title='bbox 1206 3609 1379 3688; x_wconf 89' lang='lat' dir='ltr'><strong>attributa),</strong></span> <span class='ocrx_word' id='word_1_491' title='bbox 1390 3609 1486 3670; x_wconf 81' lang='lat' dir='ltr'><strong>simili</strong></span> <span class='ocrx_word' id='word_1_492' title='bbox 1499 3610 1667 3687; x_wconf 89' lang='lat' dir='ltr'><strong>apostolica</strong></span> <span class='ocrx_word' id='word_1_493' title='bbox 1680 3611 1865 3672; x_wconf 90' lang='lat' dir='ltr'><strong>auctoritate</strong></span> 
     </span>
     <span class='ocr_line' id='line_1_93' title="bbox 1121 3704 1865 3782; baseline 0.001 -17"><span class='ocrx_word' id='word_1_494' title='bbox 1121 3705 1276 3780; x_wconf 86' lang='lat' dir='ltr'><strong>erigimus</strong></span> <span class='ocrx_word' id='word_1_495' title='bbox 1293 3711 1324 3765; x_wconf 93' lang='lat' dir='ltr'><strong>et</strong></span> <span class='ocrx_word' id='word_1_496' title='bbox 1338 3704 1546 3777; x_wconf 88' lang='lat' dir='ltr'><strong>instituimus,</strong></span> <span class='ocrx_word' id='word_1_497' title='bbox 1565 3705 1729 3782; x_wconf 80' lang='lat' dir='ltr'><strong>ipsamque</strong></span> <span class='ocrx_word' id='word_1_498' title='bbox 1746 3705 1865 3782; x_wconf 88' lang='lat' dir='ltr'><strong>episco-</strong></span> 
     </span>
     <span class='ocr_line' id='line_1_94' title="bbox 1123 3796 1865 3874; baseline 0.001 -17"><span class='ocrx_word' id='word_1_499' title='bbox 1123 3797 1225 3874; x_wconf 89' lang='lat' dir='ltr'><strong>palem</strong></span> <span class='ocrx_word' id='word_1_500' title='bbox 1251 3797 1416 3858; x_wconf 91' lang='lat' dir='ltr'><strong>ecclesiam</strong></span> <span class='ocrx_word' id='word_1_501' title='bbox 1439 3797 1536 3858; x_wconf 90' lang='lat' dir='ltr'><strong>luliae</strong></span> <span class='ocrx_word' id='word_1_502' title='bbox 1557 3797 1728 3858; x_wconf 89' lang='lat' dir='ltr'><strong>Caesareae</strong></span> <span class='ocrx_word' id='word_1_503' title='bbox 1751 3796 1865 3858; x_wconf 88' lang='lat' dir='ltr'><strong>Sancto</strong></span> 
     </span>
     <span class='ocr_line' id='line_1_95' title="bbox 1121 3890 1864 3968; baseline 0.001 -18"><span class='ocrx_word' id='word_1_504' title='bbox 1121 3891 1265 3968; x_wconf 89' lang='lat' dir='ltr'><strong>Philippo</strong></span> <span class='ocrx_word' id='word_1_505' title='bbox 1278 3890 1430 3967; x_wconf 86' lang='grc'><strong>1111661616</strong></span> <span class='ocrx_word' id='word_1_506' title='bbox 1446 3892 1689 3968; x_wconf 90' lang='lat' dir='ltr'><strong>nuncupandam</strong></span> <span class='ocrx_word' id='word_1_507' title='bbox 1712 3892 1745 3952; x_wconf 96' lang='lat' dir='ltr'><strong>in</strong></span> <span class='ocrx_word' id='word_1_508' title='bbox 1761 3893 1864 3952; x_wconf 89' lang='lat' dir='ltr'><strong>cathe-</strong></span> 
     </span>
     <span class='ocr_line' id='line_1_96' title="bbox 1120 3984 1865 4061; baseline 0 -17"><span class='ocrx_word' id='word_1_509' title='bbox 1120 3985 1241 4045; x_wconf 88' lang='lat' dir='ltr'><strong>dralem</strong></span> <span class='ocrx_word' id='word_1_510' title='bbox 1269 3991 1305 4044; x_wconf 90' lang='lat' dir='ltr'><strong>ut</strong></span> <span class='ocrx_word' id='word_1_511' title='bbox 1332 3999 1426 4061; x_wconf 92' lang='lat' dir='ltr'><strong>supra</strong></span> <span class='ocrx_word' id='word_1_512' title='bbox 1460 3989 1598 4044; x_wconf 92' lang='lat' dir='ltr'><strong>erectam</strong></span> <span class='ocrx_word' id='word_1_513' title='bbox 1628 3984 1865 4061; x_wconf 87' lang='lat' dir='ltr'><strong>hrehiepiscopi</strong></span> 
     </span>
     <span class='ocr_line' id='line_1_97' title="bbox 1120 4077 1865 4155; baseline -0.003 -15"><span class='ocrx_word' id='word_1_514' title='bbox 1120 4077 1277 4155; x_wconf 73' lang='lat' dir='ltr'><strong>Aquensis</strong></span> <span class='ocrx_word' id='word_1_515' title='bbox 1291 4077 1526 4154; x_wconf 91' lang='lat' dir='ltr'><strong>metropolitico</strong></span> <span class='ocrx_word' id='word_1_516' title='bbox 1541 4077 1604 4140; x_wconf 90' lang='lat' dir='ltr'><strong>iuri</strong></span> <span class='ocrx_word' id='word_1_517' title='bbox 1619 4077 1806 4139; x_wconf 91' lang='lat' dir='ltr'><strong>subiicimus</strong></span> <span class='ocrx_word' id='word_1_518' title='bbox 1823 4085 1865 4138; x_wconf 91' lang='lat' dir='ltr'><strong>at-</strong></span> 
     </span>
     <span class='ocr_line' id='line_1_98' title="bbox 1120 4171 1864 4248; baseline 0 -16"><span class='ocrx_word' id='word_1_519' title='bbox 1120 4187 1182 4248; x_wconf 90' lang='lat' dir='ltr'><strong>que</strong></span> <span class='ocrx_word' id='word_1_520' title='bbox 1205 4171 1427 4248; x_wconf 92' lang='lat' dir='ltr'><strong>supponimus,</strong></span> <span class='ocrx_word' id='word_1_521' title='bbox 1445 4171 1549 4248; x_wconf 89' lang='lat' dir='ltr'><strong>iisque</strong></span> <span class='ocrx_word' id='word_1_522' title='bbox 1566 4171 1714 4232; x_wconf 90' lang='lat' dir='ltr'><strong>omnibus</strong></span> <span class='ocrx_word' id='word_1_523' title='bbox 1732 4171 1864 4232; x_wconf 80' lang='grc'><strong>116116-</strong></span> 
     </span>
     <span class='ocr_line' id='line_1_99' title="bbox 1121 4264 1864 4342; baseline -0.001 -15"><span class='ocrx_word' id='word_1_524' title='bbox 1121 4266 1227 4327; x_wconf 90' lang='lat' dir='ltr'><strong>lumus</strong></span> <span class='ocrx_word' id='word_1_525' title='bbox 1251 4264 1462 4336; x_wconf 90' lang='lat' dir='ltr'><strong>facultatibus,</strong></span> <span class='ocrx_word' id='word_1_526' title='bbox 1488 4266 1864 4342; x_wconf 79' lang='grc'><strong>616611166111116,11136-</strong></span> 
     </span>
     <span class='ocr_line' id='line_1_100' title="bbox 1119 4357 1864 4437; baseline 0 -17"><span class='ocrx_word' id='word_1_527' title='bbox 1119 4359 1272 4437; x_wconf 90' lang='lat' dir='ltr'><strong>rogativis</strong></span> <span class='ocrx_word' id='word_1_528' title='bbox 1285 4365 1317 4420; x_wconf 92' lang='grc'><strong>61</strong></span> <span class='ocrx_word' id='word_1_529' title='bbox 1330 4357 1466 4430; x_wconf 86' lang='grc'><strong>1111111116,</strong></span> <span class='ocrx_word' id='word_1_530' title='bbox 1485 4373 1565 4435; x_wconf 89' lang='grc'><strong>111136</strong></span> <span class='ocrx_word' id='word_1_531' title='bbox 1587 4359 1624 4420; x_wconf 80' lang='lat' dir='ltr'><strong>acl</strong></span> <span class='ocrx_word' id='word_1_532' title='bbox 1646 4365 1785 4420; x_wconf 88' lang='lat' dir='ltr'><strong>caeteras</strong></span> <span class='ocrx_word' id='word_1_533' title='bbox 1801 4359 1864 4420; x_wconf 91' lang='lat' dir='ltr'><strong>suf-</strong></span> 
     </span>
     <span class='ocr_line' id='line_1_101' title="bbox 1120 4452 1864 4530; baseline 0 -16"><span class='ocrx_word' id='word_1_534' title='bbox 1120 4453 1283 4529; x_wconf 90' lang='lat' dir='ltr'><strong>fraganeas</strong></span> <span class='ocrx_word' id='word_1_535' title='bbox 1306 4452 1570 4530; x_wconf 89' lang='lat' dir='ltr'><strong>metropolitanae</strong></span> <span class='ocrx_word' id='word_1_536' title='bbox 1592 4453 1750 4528; x_wconf 78' lang='lat' dir='ltr'><strong>Aquensis</strong></span> <span class='ocrx_word' id='word_1_537' title='bbox 1766 4454 1864 4514; x_wconf 89' lang='lat' dir='ltr'><strong>eecle-</strong></span> 
     </span>
     <span class='ocr_line' id='line_1_102' title="bbox 1119 4547 1782 4624; baseline 0 -17"><span class='ocrx_word' id='word_1_538' title='bbox 1119 4547 1179 4608; x_wconf 92' lang='lat' dir='ltr'><strong>sias</strong></span> <span class='ocrx_word' id='word_1_539' title='bbox 1202 4547 1365 4624; x_wconf 91' lang='lat' dir='ltr'><strong>pertinent</strong></span> <span class='ocrx_word' id='word_1_540' title='bbox 1379 4563 1412 4606; x_wconf 93' lang='lat' dir='ltr'><strong>ac</strong></span> <span class='ocrx_word' id='word_1_541' title='bbox 1435 4547 1599 4624; x_wconf 89' lang='lat' dir='ltr'><strong>pertinere</strong></span> <span class='ocrx_word' id='word_1_542' title='bbox 1620 4553 1782 4624; x_wconf 92' lang='lat' dir='ltr'><strong>poterunt.</strong></span> 
     </span>
    </p>

    <p class='ocr_par' dir='ltr' id='par_1_11' title="bbox 1119 4639 1865 5184">
     <span class='ocr_line' id='line_1_103' title="bbox 1159 4639 1864 4715; baseline 0.001 -15"><span class='ocrx_word' id='word_1_543' title='bbox 1159 4641 1177 4715; x_wconf 67' lang='grc' dir='ltr'><strong>ἓ</strong></span> <span class='ocrx_word' id='word_1_544' title='bbox 1197 4640 1226 4700; x_wconf 83' lang='lat'><strong>5.</strong></span> <span class='ocrx_word' id='word_1_545' title='bbox 1251 4639 1385 4700; x_wconf 85' lang='lat' dir='ltr'><strong>Fructus</strong></span> <span class='ocrx_word' id='word_1_546' title='bbox 1408 4646 1514 4700; x_wconf 90' lang='lat' dir='ltr'><strong>autem</strong></span> <span class='ocrx_word' id='word_1_547' title='bbox 1531 4639 1676 4700; x_wconf 90' lang='lat' dir='ltr'><strong>eiusdem</strong></span> <span class='ocrx_word' id='word_1_548' title='bbox 1699 4654 1864 4701; x_wconf 86' lang='grc'><strong>6613666-</strong></span> 
     </span>
     <span class='ocr_line' id='line_1_104' title="bbox 1119 4733 1865 4794; baseline 0 0"><span class='ocrx_word' id='word_1_549' title='bbox 1119 4734 1233 4794; x_wconf 90' lang='lat' dir='ltr'><strong>clesiae</strong></span> <span class='ocrx_word' id='word_1_550' title='bbox 1245 4733 1344 4794; x_wconf 91' lang='lat' dir='ltr'><strong>taxari</strong></span> <span class='ocrx_word' id='word_1_551' title='bbox 1356 4733 1393 4794; x_wconf 91' lang='lat' dir='ltr'><strong>ad</strong></span> <span class='ocrx_word' id='word_1_552' title='bbox 1407 4733 1544 4794; x_wconf 89' lang='lat' dir='ltr'><strong>florenos</strong></span> <span class='ocrx_word' id='word_1_553' title='bbox 1557 4749 1669 4794; x_wconf 90' lang='lat' dir='ltr'><strong>aureos</strong></span> <span class='ocrx_word' id='word_1_554' title='bbox 1682 4733 1721 4794; x_wconf 91' lang='lat' dir='ltr'><strong>de</strong></span> <span class='ocrx_word' id='word_1_555' title='bbox 1733 4733 1865 4794; x_wconf 87' lang='lat' dir='ltr'><strong>Camere</strong></span> 
     </span>
     <span class='ocr_line' id='line_1_105' title="bbox 1121 4826 1864 4903; baseline -0.001 -15"><span class='ocrx_word' id='word_1_556' title='bbox 1121 4833 1280 4888; x_wconf 90' lang='lat' dir='ltr'><strong>tercentos</strong></span> <span class='ocrx_word' id='word_1_557' title='bbox 1302 4826 1513 4903; x_wconf 90' lang='lat' dir='ltr'><strong>septuaginta,</strong></span> <span class='ocrx_word' id='word_1_558' title='bbox 1531 4834 1625 4903; x_wconf 88' lang='lat' dir='ltr'><strong>atque</strong></span> <span class='ocrx_word' id='word_1_559' title='bbox 1648 4826 1806 4888; x_wconf 91' lang='lat' dir='ltr'><strong>eiusmodi</strong></span> <span class='ocrx_word' id='word_1_560' title='bbox 1823 4834 1864 4888; x_wconf 91' lang='lat' dir='ltr'><strong>ta·</strong></span> 
     </span>
     <span class='ocr_line' id='line_1_106' title="bbox 1119 4918 1864 4996; baseline 0.001 -16"><span class='ocrx_word' id='word_1_561' title='bbox 1119 4936 1191 4980; x_wconf 90' lang='lat' dir='ltr'><strong>xam</strong></span> <span class='ocrx_word' id='word_1_562' title='bbox 1214 4919 1357 4981; x_wconf 93' lang='lat' dir='ltr'><strong>inlibris</strong></span> <span class='ocrx_word' id='word_1_563' title='bbox 1380 4918 1531 4980; x_wconf 90' lang='lat' dir='ltr'><strong>Camerae</strong></span> <span class='ocrx_word' id='word_1_564' title='bbox 1554 4918 1754 4996; x_wconf 82' lang='lat' dir='ltr'><strong>Apostolicae</strong></span> <span class='ocrx_word' id='word_1_565' title='bbox 1777 4927 1864 4982; x_wconf 83' lang='grc'><strong>6163-</strong></span> 
     </span>
     <span class='ocr_line' id='line_1_107' title="bbox 1119 5012 1864 5094; baseline 0.001 -20"><span class='ocrx_word' id='word_1_566' title='bbox 1119 5014 1164 5075; x_wconf 90' lang='grc'><strong>611</strong></span> <span class='ocrx_word' id='word_1_567' title='bbox 1186 5013 1321 5089; x_wconf 85' lang='lat' dir='ltr'><strong>Collegii</strong></span> <span class='ocrx_word' id='word_1_568' title='bbox 1345 5012 1482 5074; x_wconf 91' lang='lat' dir='ltr'><strong>describi</strong></span> <span class='ocrx_word' id='word_1_569' title='bbox 1498 5012 1760 5094; x_wconf 75' lang='lat' dir='ltr'><strong>volumusatque</strong></span> <span class='ocrx_word' id='word_1_570' title='bbox 1776 5029 1864 5091; x_wconf 91' lang='lat' dir='ltr'><strong>prae-</strong></span> 
     </span>
     <span class='ocr_line' id='line_1_108' title="bbox 1119 5107 1266 5184; baseline -0.014 -16"><span class='ocrx_word' id='word_1_571' title='bbox 1119 5107 1266 5184; x_wconf 91' lang='lat' dir='ltr'><strong>cipimus.</strong></span> 
     </span>
    </p>

    <p class='ocr_par' dir='ltr' id='par_1_12' title="bbox 1119 5199 1865 6019">
     <span class='ocr_line' id='line_1_109' title="bbox 1159 5199 1864 5275; baseline 0 -16"><span class='ocrx_word' id='word_1_572' title='bbox 1159 5199 1227 5275; x_wconf 60' lang='grc'><strong>16.</strong></span> <span class='ocrx_word' id='word_1_573' title='bbox 1252 5199 1316 5261; x_wconf 91' lang='lat' dir='ltr'><strong>lloc</strong></span> <span class='ocrx_word' id='word_1_574' title='bbox 1344 5201 1438 5261; x_wconf 90' lang='lat' dir='ltr'><strong>modo</strong></span> <span class='ocrx_word' id='word_1_575' title='bbox 1467 5205 1592 5260; x_wconf 89' lang='lat' dir='ltr'><strong>erectae</strong></span> <span class='ocrx_word' id='word_1_576' title='bbox 1622 5199 1793 5260; x_wconf 88' lang='lat' dir='ltr'><strong>cathedrali</strong></span> <span class='ocrx_word' id='word_1_577' title='bbox 1816 5216 1864 5260; x_wconf 94' lang='grc'><strong>66-</strong></span> 
     </span>
     <span class='ocr_line' id='line_1_110' title="bbox 1119 5292 1865 5369; baseline -0.001 -14"><span class='ocrx_word' id='word_1_578' title='bbox 1119 5294 1233 5355; x_wconf 89' lang='lat' dir='ltr'><strong>clesiae</strong></span> <span class='ocrx_word' id='word_1_579' title='bbox 1255 5292 1352 5354; x_wconf 86' lang='lat' dir='ltr'><strong>lullae</strong></span> <span class='ocrx_word' id='word_1_580' title='bbox 1367 5292 1550 5364; x_wconf 90' lang='lat' dir='ltr'><strong>Caesareae,</strong></span> <span class='ocrx_word' id='word_1_581' title='bbox 1569 5293 1637 5354; x_wconf 90' lang='lat' dir='ltr'><strong>sive</strong></span> <span class='ocrx_word' id='word_1_582' title='bbox 1652 5292 1811 5369; x_wconf 83' lang='lat' dir='ltr'><strong>Algeriae,</strong></span> <span class='ocrx_word' id='word_1_583' title='bbox 1830 5300 1865 5354; x_wconf 92' lang='lat' dir='ltr'><strong>ut</strong></span> 
     </span>
     <span class='ocr_line' id='line_1_111' title="bbox 1120 5385 1864 5464; baseline 0 -18"><span class='ocrx_word' id='word_1_584' title='bbox 1120 5387 1245 5464; x_wconf 90' lang='lat' dir='ltr'><strong>propria</strong></span> <span class='ocrx_word' id='word_1_585' title='bbox 1268 5385 1418 5463; x_wconf 90' lang='lat' dir='ltr'><strong>deinceps</strong></span> <span class='ocrx_word' id='word_1_586' title='bbox 1441 5386 1509 5446; x_wconf 88' lang='lat' dir='ltr'><strong>eius</strong></span> <span class='ocrx_word' id='word_1_587' title='bbox 1539 5385 1680 5448; x_wconf 88' lang='grc'><strong>1161161111</strong></span> <span class='ocrx_word' id='word_1_588' title='bbox 1710 5387 1864 5448; x_wconf 90' lang='lat' dir='ltr'><strong>dioecesis</strong></span> 
     </span>
     <span class='ocr_line' id='line_1_112' title="bbox 1121 5480 1865 5557; baseline 0.001 -17"><span class='ocrx_word' id='word_1_589' title='bbox 1121 5480 1290 5551; x_wconf 89' lang='lat' dir='ltr'><strong>tribuatur,</strong></span> <span class='ocrx_word' id='word_1_590' title='bbox 1304 5481 1494 5540; x_wconf 89' lang='lat' dir='ltr'><strong>universum</strong></span> <span class='ocrx_word' id='word_1_591' title='bbox 1513 5480 1723 5552; x_wconf 90' lang='lat' dir='ltr'><strong>territorium,</strong></span> <span class='ocrx_word' id='word_1_592' title='bbox 1737 5495 1800 5557; x_wconf 95' lang='lat' dir='ltr'><strong>quo</strong></span> <span class='ocrx_word' id='word_1_593' title='bbox 1813 5497 1865 5541; x_wconf 91' lang='lat' dir='ltr'><strong>an-</strong></span> 
     </span>
     <span class='ocr_line' id='line_1_113' title="bbox 1119 5571 1864 5648; baseline 0.001 -16"><span class='ocrx_word' id='word_1_594' title='bbox 1119 5573 1205 5648; x_wconf 90' lang='lat' dir='ltr'><strong>tiqua</strong></span> <span class='ocrx_word' id='word_1_595' title='bbox 1227 5571 1478 5648; x_wconf 88' lang='lat' dir='ltr'><strong>componebatur</strong></span> <span class='ocrx_word' id='word_1_596' title='bbox 1500 5571 1669 5648; x_wconf 78' lang='lat' dir='ltr'><strong>digeriana</strong></span> <span class='ocrx_word' id='word_1_597' title='bbox 1686 5573 1773 5644; x_wconf 91' lang='lat' dir='ltr'><strong>ditio,</strong></span> <span class='ocrx_word' id='word_1_598' title='bbox 1791 5589 1864 5633; x_wconf 91' lang='lat' dir='ltr'><strong>cnm</strong></span> 
     </span>
     <span class='ocr_line' id='line_1_114' title="bbox 1120 5665 1864 5744; baseline 0.001 -18"><span class='ocrx_word' id='word_1_599' title='bbox 1120 5666 1262 5727; x_wconf 90' lang='lat' dir='ltr'><strong>ecclesiis</strong></span> <span class='ocrx_word' id='word_1_600' title='bbox 1285 5665 1362 5725; x_wconf 94' lang='lat' dir='ltr'><strong>inibi</strong></span> <span class='ocrx_word' id='word_1_601' title='bbox 1379 5665 1763 5744; x_wconf 57' lang='lat' dir='ltr'><strong>fortejexistentibuspro</strong></span> <span class='ocrx_word' id='word_1_602' title='bbox 1780 5666 1864 5727; x_wconf 90' lang='lat' dir='ltr'><strong>dioe-</strong></span> 
     </span>
     <span class='ocr_line' id='line_1_115' title="bbox 1119 5756 1864 5837; baseline -0.001 -16"><span class='ocrx_word' id='word_1_603' title='bbox 1119 5759 1182 5821; x_wconf 87' lang='lat' dir='ltr'><strong>cesi</strong></span> <span class='ocrx_word' id='word_1_604' title='bbox 1206 5759 1281 5820; x_wconf 91' lang='lat' dir='ltr'><strong>novi</strong></span> <span class='ocrx_word' id='word_1_605' title='bbox 1304 5758 1502 5836; x_wconf 86' lang='lat' dir='ltr'><strong>episcopatus</strong></span> <span class='ocrx_word' id='word_1_606' title='bbox 1524 5756 1688 5834; x_wconf 77' lang='lat' dir='ltr'><strong>ligeriani</strong></span> <span class='ocrx_word' id='word_1_607' title='bbox 1708 5765 1864 5837; x_wconf 90' lang='lat' dir='ltr'><strong>perpetuo</strong></span> 
     </span>
     <span class='ocr_line' id='line_1_116' title="bbox 1119 5853 1864 5929; baseline 0.001 -16"><span class='ocrx_word' id='word_1_608' title='bbox 1119 5853 1322 5914; x_wconf 89' lang='lat' dir='ltr'><strong>attribuimus</strong></span> <span class='ocrx_word' id='word_1_609' title='bbox 1339 5859 1370 5913; x_wconf 92' lang='lat' dir='ltr'><strong>et</strong></span> <span class='ocrx_word' id='word_1_610' title='bbox 1385 5853 1601 5927; x_wconf 71' lang='lat' dir='ltr'><strong>assignamus,</strong></span> <span class='ocrx_word' id='word_1_611' title='bbox 1626 5853 1710 5928; x_wconf 94' lang='lat' dir='ltr'><strong>quod</strong></span> <span class='ocrx_word' id='word_1_612' title='bbox 1734 5853 1864 5929; x_wconf 86' lang='lat' dir='ltr'><strong>quidem</strong></span> 
     </span>
     <span class='ocr_line' id='line_1_117' title="bbox 1121 5945 1862 6019; baseline 0 -11"><span class='ocrx_word' id='word_1_613' title='bbox 1121 5947 1331 6019; x_wconf 90' lang='lat' dir='ltr'><strong>territorium,</strong></span> <span class='ocrx_word' id='word_1_614' title='bbox 1350 5951 1381 6007; x_wconf 92' lang='lat' dir='ltr'><strong>et</strong></span> <span class='ocrx_word' id='word_1_615' title='bbox 1402 5947 1435 6006; x_wconf 94' lang='lat' dir='ltr'><strong>in</strong></span> <span class='ocrx_word' id='word_1_616' title='bbox 1457 5963 1495 6006; x_wconf 94' lang='lat' dir='ltr'><strong>eo</strong></span> <span class='ocrx_word' id='word_1_617' title='bbox 1512 5945 1687 6007; x_wconf 89' lang='lat' dir='ltr'><strong>existentes</strong></span> <span class='ocrx_word' id='word_1_618' title='bbox 1703 5946 1862 6018; x_wconf 90' lang='lat' dir='ltr'><strong>ecclesias,</strong></span> 
     </span>
    </p>
   </div>
   <div class='ocr_carea' id='block_1_9' title="bbox 1733 6096 1760 6137">
    <p class='ocr_par' dir='ltr' id='par_1_13' title="bbox 1733 6096 1760 6137">
     <span class='ocr_line' id='line_1_118' title="bbox 1733 6096 1760 6137; baseline -0.037 0"><span class='ocrx_word' id='word_1_619' title='bbox 1733 6096 1760 6137; x_wconf 65' lang='grc'><strong>16</strong></span> 
     </span>
    </p>
   </div>
   <div class='ocr_carea' id='block_1_10' title="bbox 0 0 2398 6980">
    <p class='ocr_par' dir='ltr' id='par_1_14' title="bbox 0 0 2398 6980">
     <span class='ocr_line' id='line_1_119' title="bbox 0 0 2398 6980; baseline 0 2"><span class='ocrx_word' id='word_1_620' title='bbox 0 0 2398 6980; x_wconf 95' lang='lat' dir='ltr'><strong> </strong></span> 
     </span>
    </p>
   </div>
   <div class='ocr_carea' id='block_1_11' title="bbox 1791 580 2088 644">
    <p class='ocr_par' dir='ltr' id='par_1_15' title="bbox 1791 580 2088 644">
     <span class='ocr_line' id='line_1_120' title="bbox 1791 580 2088 644; baseline -0.007 -8"><span class='ocrx_word' id='word_1_621' title='bbox 1791 580 1849 644; x_wconf 73' lang='grc'><strong>201</strong></span> <span class='ocrx_word' id='word_1_622' title='bbox 1900 585 1952 636; x_wconf 80' lang='lat' dir='ltr'><strong>An.</strong></span> <span class='ocrx_word' id='word_1_623' title='bbox 1968 585 1997 634; x_wconf 88' lang='lat' dir='ltr'><strong>C.</strong></span> <span class='ocrx_word' id='word_1_624' title='bbox 2021 583 2088 634; x_wconf 79' lang='lat'>1838</span> 
     </span>
    </p>
   </div>
  </div>
 </body>
</html>
