4770 6982
87 599 138 648 An.
154 599 183 646 d.
206 598 274 648 teto

109 744 252 790 Clausulas.

915 613 1090 660 GREGORIUS
1112 613 1163 660 ΡΡ.
1187 615 1252 662 xvt.

346 733 364 807 5
385 731 414 793 3.
439 731 510 794 Non
533 732 731 794 obstantibus
753 739 861 794 nostra
883 739 915 794 et
936 732 1057 794 cancel-

306 825 402 886 lariae
425 826 615 904 apostolicae
637 826 750 903 regula
772 827 811 888 do
826 826 896 887 iure
913 825 1057 902 quaesito

303 935 371 980 non
394 919 549 1000 tollendo,
573 919 707 996 aliisque
727 919 1009 982 constitutionibus
1026 925 1058 981 et

307 1013 559 1076 ordinationibus
578 1013 769 1092 apostolicis,
788 1013 987 1090 caeterisque
1004 1029 1057 1074 01-

306 1121 415 1182 pressa
437 1108 602 1169 mentione
621 1107 726 1184 dignis
742 1106 909 1169 contrariis
927 1106 1057 1184 quibus-

307 1215 456 1278 cumque.

345 1295 459 1359 Datum
481 1295 600 1358 Romae
622 1297 704 1374 apud
728 1295 759 1358 S.
777 1297 909 1357 Petrum
930 1295 989 1358 sub
1006 1312 1057 1357 an-

306 1391 384 1452 nulo
406 1389 519 1476 Piscat,
535 1390 585 1452 die
606 1407 707 1452 xxvn.
726 1391 832 1454 martii
848 1406 1055 1462 noceamve,

306 1485 508 1563 pontificatus
530 1485 632 1546 nostri
653 1501 737 1546 anno
759 1502 824 1546 xvv.

611 1727 755 1790 CCLXV.
810 1717 812 1722 ¹

381 1864 533 1946 lopouiua
554 1881 700 1944 reportat,
724 1865 820 1926 100010
842 1863 981 1929 modicae,

421 1961 456 2022 111
478 1961 674 2024 eiectantem
698 1977 748 2040 cp.
773 1959 869 2038 cripit
889 1955 946 2038 (l).

481 2129 703 2198 cnfieonttts
726 2129 786 2196 ΡΡ.
812 2129 883 2194 xvv.

372 2259 375 2266 “
428 2255 464 2320 ad
488 2259 660 2338 perpetuam
687 2253 731 2317 rei
758 2250 938 2316 memoriam.

347 2389 395 2492 Ex
417 2430 525 2492 debito
547 2429 712 2507 pastoralis
729 2427 821 2490 officii
843 2442 981 2505 superna
1003 2425 1059 2487 Dei

310 2525 510 2602 providentia
533 2523 679 2585 lrumeris
697 2521 814 2583 nostris
836 2519 978 2598 impositi
994 2536 1059 2582 non

308 2617 381 2679 leve
409 2633 485 2678 30110
515 2631 596 2678 onus
626 2615 768 2678 ferentes
791 2614 831 2676 ob
858 2613 1060 2675 0111010001-

308 2712 393 2773 versi
416 2711 567 2772 dominici
591 2710 710 2786 gregis,
729 2708 792 2770 illis
809 2708 978 2786 praecipue
995 2708 1060 2770 ovi-

309 2805 379 2876 bus,
394 2820 475 2880 quae
487 2805 639 2881 regiones
650 2803 688 2864 ab
702 2803 758 2864 bac
771 2801 854 2864 Sede
866 2800 1056 2879 Apostolico,

308 2898 363 2959 ubi
385 2898 556 2960 catholicae
578 2904 726 2959 centrum
744 2902 793 2958 031
807 2896 948 2966 1111110113,
963 2895 1060 2972 longe

309 2992 433 3053 dissitas
456 2992 611 3062 incolunt,
626 2989 739 3051 maiori
756 2989 989 3051 consulendum
1013 3005 1060 3049 se-

309 3085 441 3146 dulitate
465 3101 645 3156 censemus
664 3083 746 3145 utin
764 3084 902 3144 adventu
923 3081 1060 3143 Pastoris

309 3178 432 3239 aeterni
464 3185 612 3256 repertae
645 3177 728 3238 intra
759 3191 877 3237 verum
908 3175 992 3237 ovile
1022 3176 1059 3236 ad

310 3288 422 3348 pascua
444 3272 595 3334 coelestia
617 3271 754 3333 feliciter
769 3269 902 3348 perduci
921 3270 1058 3332 valeant.

309 3364 417 3442 ltaque
440 3381 540 3443 quum
564 3364 656 3426 nobis
679 3371 882 3442 compertum
908 3361 1060 3426 fueritin

309 3458 454 3537 laponiae
484 3475 624 3536 regnum
654 3459 817 3536 operarios
846 3458 1058 3534 evangelicos,

309 3549 374 3611 Deo
396 3551 577 3622 adiuvante,
596 3551 702 3612 denuo
724 3549 932 3622 immittendi,
952 3555 983 3610 et
998 3549 1061 3610 col-

310 3642 412 3721 lapsae
429 3642 468 3704 ob
484 3643 659 3704 immanem
675 3642 933 3720 persecutionem
950 3641 1061 3703 10100-

310 3736 446 3798 tholicae
469 3737 653 3798 excitandae
667 3751 757 3813 spem
779 3734 1060 3811 adrisissetque

310 3846 349 3890 en
370 3830 486 3892 insulis
516 3829 738 3892 bicon-Kieon
768 3829 869 3906 magis
899 3844 993 3905 quam
1021 3845 1061 3890 ex

308 3922 453 3984 Goroano
465 3923 617 3986 vicariatu
630 3923 666 3983 ad
683 3922 763 3986 illud
780 3923 917 3984 adeundi
934 3922 1061 3985 faculta-

311 4022 374 4077 tem
397 4033 483 4078 nunc
503 4033 573 4078 sese
591 4017 723 4092 offerre3
746 4031 885 4092 cumque
900 4017 985 4078 inter
1002 4017 1062 4078 alia

309 4109 346 4170 ad
376 4110 561 4170 missionem
584 4109 684 4187 ipsam
706 4109 759 4170 vel
789 4109 826 4170 ab
853 4110 987 4171 exordio
1009 4110 1061 4170 111-

310 4201 405 4274 1111113,
430 4218 494 4279 quo
517 4203 588 4264 lieri
603 4203 711 4280 possit,
736 4203 961 4274 roborandam,
979 4203 1061 4264 eius-

311 4310 373 4370 que
395 4295 639 4357 necessitatibus
661 4313 694 4356 ac
717 4295 868 4374 periculis
891 4311 1061 4357 occurren-

310 4390 386 4450 dum
409 4389 625 4450 necessarium
644 4389 792 4451 videatur
814 4390 998 4452 Praesulem
1013 4389 1062 4450 illi

310 4483 483 4560 praeficere
516 4483 699 4544 charactere
729 4483 899 4561 episcopali
928 4483 1062 4560 insigni·

310 4581 390 4646 tum,
416 4591 473 4637 nos
496 4577 535 4637 de
557 4577 690 4638 consilio
719 4591 817 4638 venn.
842 4577 979 4638 fratrum
1007 4594 1061 4638 no-

309 4675 452 4730 strorum
486 4668 517 4731 S.
541 4669 576 4730 R.
608 4669 643 4731 Ε.
675 4669 892 4733 Cardinalium
922 4671 1061 4748 negotiis

310 4761 533 4841 Propagandae
559 4763 647 4825 Fidei
677 4765 935 4843 praepositorum
958 4781 997 4826 ex
1020 4764 1062 4826 la-

310 4857 423 4934 poniae
445 4856 557 4935 Regno
579 4874 642 4919 una
663 4874 736 4920 cum
754 4858 921 4936 praedictis
944 4857 1060 4920 lnsulis

310 4949 533 5012 bicon-Kieon
548 4951 683 5028 aliisque
695 4951 912 5014 adiacentibus
926 4958 957 5014 et
969 4951 1062 5014 alteri

311 5043 448 5120 praesuli
466 5043 611 5106 nondum
627 5043 790 5117 subiectis,
812 5051 902 5106 motu
918 5044 1059 5122 proprio,

310 5143 397 5198 certa
418 5138 548 5200 scientia
565 5138 669 5214 dequo
684 5139 875 5216 apostolicae
897 5139 1062 5216 potestatis

311 5229 522 5309 plenitudine,
536 5231 723 5294 vicariatum
740 5241 839 5310 apost.
858 5232 1013 5309 erigimus
1031 5239 1063 5294 01

311 5325 537 5387 constituimus
559 5343 574 5386 a
595 5325 719 5387 bicario
742 5325 925 5403 Apostolico
947 5327 984 5388 ad
1008 5343 1063 5388 no-

311 5426 396 5481 strae
425 5426 457 5480 et
485 5426 610 5482 sanctae
641 5419 730 5480 Sedis
760 5417 869 5498 Apost.
893 5421 1063 5482 arbitrium

315 5513 579 5590 gubernandum:
612 5515 824 5576 decernentes
853 5514 909 5577 bas
941 5515 1062 5576 litteras

313 5608 432 5681 firmas,
456 5609 576 5670 validas
592 5616 624 5670 et
649 5609 790 5670 eflicaces
813 5608 953 5670 01131010
969 5625 1003 5670 00
1018 5609 1063 5670 10-

312 5721 359 5778 10,
385 5720 525 5782 suosque
548 5704 708 5783 plenarios
725 5710 757 5765 et
771 5705 915 5780 integros
931 5705 1063 5766 effectus

312 5797 420 5860 sortiri
437 5805 469 5860 et
484 5798 642 5872 obtinere,
666 5805 760 5876 atque
783 5797 830 5871 iis,
844 5798 881 5860 ad
898 5814 978 5875 quos
994 5813 1063 5876 spe-

353 6015 382 6070 (tt
399 6013 461 6058 Vide
478 6013 545 6062 infra
560 6014 634 6060 Pium
651 6015 691 6058 lx.
707 6017 733 6056 et
748 6016 859 6058 Leonem
874 6015 938 6058 Xlll.

1113 739 1175 794 ctat
1196 749 1252 795 seu
1269 735 1424 812 spectabit
1438 733 1622 813 plenissime
1637 734 1817 810 suffragari,
1833 739 1865 794 et

1113 827 1151 890 ab
1177 828 1327 890 omnibus
1348 829 1577 891 inviolabiliter
1597 827 1779 902 observari;
1806 827 1864 888 sic·

1114 938 1178 999 que
1200 921 1232 982 in
1255 922 1436 1000 praemissis
1460 939 1517 1000 per
1540 935 1761 998 quoscumque
1784 919 1865 982 iudi-

1114 1031 1166 1076 ces
1190 1015 1367 1076 ordinarios
1390 1022 1422 1076 01
1443 1015 1617 1092 delegatos,
1640 1015 1735 1077 ctiam
1760 1031 1865 1076 causa-

1114 1124 1188 1170 rum
1204 1109 1309 1186 palatii
1325 1108 1489 1187 apostolici
1505 1110 1667 1171 auditores
1684 1116 1715 1170 et
1731 1107 1761 1171 S.
1776 1108 1811 1171 R.
1826 1109 1862 1170 E.

1114 1201 1307 1274 Cardinales,
1331 1202 1454 1265 sublata
1476 1204 1521 1264 eis
1544 1209 1710 1264 eteorum
1733 1203 1866 1265 cuilibet

1115 1296 1226 1372 quavis
1255 1295 1347 1357 aliter
1379 1295 1538 1358 iudicandi
1573 1303 1605 1356 et
1630 1296 1865 1374 interpretandi

1115 1389 1263 1452 facultate
1280 1397 1312 1450 et
1326 1389 1525 1460 auctoritate,
1542 1389 1674 1451 iudicari
1691 1397 1723 1452 et
1738 1391 1864 1452 definiri

1116 1483 1245 1555 debere,
1263 1501 1297 1546 ac
1318 1483 1447 1544 irritum
1460 1489 1492 1544 01
1503 1483 1609 1554 inane,
1623 1483 1649 1544 si
1661 1499 1753 1546 secus
1768 1501 1865 1562 super

1115 1577 1163 1638 liis
1179 1595 1195 1638 a
1211 1592 1372 1654 quoquam
1389 1576 1499 1652 quavis
1519 1576 1707 1638 auctoritate
1728 1577 1865 1638 scienter

1115 1671 1167 1732 vel
1192 1672 1381 1746 ignoranter
1403 1665 1575 1746 contigerit
1604 1666 1762 1730 attentari.
1794 1670 1865 1732 Non

1116 1765 1315 1826 obstantibus
1334 1770 1441 1825 nostra
1457 1769 1489 1824 et
1503 1762 1716 1826 cancellariae
1732 1765 1865 1842 Aposto-

1115 1858 1192 1919 licae
1208 1857 1321 1934 regula
1338 1857 1376 1918 de
1389 1856 1459 1917 iure
1476 1857 1618 1932 quaesito
1632 1873 1696 1918 non
1708 1857 1863 1930 tollendo,

1115 1951 1247 2028 aliisque
1264 1949 1547 2012 constitutionibus
1565 1955 1597 2010 et
1612 1949 1865 2012 ordinationibus

1115 2045 1304 2124 apostolicis,
1322 2043 1522 2120 caeterisque
1538 2059 1688 2121 expressa
1700 2045 1866 2106 mentione

1116 2139 1220 2214 dignis
1243 2137 1411 2200 contrariis
1433 2136 1703 2213 quibuscumque.

1156 2233 1269 2294 Datum
1291 2231 1411 2292 Romae
1432 2230 1514 2308 apud
1537 2229 1567 2291 S.
1586 2230 1716 2294 Petrum
1731 2232 1792 2294 sub
1813 2250 1866 2294 an-

1115 2327 1193 2388 nulo
1215 2327 1326 2388 Piscat.
1349 2324 1399 2386 die
1415 2341 1516 2384 xxviv.
1535 2324 1641 2386 martii
1657 2342 1863 2396 dccccxcvi..

1116 2419 1318 2497 pontificatus
1340 2416 1443 2478 nostri
1465 2431 1548 2477 anim
1570 2433 1636 2478 1111.

1371 2579 1610 2588 ....--.-——-

1413 2705 1569 2768 CCLXVl.

1116 2887 1307 2976 Prouincias
1345 2891 1550 2971 che-Kicnp
1582 2897 1611 2952 ct
1642 2888 1804 2968 Kiuop·Si
1831 2889 1866 2950 io

1157 2981 1244 3044 Sinis
1265 2983 1301 3045 io
1322 2983 1401 3046 duos
1430 2985 1531 3047 vicar.
1556 3002 1607 3064 op.
1631 2982 1746 3045 diuidit
1770 2983 1867 3044 101010

1156 3076 1295 3139 modum.

1292 3247 1512 3317 onfieottttts
1535 3250 1595 3316 ΡΡ.
1620 3248 1691 3315 ltili.

1232 3371 1268 3436 ad
1292 3377 1468 3454 perpetuam
1492 3371 1534 3437 rei
1566 3371 1746 3437 memoriam.

1156 3545 1204 3606 lix
1227 3545 1335 3608 debito
1357 3547 1520 3625 pastoralis
1543 3547 1636 3609 officii
1658 3562 1796 3624 superna
1812 3545 1867 3608 [101

1116 3637 1317 3715 previdentia
1340 3639 1484 3702 ilumeris
1506 3640 1623 3702 nostris
1645 3639 1787 3716 impositi
1802 3655 1867 3701 non

1117 3732 1188 3794 leve
1213 3749 1288 3794 sane
1315 3750 1396 3795 onus
1425 3735 1567 3796 ferentes
1591 3734 1630 3795 ob
1660 3749 1769 3796 curam
1798 3734 1867 3794 11111-

1117 3827 1202 3887 10131
1225 3827 1376 3888 dominici
1400 3823 1519 3905 gregis,
1536 3828 1600 3890 illis
1617 3827 1785 3906 praecipue
1802 3827 1868 3888 ovi-

1117 3919 1187 3992 bm,
1202 3935 1283 3996 quae
1296 3921 1446 3998 regiones
1462 3921 1499 3982 ab
1512 3921 1569 3983 1100
1581 3920 1663 3983 Sede
1675 3921 1865 3999 Apostolica,

1117 4011 1173 4073 ubi
1196 4013 1263 4074 catlv
1271 4013 1368 4075 olicae
1385 4021 1531 4076 centrum
1549 4021 1598 4076 031
1612 4015 1752 4087 1111110113,
1770 4015 1868 4091 longe

1117 4106 1240 4168 dissitas
1264 4106 1419 4179 incolunt,
1435 4108 1547 4168 maiori
1570 4108 1804 4170 consulendum
1821 4125 1868 4168 se-

1117 4199 1249 4261 dulitate
1273 4217 1453 4274 censemus,
1478 4201 1561 4263 utin
1577 4205 1716 4264 adventu
1732 4203 1868 4264 Pastoris

1117 4294 1255 4367 aeterni,
1279 4301 1427 4372 repertae
1450 4296 1533 4357 intra
1561 4311 1677 4357 verum
1700 4297 1800 4368 ovile,
1831 4297 1868 4358 ad

1117 4403 1230 4465 pascua
1253 4388 1402 4450 coelestia
1424 4389 1560 4452 feliciter
1576 4390 1707 4468 perduci
1729 4391 1865 4452 valeant.

1117 4481 1181 4543 lam
1203 4498 1282 4544 vero
1312 4498 1412 4559 quum
1436 4484 1489 4545 fel.
1518 4501 1581 4546 me.
1606 4485 1781 4564 Episcopus
1804 4485 1868 4564 lly-

1117 4575 1244 4648 riensis,
1262 4593 1295 4638 ac
1311 4577 1454 4639 Vicarius
1476 4577 1676 4657 Apostolicus
1693 4579 1869 4658 provincia-

1117 4683 1191 4730 rum
1205 4669 1406 4748 fobe-Kiang
1419 4677 1451 4732 et
1463 4671 1611 4749 lliang-Si
1623 4673 1656 4734 in
1666 4671 1759 4744 Sinis,
1774 4674 1868 4752 paulo

1118 4768 1288 4840 antequam
1308 4764 1471 4842 inopinato
1494 4773 1614 4829 eventu
1633 4783 1650 4828 e
1668 4767 1732 4828 vitu
1752 4767 1868 4844 migra-

1118 4862 1177 4928 ret,
1190 4857 1281 4918 nobis
1295 4861 1522 4944 exponendum
1536 4861 1706 4932 curaverit,
1717 4861 1755 4922 ad
1767 4861 1868 4939 magis

1118 4948 1319 5012 formandam
1341 4953 1661 5031 promovendumque
1680 4954 1867 5017 catholicam

1119 5059 1187 5104 rem
1204 5053 1483 5124 peropportunum
1500 5064 1569 5110 esse
1585 5055 1778 5110 memoratas
1796 5065 1867 5127 pro-

1118 5137 1238 5200 vincias
1251 5139 1407 5212 dividere,
1423 5157 1540 5218 easque
1556 5142 1588 5202 in
1607 5141 1686 5204 duos
1699 5143 1867 5204 vicariatus

1119 5232 1258 5309 erigere,
1278 5249 1417 5311 quorum
1434 5235 1515 5296 01101
1531 5235 1728 5314 provinciam
1745 5237 1866 5313 lliang-

1120 5326 1183 5390 Sia
1203 5344 1264 5406 qua
1280 5345 1400 5391 nomen
1422 5330 1589 5408 acciperet,
1608 5330 1689 5392 alter
1704 5346 1867 5408 1010010-

1119 5422 1255 5484 vinciam
1284 5422 1491 5500 che-lliang
1519 5424 1631 5485 eodem
1663 5423 1795 5486 nomine
1817 5440 1867 5502 ap-

1119 5515 1287 5594 pellandus
1310 5518 1592 5595 complecteretur,
1623 5517 1737 5580 additis
1761 5525 1867 5579 tamen

1120 5610 1194 5672 huic
1216 5611 1308 5672 alteri
1330 5611 1527 5673 districtibus
1549 5612 1731 5690 provinciae
1747 5613 1867 5689 lliang-

1121 5702 1196 5776 Son,
1221 5719 1338 5782 nempe
1362 5705 1706 5782 chang-tcbeo-Sou,
1727 5705 1868 5767 liin-Ko-

1119 5797 1294 5875 vey-llien,
1319 5796 1523 5878 On-fy-Kien
1539 5807 1571 5862 et
1589 5801 1866 5878 Kiang-in-biem,

1785 598 1843 660 359
1897 599 1949 649 An.
1964 600 1993 650 (1.
2017 600 2084 650 11146
