4828 6974
127 4087 333 4133 cnraPont.col·
390 4077 409 4150 ἓ

115 4141 165 4198 leg.
185 4144 249 4196 post
261 4141 334 4186 resti·

113 4199 205 4256 tutum
231 4195 333 4256 pontill-

114 4259 185 4294 erum
208 4257 331 4304 regimen.

964 601 1139 646 caesonius
1160 601 1212 646 ΡΙ).
1236 601 1301 646 XVI.

704 715 753 778 Gi.

359 900 531 982 Collegium
559 899 774 966 hibernorum
805 903 959 967 Urbiaca
983 903 1105 968 dioco-

396 995 489 1058 sione
521 995 679 1058 domicilio
713 997 873 1078 transfert
905 999 946 1061 od
977 995 1104 1060 domem

397 1093 426 1150 et
457 1089 607 1168 templum
636 1088 666 1150 S.
698 1089 843 1169 oporice
875 1092 909 1152 iro
942 1087 1101 1160 Saburra,
1128 1119 1129 1124 ι

396 1182 563 1260 attritosque
576 1199 672 1244 usum
686 1183 783 1244 eidem
799 1183 932 1263 Coliepio
949 1181 1101 1254 tribueres,

397 1276 483 1338 sulco
516 1280 622 1338 iontem
653 1277 724 1338 iore
752 1273 782 1337 S.
813 1275 850 1337 R.
876 1277 913 1339 ll.
948 1276 1104 1340 Gordiou-

398 1369 437 1430 iis
464 1367 600 1430 Diodori
627 1367 781 1431 Tituloris
799 1385 858 1450 pro
881 1375 1035 1450 tempore,
1067 1387 1104 1432 oc

396 1463 531 1524 serociis
566 1459 699 1544 Goiiepio
728 1463 906 1544 privilegiis
937 1463 1003 1526 iam
1031 1481 1103 1525 coo·

397 1572 499 1617 cessae.

526 1722 745 1792 caesonius
768 1723 829 1792 ΡΡ.
855 1725 927 1792 iiiii.

475 1847 512 1914 ad
534 1851 707 1930 perpetuam
731 1847 774 1913 rei
800 1847 980 1912 memoriam.

396 2026 569 2088 Romanam
591 2021 766 2085 Ecclesiam
788 2023 935 2085 omnium
958 2023 1103 2086 ecclesia-

356 2134 430 2181 rum
457 2125 595 2179 matrem
617 2121 649 2176 ei
669 2116 857 2193 magistram
875 2117 1028 2178 'maxime
1050 2117 1102 2178 de-

356 2219 416 2282 cet,
439 2217 476 2273 ut
496 2209 529 2272 in
544 2209 611 2288 ipsi
625 2207 724 2281 Urbe,
741 2209 775 2270 in
790 2223 852 2286 qua
866 2209 901 2270 b.
919 2209 1004 2272 Petri
1020 2208 1102 2287 Apo-

355 2305 513 2368 stolorum
541 2302 695 2380 Principis
724 2301 822 2364 Sedes
845 2303 946 2380 posita
967 2309 1026 2375 est,
1051 2317 1101 2380 pa-

356 2406 441 2462 teant
462 2395 631 2467 domicilia,
656 2395 694 2457 ad
716 2409 797 2472 quae
813 2411 853 2457 ex
869 2395 966 2472 longe
982 2395 1100 2457 dissitis

355 2489 542 2566 regionibns
563 2487 784 2550 adolescentes
806 2488 977 2560 ooniiuaut,
994 2487 1028 2548 in
1049 2488 1101 2549 iis-

356 2599 417 2661 que
432 2582 469 2644 ad
484 2580 693 2644 scientiarum
708 2579 822 2652 studia,
836 2581 873 2642 ad
890 2595 1021 2642 omnem
1036 2581 1101 2658 pie-

355 2683 451 2739 tatem
479 2683 575 2753 atque
607 2674 644 2736 ad
676 2673 924 2736 ecclesiasticum
957 2675 1101 2736 ministe-

354 2771 438 2832 rium
460 2769 522 2831 rite
544 2765 731 2830 obeundum
753 2766 982 2828 informentur.
1008 2765 1100 2830 Sum-

354 2878 486 2942 mopere
513 2860 600 2924 enim
629 2875 810 2937 congruum
840 2865 889 2920 est
909 2865 946 2920 ut
967 2860 1003 2922 ad
1026 2860 1100 2922 reli-

355 2958 484 3035 gionem
505 2953 741 3034 propagandam
770 2953 952 3015 sacerdotes
975 2953 1099 3031 proiici-

352 3056 479 3112 sr-antur
501 3064 541 3110 ex
563 3048 599 3109 ea
614 3045 700 3109 Urbe
715 3047 767 3108 cui
782 3045 925 3124 Apostoli
939 3053 1099 3125 acceptam

353 3161 369 3204 a
389 3141 517 3205 Christo
533 3140 711 3203 doctrinam
726 3139 857 3219 proprio
872 3140 1029 3217 sanguine
1046 3141 1100 3202 iir-

352 3242 469 3300 matam
489 3234 703 3296 tradiderunt.
727 3233 809 3294 llaec
824 3233 994 3311 praecipue
1010 3247 1099 3296 causa

352 3328 412 3391 init
431 3343 489 3390 our
503 3327 637 3390 Romani
651 3326 821 3388 Pontifices
837 3327 1099 3404 praedecessores

352 3421 453 3485 nostri
474 3421 559 3483 tanta
580 3419 784 3482 solicitudine
805 3419 959 3492 curarint,
983 3427 1020 3482 ut
1040 3420 1099 3483 Ro·

352 3531 421 3578 mae
442 3513 578 3591 collegia
600 3512 747 3590 gentium
774 3517 960 3574 exterarum
983 3513 1099 3590 quanta

352 3608 455 3688 potuit
481 3606 693 3686 amplitudine
721 3606 980 3680 instituerentur,
1004 3614 1099 3685 atque

352 3702 388 3764 iis
409 3699 588 3780 privilegiis
611 3705 816 3770 ornarentur,
837 3713 918 3776 quae
940 3699 978 3762 ad
999 3700 1099 3762 eccle·

350 3793 512 3856 siasticum
543 3792 760 3854 ministerium
792 3789 917 3853 utiliter
944 3793 977 3854 in
1000 3793 1099 3872 patria

352 3888 407 3950 sud
421 3886 622 3966 implendum
637 3885 855 3947 adolescentes
871 3884 1018 3948 alumnos
1034 3887 1099 3950 ido-

352 3995 428 4045 neos
450 3980 626 4043 efficerent.

432 4074 459 4135 l.
484 4071 693 4152 Perspicuum
712 4071 808 4134 huius
823 4087 918 4134 curae
934 4072 1098 4150 pastoralis

351 4172 580 4245 argumentum
603 4165 865 4245 praedecessores
888 4166 988 4228 nostri
1010 4167 1099 4227 exhi-

352 4263 504 4332 buerunt,
520 4272 595 4322 corn
609 4265 682 4337 post
701 4258 860 4337 publicam
876 4258 1005 4320 ditionis
1021 4273 1098 4337 pon·

351 4351 465 4417 tiliciae
486 4353 710 4424 calamitatem,
734 4363 816 4428 quae
837 4352 960 4414 recenti
977 4367 1098 4416 memo-

352 4447 397 4508 ria
418 4446 526 4509 nostra
547 4443 693 4522 contigit,
710 4443 805 4507 civile
827 4445 976 4522 regimen
996 4448 1098 4524 ponti-

352 4541 460 4602 ficium
488 4539 675 4601 restitutum
697 4544 757 4600 est.
781 4537 868 4600 inter
897 4545 1002 4602 catera
1024 4540 1098 4603 reli-

353 4633 455 4711 gionis
477 4633 632 4704 instituta,
650 4645 731 4709 quae
747 4631 937 4694 durantibus
953 4631 991 4694 iis
1006 4634 1098 4696 vicis-

351 4726 545 4789 situdinibus
574 4726 677 4788 iacere
709 4731 814 4788 coacta
842 4733 934 4798 sunt,
967 4741 1097 4791 omnem

352 4835 482 4899 operam
505 4818 751 4896 diligentissime
783 4817 954 4892 dederunt,
977 4826 1015 4881 ιιι
1035 4821 1098 4882 ool-

351 4915 435 4992 legia
456 4914 574 4975 iamdiu
596 4913 629 4974 in
650 4911 736 4974 Urbe
757 4912 883 4974 condita
902 4913 935 4974 in
951 4921 1097 4976 veterem

351 5007 558 5086 splendorem
590 5012 833 5067 revocarentur.
858 5003 931 5068 lale
954 5005 1014 5068 luit
1035 5007 1097 5069 col·

352 5101 475 5179 legium
488 5097 664 5162 Cardinalis
680 5097 834 5161 Ludoviei
850 5095 1014 5161 Ludovisii
1029 5115 1098 5162 mu-

351 5193 513 5256 nificentia
533 5192 756 5264 constitutum,
777 5192 862 5269 quod
884 5192 921 5253 ad
943 5191 1098 5255 Hiberno-

351 5301 425 5348 rum
440 5285 692 5349 adolescentium
704 5285 828 5347 doctam
841 5283 1098 5348 ecclesiasticam-

352 5395 415 5458 que
436 5380 675 5447 institutionem
697 5379 886 5458 pertineret.
908 5378 989 5440 Cum
1011 5381 1098 5442 enim

352 5474 432 5536 illud
447 5487 577 5551 quoque
597 5473 740 5534 clausum
756 5487 795 5534 eo
813 5477 958 5550 tempore
974 5472 1097 5546 luisset,

353 5581 458 5645 neque
488 5571 706 5645 opportunum
735 5565 913 5638 videretur,
942 5573 978 5628 ut
1005 5573 1099 5629 retus

352 5660 406 5722 illa
437 5659 570 5732 domus,
601 5673 696 5738 quam
728 5657 945 5721 Hibernenses
978 5659 1100 5722 alumni

353 5761 443 5816 antea
470 5753 684 5825 incoluerant,
708 5751 746 5815 ad
767 5753 895 5830 collegii
924 5753 1100 5816 restitutio·

353 5862 428 5908 nem
457 5845 677 5919 adhiberetur,
701 5845 754 5908 iel.
783 5861 848 5907 reo.
872 5846 1099 5925 praedecessor

353 5945 462 6002 noster
483 5939 548 6001 Leo
563 5938 628 6000 llll.
645 5938 799 6013 decrevit,
816 5945 853 6000 ut
866 5940 941 6002 satis
957 5940 1099 6020 amplum

1834 584 1890 646 ide

1162 717 1371 790 domicilium,
1396 719 1428 780 in
1450 733 1514 797 quo
1532 726 1624 781 antea
1638 717 1827 780 Ginnasium
1843 729 1910 780 mo·

1161 810 1294 872 nialium
1320 812 1512 874 coenobium
1535 819 1567 874 et
1588 812 1705 875 deinde
1733 811 1908 888 collegium

1161 904 1501 968 Umbro-Foroiulium
1523 905 1594 978 luit,
1612 905 1649 967 ad
1671 903 1841 967 Hiberniae
1857 921 1909 965 na-

1161 997 1256 1058 tionis
1276 995 1452 1074 collegium
1473 997 1594 1058 iterum
1612 997 1839 1059 stabiliendum
1857 996 1909 1058 de-

1160 1089 1345 1152 stinaretur.
1370 1085 1546 1153 Videbatur
1567 1091 1699 1168 quidem
1721 1090 1909 1152 commodae

1159 1182 1366 1246 alumnorum
1388 1184 1576 1246 habitationi
1602 1183 1667 1246 Leo
1688 1183 1754 1245 llll.
1778 1197 1909 1262 prospe-

1160 1277 1256 1338 xisse.
1281 1275 1344 1338 Sed
1366 1275 1446 1339 illuri
1467 1279 1590 1340 interea
1623 1277 1744 1350 deerat,
1768 1279 1854 1354 quod
1876 1278 1909 1340 in

1158 1366 1297 1448 collegio
1332 1370 1585 1432 adolescentium
1619 1370 1909 1432 ecclesiasticorum

1159 1463 1352 1526 institutioni
1382 1463 1540 1525 destinato
1570 1464 1750 1525 rrecessario
1772 1465 1908 1541 requiri-

1127 1615 1128 1622 ,
1159 1561 1224 1617 tur.
1248 1556 1493 1619 Desiderabatur
1516 1557 1604 1618 enim
1625 1562 1662 1617 ut
1680 1556 1840 1634 templum
1855 1557 1909 1619 ali-

1160 1649 1257 1725 quod,
1290 1649 1428 1726 collegio
1461 1647 1631 1721 adiectum,
1662 1649 1699 1711 ad
1732 1649 1909 1726 collegium

1159 1743 1265 1820 ipsum
1287 1743 1476 1821 pertineret,
1501 1743 1533 1804 in
1555 1755 1620 1820 qno
1636 1743 1732 1804 sacris
1747 1754 1909 1806 caeremo-

1160 1835 1220 1896 niis
1249 1835 1437 1898 exercendis
1466 1836 1588 1898 alumni
1617 1841 1749 1914 possent
1778 1853 1909 1916 operam

1160 1928 1246 1990 dare.
1260 1928 1293 1990 ld
1307 1936 1415 1990 autem
1430 1929 1523 1991 valde
1540 1929 1668 1992 difficile
1683 1935 1752 1992 erat
1768 1931 1906 2004 efficere,

1160 2035 1233 2084 oum
1256 2022 1414 2101 templum
1436 2021 1502 2085 Deo
1524 2023 1558 2084 in
1580 2019 1612 2084 S.
1631 2023 1745 2085 bucias
1761 2021 1908 2103 Martyris

1159 2115 1319 2178 honorem
1341 2116 1490 2190 dicatum,
1509 2123 1542 2178 et
1562 2116 1761 2180 Ginnasianis
1776 2115 1907 2181 aedibus

1159 2209 1355 2282 adiunctum,
1373 2226 1389 2270 a
1403 2210 1601 2289 presbyteris
1623 2211 1772 2273 Romanis
1785 2210 1906 2275 iamdiu

1159 2303 1333 2380 diligenter
1354 2309 1559 2381 procuretur.

1197 2397 1216 2470 θ
1237 2395 1266 2458 2.
1289 2394 1463 2474 Cupientes
1485 2396 1586 2473 igitur
1606 2411 1662 2460 nos
1679 2397 1754 2460 huic
1770 2399 1818 2461 rei
1833 2413 1906 2462 con-

1158 2487 1277 2561 sulere,
1301 2495 1334 2550 et
1355 2489 1452 2550 simul
1474 2489 1571 2550 animi
1593 2491 1696 2552 nostri
1719 2505 1795 2569 erga
1811 2492 1907 2555 colle-

1158 2581 1247 2658 gium
1260 2581 1478 2643 hibernorum
1493 2582 1636 2644 studium
1648 2584 1792 2660 quotidie
1805 2586 1906 2663 magis

1157 2675 1391 2746 demonstrare,
1409 2675 1580 2737 statuimus
1602 2676 1778 2754 collegium
1800 2677 1907 2756 ipsum

1157 2766 1218 2827 alio
1234 2766 1420 2839 transieras,
1439 2773 1534 2844 atque
1548 2768 1744 2846 prospicere,
1760 2777 1797 2832 ut
1813 2773 1907 2834 aedes

1155 2865 1241 2938 aptas
1270 2859 1351 2921 aeris
1380 2860 1567 2922 salubritate
1594 2869 1790 2941 opportunas
1812 2865 1907 2928 habe·

1155 2958 1216 3024 ret,
1241 2951 1356 3030 quibus
1389 2951 1549 3031 templum
1579 2953 1722 3018 additum
1744 2956 1796 3028 sit,
1820 2959 1907 3035 quod

1156 3045 1445 3108 ecclesiasticorum
1474 3046 1507 3108 in
1535 3047 1674 3125 collegio
1705 3062 1907 3114 commoran-

1155 3137 1238 3200 tium
1265 3151 1361 3200 curae
1392 3139 1664 3203 committeretur.
1695 3141 1777 3205 llaec
1800 3144 1907 3207 animo

1155 3232 1337 3304 volventes,
1361 3232 1454 3294 etde
1476 3232 1641 3310 implendo
1663 3235 1798 3298 consilio
1819 3253 1907 3300 ano·

1155 3325 1203 3388 bis
1224 3326 1304 3387 inito
1326 3325 1469 3387 studiose
1484 3325 1674 3403 cogitantes,
1689 3337 1833 3392 mentem
1850 3347 1907 3394 uo·

1154 3427 1252 3482 stram
1275 3420 1312 3483 ad
1334 3417 1580 3482 celeberrimam
1607 3419 1638 3482 S.
1664 3419 1806 3498 agathae
1829 3423 1907 3485 llar-

1155 3508 1235 3592 tyris
1258 3512 1425 3575 ecclesiam
1440 3512 1673 3585 convertimus,
1691 3527 1773 3591 quae
1789 3514 1908 3578 Gotho·

1155 3621 1229 3669 rum
1252 3613 1285 3668 et
1305 3605 1338 3667 in
1361 3604 1503 3668 Suburra
1523 3605 1607 3667 solet
1628 3607 1791 3685 appellari.
1815 3605 1907 3688 Opta-

1156 3700 1266 3762 bamus
1278 3699 1400 3761 dudum
1413 3699 1640 3772 vehementer,
1655 3701 1813 3779 templum
1826 3702 1907 3766 illud

1155 3799 1315 3856 vetustate
1338 3798 1370 3855 et
1391 3791 1500 3872 populi
1515 3792 1727 3855 veneratione
1743 3805 1908 3858 commen·

1156 3888 1276 3960 datum,
1300 3887 1386 3964 quod
1408 3885 1440 3948 S.
1464 3885 1640 3963 Gregorius
1670 3887 1738 3965 ipse
1760 3887 1905 3966 Magnus,

1156 3980 1247 4044 cuius
1262 3979 1424 4057 dignitatis
1440 3985 1473 4041 et
1487 3975 1627 4040 nominis
1643 3978 1719 4040 licet
1733 3979 1908 4044 immeren-

1155 4081 1204 4136 tes
1226 4087 1284 4135 nos
1312 4071 1467 4135 haeredes
1496 4085 1622 4145 sumus,
1646 4072 1684 4134 ab
1713 4072 1907 4137 arianorum

1155 4167 1321 4230 invasione
1336 4173 1509 4244 purgatum
1525 4165 1591 4228 lieo
1606 4171 1672 4244 opt.
1687 4181 1771 4228 max.
1785 4167 1905 4230 iterum

1155 4266 1406 4332 consecraverat,
1424 4259 1566 4322 assiduae
1588 4257 1791 4321 sacerdotum
1811 4274 1907 4325 curae

1940 563 1993 638 aa.
2009 587 2050 652 c„
2061 587 2129 639 ress

1932 2415 2139 2460 Translationcm

1927 2467 2027 2526 collegii
2051 2469 2140 2526 dispo-

1927 2523 1973 2568 nit.

1153 4353 1318 4426 tribuere,
1349 4352 1403 4430 qui
1433 4352 1616 4430 quotidiani
1648 4354 1827 4431 praesentit
1850 4355 1906 4417 sud
1952 4387 1958 4402 .

1155 4446 1198 4508 ibi
1228 4461 1314 4508 saera
1343 4446 1521 4508 ministeria
1549 4453 1754 4524 peragerent.
1787 4443 1907 4512 Notum

1156 4539 1242 4602 enirn
1266 4545 1314 4601 est
1337 4553 1376 4601 ex
1398 4539 1559 4616 quoinde
1581 4538 1732 4602 abierunt
1758 4543 1907 4604 monachi

1155 4631 1281 4696 Ordinis
1305 4631 1336 4694 S.
1356 4632 1521 4716 benedieti
1535 4631 1805 4710 Congregationis
1820 4634 1907 4698 Mon-

1156 4727 1194 4787 tis
1217 4723 1371 4803 Virginis,
1395 4723 1511 4801 quibus
1541 4724 1718 4802 Gregorius
1746 4721 1825 4788 Xlll.
1850 4727 1904 4789 iel.

1154 4835 1218 4881 rec.
1243 4819 1468 4897 praedecessor·
1490 4823 1601 4880 noster
1629 4817 1812 4896 apostolicis
1834 4819 1906 4882 lita·
2017 4815 2019 4822 ’

1155 4913 1208 4986 ris,
1222 4911 1446 4990 incipientibus
1459 4910 1630 4991 Ropimioi,
1644 4911 1706 4973 diei
1719 4925 1807 4974 xxiv.
1822 4925 1906 4974 mar-

1155 5007 1190 5068 tii
1205 5021 1360 5070 nonnum.
1378 5005 1459 5068 illud
1474 5004 1634 5084 templum
1650 5005 1835 5083 adiectaque
1852 5007 1906 5068 do-

1155 5099 1271 5162 micilia
1299 5099 1482 5172 tradiderat,
1507 5097 1730 5162 deficientibus
1760 5101 1906 5163 sacerdo·

1155 5192 1251 5264 tibus,
1276 5192 1330 5268 qui
1353 5191 1570 5269 quotidianam
1589 5192 1622 5254 in
1639 5209 1678 5255 eo
1693 5192 1815 5272 templo
1833 5211 1907 5273 ope·

1156 5299 1223 5347 ram
1245 5299 1336 5347 suam
1358 5285 1558 5358 adhiberent,
1583 5286 1724 5349 mulium
1747 5287 1786 5349 de
1801 5289 1906 5350 veteri

1156 5395 1232 5458 erga
1253 5379 1427 5456 Martyrem
1455 5379 1553 5452 illam,
1579 5380 1612 5440 in
1634 5381 1723 5442 cuius
1745 5381 1906 5444 bonorem

1156 5473 1356 5536 aedificatum
1388 5477 1456 5544 est,
1495 5471 1698 5535 observantia
1730 5473 1905 5536 remissum

1156 5569 1265 5630 inisse.
1284 5565 1403 5628 Laetati
1421 5565 1521 5642 igitur
1536 5565 1676 5629 maxime
1691 5581 1803 5629 sumus
1820 5567 1905 5630 obla-

1156 5667 1220 5722 tam
1243 5659 1334 5721 nobis
1351 5658 1550 5721 occasionem
1566 5658 1676 5732 luisse,
1694 5665 1730 5720 ut
1744 5658 1817 5721 initi
1831 5677 1906 5723 con·

1156 5753 1219 5816 silii
1234 5753 1424 5815 executione
1441 5753 1552 5830 templi
1568 5751 1717 5831 superius
1734 5755 1905 5816 memorati

1155 5847 1361 5927 splendorem
1377 5847 1600 5918 excitaremus,
1616 5853 1648 5908 et
1663 5846 1838 5925 collegium
1853 5847 1905 5910 lli-

1156 5942 1337 6015 berneuse,
1374 5939 1464 6002 ouius
1500 5938 1672 6003 utilitatem
1705 5955 1905 6020 magnopere
